3130 4980
649 265 777 319 Socratas.
1216 265 1269 327 1113

63 439 140 479 1948
217 424 262 488 Ib.
296 433 330 501 6,
363 433 413 490 13.
459 420 500 489 Εἰ
529 422 566 489 δέ
593 449 644 503 τις
674 423 763 512 αὐτῷ
792 421 869 513 περί
898 449 955 491 του
985 424 1145 512 ἀντιλέγοι
1166 427 1268 518 μηδὲν
1295 444 1393 490 inductio

149 525 229 611 ἐγων
259 529 363 618 σαφές
397 529 512 616 λέγειν,
547 521 622 596 ἀλλ’
647 530 720 598 ἀνευ
751 528 949 621 ἀποδείξεως
979 530 1051 621 ήτοι
1085 535 1268 624 σοφώτερον

148 636 284 725 φάσκων
305 628 388 703 εἶναι
411 634 447 703 ὃν
470 636 566 716 αὐτὸς
588 636 676 723 λέγοι
699 639 719 727 ἢ
742 639 995 727 πολιτικώτερον
1014 639 1267 730 ήάνδρειότερον

147 743 271 832 trotio
302 769 335 809 τι
366 757 430 809 τῶν
459 745 624 826 τοιούτων,
655 744 713 811 ἐπὶ
742 748 799 835 τήν
829 746 991 813 ὑπόθεσιν
1020 746 1198 836 ἐπανηγενῑ)
1228 750 1266 815 ἀν

147 850 259 916 πάντα
290 851 344 916 τδν
373 849 467 937 λόγον
496 847 558 917 ὧδε
586 873 673 930 πως·
727 862 777 918 14.
810 849 880 943 Φής
908 855 947 918 σὺ
978 851 1097 937 ἀμείνω
1127 852 1266 944 πολίτην

147 949 231 1024 εἶναι
253 953 288 1023 ὃν
311 959 350 1022 σὺ
372 956 517 1036 ἐπαινεῖς
540 961 560 1048 ἢ
582 955 618 1025 δν
641 957 718 1045 ἐγώ,
750 958 840 1048 Φημὶ
871 962 931 1046 γάρ
955 957 1017 1026 οὖν.
1069 957 1110 1026 Τί
1132 957 1186 1027 οὖν
1208 962 1266 1029 οὐκ

147 1063 249 1132 ἐκεῖνο
280 1077 411 1154 πρῶτον
439 1064 716 1155 ἐπεσκεψάμεθα,
746 1064 780 1132 τί
810 1066 898 1132 ἐστιν
927 1063 1019 1155 ἔργον
1042 1067 1173 1154 ἀγαθοῦ
1199 1095 1264 1135 πο-

145 1170 252 1254 λίσσας
281 1177 435 1256 Ποιῶμεν
457 1183 561 1240 τοῦτο.
611 1171 732 1240 Οἷίκουν
761 1172 794 1240 ἐν
823 1172 882 1258 μέν
907 1174 1079 1264 χρημάτων
1108 1175 1264 1266 διοικήσει

145 1276 282 1368 κρατοίη
306 1281 344 1344 ἀν
366 1280 384 1345 ό
404 1281 565 1369 χρήμασιν
587 1279 814 1368 εὐπορωτέραν
836 1295 942 1347 ποιῶν
957 1283 1014 1370 τήν
1030 1282 1146 1362 πόλιν,·
1169 1282 1262 1348 Πάνυ

142 1385 202 1470 μέν
225 1383 287 1468 οὖν,
311 1382 383 1475 ἐφη.
426 1376 477 1452 Ἐν
500 1386 536 1452 δέ
557 1411 592 1473 γε
615 1385 749 1474 πολέμῳ
773 1388 791 1454 ὁ
814 1386 1064 1476 καθυπερτέραν
1086 1401 1150 1454 τῶν
1172 1389 1262 1455 ἀντι-

143 1492 277 1574 πάλων,·
304 1497 385 1571 Πῶς
414 1495 475 1580 γὰρ
505 1492 560 1576 οίί,·
592 1482 643 1560 Ἐν
671 1493 707 1560 δέ
736 1493 893 1584 πρεσβείᾳ
923 1491 986 1584 ἀρα
1015 1492 1050 1573 ὃς
1080 1497 1118 1560 δν
1148 1493 1263 1584 φίλους

142 1599 215 1665 ἀντὶ
245 1596 412 1682 πολεμίων
441 1600 689 1689 παρασκευάζης
718 1598 867 1680 Εἰκότως
896 1625 940 1688 γε.
991 1601 1114 1670 Οόκουν
1142 1602 1199 1668 καί
1229 1602 1262 1669 ἐν

142 1703 324 1795 δημηγορίᾳ
363 1705 380 1771 ό
418 1706 547 1784 στάσεις
584 1731 619 1771 τε
656 1707 771 1772 παύων
813 1705 871 1773 καί
909 1708 1062 1792 ὁμόνοιαν
1099 1707 1263 1792 iunctos,-

133 1801 267 1898 ’Ἔμοιγε
290 1813 387 1878 δοκεῖ.
437 1814 529 1879 otro
552 1812 589 1878 δέ
610 1827 675 1878 τῶν
705 1815 807 1900 λόγων
835 1813 1085 1900 ἐπαναγομένων
1111 1813 1262 1894 καὶτοῖς

141 1918 360 2004 ἀντιλέγουσιν
389 1918 499 1998 αὐτοῖς
527 1922 666 2008 φανερὸν
693 1919 832 2007 ἐγίγνετο
862 1920 1014 2008 τάληθές.
1064 1929 1113 1987 15.
1138 1912 1262 1988 Ὁπότε

140 2026 178 2093 δέ
200 2026 297 2105 αὐτός
324 2051 358 2092 τι
387 2027 434 2113 τῷ
462 2027 547 2114 λόγῳ
570 2025 701 2108 διεξίοι,
731 2028 786 2094 διδ
814 2041 880 2093 τῶν
907 2028 1053 2111 μάλιστα
1084 2028 1260 2113 ὁμολογου-

139 2132 245 2216 μένων
268 2131 448 2221 ἐπορεύετο,
472 2131 608 2217 νομίζων
630 2135 749 2222 ταύτην
771 2133 953 2223 ἀσφάλειαν
975 2127 1057 2200 εἶναι
1081 2135 1185 2220 λόγον.

211 2290 240 2331 8.
265 2281 411 2347 Διαλέγειν
434 2277 504 2330 κατὰ
529 2281 593 2346 γένη
617 2276 658 2342 (cf.
678 2276 709 2344 5,
734 2277 779 2341 11)
797 2277 815 2330 i.
840 2293 862 2330 θ.
889 2284 1003 2331 σκοπεῖν
1027 2282 1056 2331 τί
1079 2277 1195 2331 ’ἕκαστον
1218 2283 1259 2345 εἴη

138 2377 194 2420 των
212 2369 298 2418 ὄντων
316 2366 352 2432 (6,
372 2365 413 2430 1);
431 2364 500 2418 unda
514 2364 615 2418 Socrati
633 2368 665 2418 τὸ
679 2369 831 2438 ὁρίσασθαι
845 2367 894 2432 τήν
909 2368 1006 2419 οὐσίαν
1021 2365 1156 2431 tribuitur,
1175 2365 1257 2420 Arist.

136 2455 169 2508 de
187 2455 261 2508 Part.
279 2453 329 2508 An.
349 2452 363 2507 1
381 2455 406 2508 1.
426 2453 499 2508 642⁸
516 2455 559 2508 26.

208 2560 239 2616 b.
257 2558 424 2631 Ἐπανόγειν
444 2561 541 2614 dicitur
559 2561 590 2614 da
608 2561 766 2628 inductione,
785 2578 851 2632 quaa
868 2561 1058 2616 recentioribus
1076 2561 1258 2632 appellabatur

136 2653 281 2720 ἐπαγωγή,
309 2650 341 2703 cf.
370 2649 421 2704 Cic.
440 2649 503 2719 Top.
522 2650 565 2704 42.
610 2649 684 2704 Scae
702 2651 775 2704 enim
792 2650 1004 2718 similitudines,
1037 2667 1109 2720 qaae
1137 2666 1169 2703 eo:
1191 2651 1257 2718 pio·

135 2740 215 2794 ribos
234 2739 429 2793 collationibus
443 2739 613 2808 pervenirent
632 2739 815 2808 querolum,
839 2739 888 2793 hoc
905 2739 999 2793 modo:
1024 2739 1057 2794 Si
1076 2745 1153 2794 tector
1176 2739 1258 2805 fidem

131 2834 280 2897 proestare
299 2827 384 2894 debet,
404 2828 429 2880 ei
446 2827 546 2894 socios,
564 2827 590 2882 si
609 2827 833 2894 easmandare,
852 2828 877 2882 si
895 2829 943 2895 qui
959 2828 1094 2895 fiduciam
1112 2829 1256 2896 acceperit,

135 2915 213 2970 debet
230 2917 316 2970 etiam
330 2920 508 2984 procurator.
539 2915 620 2969 Haec
638 2931 672 2970 ιω
685 2915 816 2984 pleribus
829 2917 994 2984 perveniens
1011 2933 1065 2985 quo
1083 2917 1144 2970 ooli
1162 2918 1256 2985 appel·

135 3005 214 3059 lotor
237 3005 379 3072 inductio,
406 3019 476 3072 quae
498 3019 596 3072 craece
614 3006 746 3074 ἐπαγωγὴ
762 3005 942 3071 nominator,
966 3022 1023 3073 quo
1042 3006 1198 3074 piscimam
1215 3011 1257 3059 est

134 3110 204 3148 uetes
221 3095 254 3147 ire
275 3093 446 3148 sermonibus
464 3092 598 3147 Socrates.
634 3093 674 3146 Da
691 3092 826 3146 Invent.I
850 3094 893 3146 61.
916 3123 951 3132 -
975 3095 1083 3148 Danau
1106 3098 1134 3148 et
1157 3095 1256 3162 origine

133 3182 214 3236 huius
232 3182 339 3236 termini
357 3182 388 3236 cf.
407 3181 589 3248 Teichmiiller,
607 3181 729 3236 Studien
746 3183 845 3252 403aq.

81 3411 123 3452 1ss
200 3397 298 3462 Arist.
314 3396 392 3460 Met.
408 3395 489 3459 XIII
512 3403 542 3460 4.
560 3395 731 3462 10781123.
753 3384 890 3473 Ἐκεῖνος
912 3396 943 3479 (δ
956 3393 1142 3483 Σωκράτης)
1165 3393 1254 3462 εὐλό-

132 3525 197 3587 γως
220 3501 324 3590 ἐζήτει
347 3501 385 3566 τδ
407 3497 442 3565 τί
463 3499 561 3566 ἐστιν.
607 3499 858 3586 συλλογίζεσθαι
881 3503 941 3589 γάρ
965 3501 1085 3590 ἐζήτει,
1114 3499 1193 3588 ἀρχή
1217 3500 1254 3568 δὲ

132 3622 197 3674 τῶν
219 3608 442 3692 συλλογισμῶν
465 3607 502 3672 τδ
523 3604 559 3672 τί
581 3605 676 3674 ἐστιν.
701 3645 744 3656 -
770 3643 811 3656 --
834 3608 890 3674 δύο
912 3609 973 3697 γάρ
997 3608 1085 3674 ἐστιν
1107 3608 1198 3684 ἅτις
1214 3608 1254 3672 ἀν

130 3711 278 3803 ἀποδοίη
303 3713 468 3801 Σωκράτει
491 3711 643 3794 δικαίως,
673 3714 747 3791 τοός
776 3703 808 3779 τ’
826 3713 1024 3793 ἐπακτικοὺς
1053 3712 1166 3798 λόγους
1196 3713 1254 3778 καὶ

130 3823 168 3888 τὸ
192 3818 368 3907 ὁρίζεσθαι
391 3820 554 3888 καθόλου·
584 3831 689 3886 ταῦτα
713 3821 773 3908 γάρ
803 3820 891 3888 ἐστιν
920 3820 1020 3910 ἀμιγω
1049 3817 1127 3905 περὶ
1156 3818 1256 3905 ἀρχὴν

129 3928 325 4016 επιστήμης.

49 4173 118 4214 rece
195 4158 294 4222 Arist.
318 4157 487 4222 athoud.
512 4157 575 4222 VII
593 4167 644 4226 13.
669 4157 775 4224 1246b
792 4165 843 4224 33.
888 4157 958 4223 Καὶ
981 4155 1096 4241 ὀρθῶς
1122 4152 1163 4216 τδ
1188 4155 1268 4214 Σω-
1308 4166 1435 4235 φρόνησις

127 4261 294 4351 κρατικόν,
317 4264 369 4329 ότι
384 4262 475 4330 οὐδέν
490 4259 690 4352 ἰσχυρότερον
704 4265 921 4352 φρονήσεωψ·
945 4250 1020 4328 ἀλλ’
1040 4259 1095 4324 ότι
1120 4253 1274 4338 ἐπιστή-

126 4395 190 4458 μην
213 4365 287 4459 iro
311 4368 369 4436 οὐκ
392 4367 501 4457 ὀρθόν.

979 4471 1041 4529 14*
