3146 4982
285 321 340 382 ’454
664 324 833 394 Philosophia
850 323 1034 378 Romanorum.

286 487 370 551 fesso
393 486 625 568 philosophiam
649 485 841 550 continentis
865 485 979 548 libros:
1009 483 1086 547 huic
1110 501 1235 565 quoque
1259 482 1339 546 dabo
1360 484 1412 546 lo-

287 612 376 658 cum:
406 593 477 656 vide
500 593 609 656 tamen
634 609 732 673 quam
754 591 874 654 multos
898 589 1068 654 antecedat
1091 589 1147 670 qui
1171 607 1190 652 a
1212 589 1315 653 tribus
1339 589 1413 653 vin·

286 699 368 763 citur
392 700 425 762 et
447 699 551 762 tribus
575 697 855 779 eloquentissimis.

355 835 384 876 a.
410 818 591 885 Quintilianus
615 837 674 873 oum
697 836 749 873 non
774 818 806 872 de
825 820 883 890 ipsa
900 819 1067 890 philosophia
1083 819 1217 889 loquatur,
1242 819 1289 872 sed
1307 819 1339 872 de
1357 820 1412 872 elo·

284 910 388 964 catione
416 909 643 980 philosophorum,
670 925 723 962 non
750 908 896 962 nominarit
922 909 959 963 M.
982 908 1184 962 Terentium
1207 907 1414 974 Varronem,

283 999 424 1054 maximum
443 998 510 1052 illud
528 998 680 1052 litterarum
697 997 874 1052 Romanarum
893 1013 960 1068 quaa
977 997 1006 1052 in
1024 1013 1087 1052 cura
1105 999 1133 1050 et
1151 997 1290 1066 diligentia
1307 997 1412 1066 poeltae

284 1090 361 1141 erant
386 1087 479 1153 decus,
506 1086 551 1156 qui
569 1085 728 1140 Antiochum
751 1102 804 1139 una
827 1102 886 1139 cum
905 1086 989 1140 Bruto
1012 1086 1150 1140 audiverat
1167 1085 1282 1139 Athenis
1306 1085 1411 1156 etipse

285 1176 316 1229 de
334 1175 500 1246 philosophia
519 1175 661 1244 scripserat
685 1191 743 1226 cunr
762 1175 827 1228 ahos
853 1177 911 1228 tum
935 1175 1104 1243 logistoricon
1122 1175 1217 1240 libros,
1247 1192 1269 1228 v.
1289 1173 1341 1228 Cic.
1360 1175 1410 1228 Ac.

283 1263 297 1316 Ι
323 1263 417 1329 4.12;
446 1264 479 1316 ad
498 1263 556 1316 Ate.
584 1261 650 1316 XIII
678 1263 721 1328 12,
739 1264 765 1316 3.
795 1263 838 1329 16,
867 1263 898 1329 13
927 1263 1069 1332 Augustin.
1089 1261 1143 1318 civ.
1168 1263 1201 1318 D.
1229 1263 1295 1316 XIX
1324 1265 1410 1330 1-3;

282 1351 397 1418 Ritechl,
415 1353 484 1406 Mus.
503 1352 587 1406 Rhen.
607 1351 644 1404 VI
662 1351 755 1418 (1848)
778 1369 803 1421 p.
822 1352 874 1406 481
883 1369 922 1422 sq.
941 1351 1048 1422 (Opusc.
1067 1351 1108 1405 111
1127 1352 1250 1422 419sq.).
1298 1353 1330 1406 In
1348 1369 1410 1423 psy-

283 1441 402 1508 chologia
424 1445 453 1494 et
478 1441 611 1509 theologia
628 1441 713 1508 magis
731 1440 833 1494 Stoicos
854 1444 961 1496 secutus
984 1444 1027 1496 est
1044 1457 1123 1510 quam
1141 1440 1317 1508 Academiam,
1336 1459 1360 1496 v.
1380 1442 1410 1496 Z.

282 1529 323 1585 III
342 1527 446 1583 1³672
458 1547 496 1600 sq.
512 1559 545 1568 -
564 1529 604 1582 De
622 1529 783 1582 Lucretio
802 1528 988 1594 Quintilianus·
1002 1530 1104 1584 dixerat
1121 1532 1150 1584 in
1167 1530 1266 1600 poetis:
1284 1531 1310 1584 X
1324 1532 1350 1597 1,
1364 1531 1413 1584 87.

354 1635 385 1690 b.
410 1636 450 1689 De
468 1636 553 1689 Bruto
571 1635 603 1690 cf.
623 1635 675 1692 Cio.
694 1635 751 1691 Fin.
770 1636 784 1688 I
802 1637 831 1702 8;
851 1637 927 1692 Tuae.
946 1637 970 1689 V
989 1639 1020 1704 13
1049 1636 1096 1691 Ao.
1115 1637 1129 1690 1
1147 1638 1195 1703 12;
1215 1637 1249 1690 ad
1267 1637 1327 1690 Att.
1341 1637 1411 1690 XIII

284 1726 327 1792 25,
346 1726 377 1790 3;
402 1724 473 1778 Plut.
492 1725 569 1780 Brut.
589 1727 614 1778 2.
651 1725 798 1796 Scripserat
816 1726 848 1780 de
867 1727 967 1780 virtute
986 1729 1014 1780 et
1033 1727 1064 1780 de
1083 1725 1182 1790 officiis,
1202 1726 1233 1778 cf.
1252 1725 1340 1779 Senes.
1359 1725 1411 1796 Ep.

285 1813 327 1880 95,
346 1814 382 1867 lo
400 1813 512 1868 Brutus
530 1814 562 1867 ic
576 1830 605 1868 eo
624 1813 703 1881 libro,
723 1830 801 1882 quem
819 1819 882 1888 περὶ
896 1817 1064 1882 καθήκοντος
1082 1814 1234 1882 inscripsit,
1254 1813 1306 1868 dat
1318 1815 1413 1868 multa

279 1908 432 1972 praecepta
450 1909 476 1956 et
493 1903 658 1972 pareatibus
677 1909 704 1958 et
722 1904 817 1958 liberis
835 1909 860 1960 at
878 1903 1026 1972 fratribus,
1045 1905 1077 1958 cf.
1094 1909 1139 1958 BP
1157 1904 1222 1958 455.

354 2023 380 2076 c.
408 2010 448 2062 De
466 2007 563 2064 Sexlir‘e
580 2027 604 2064 v.
623 2015 667 2064 lt?
685 2011 802 2081 459sq.,
827 2011 859 2064 de
884 2011 1004 2066 Cornelio
1023 2010 1099 2066 Celso
1118 2010 1229 2076 Quintil.
1253 2010 1280 2062 H
1300 2010 1343 2076 15,
1362 2011 1413 2064 22·

282 2098 322 2152 De
339 2100 435 2152 Plauto
453 2099 484 2152 cf.
505 2097 595 2163 Quint.
614 2099 641 2152 11
661 2100 703 2166 14,
722 2101 747 2154 2.
766 2099 807 2153 III
826 2101 851 2167 6,
870 2102 914 2155 23.
958 2101 1145 2170 Epicureorum
1162 2099 1328 2170 philosophia
1346 2103 1412 2154 ante

283 2187 430 2254 Catium,
460 2187 591 2242 Ciceronis
619 2189 768 2258 aequalem,
797 2192 826 2242 et
852 2190 1005 2243 Lucretium
1028 2190 1154 2244 Romanis
1181 2189 1334 2242 innotuerat
1360 2205 1413 2258 per

282 2275 490 2330 Amafinium
509 2279 537 2330 et
554 2277 744 2344 Rabirium,
763 2295 786 2332 v.
806 2283 850 2330 BP
868 2276 929 2332 447.
967 2278 1006 2332 De
1025 2278 1151 2332 Seneca
1168 2295 1191 2333 v.
1211 2281 1255 2330 BP
1272 2276 1334 2331 465.

354 2383 383 2437 d.
409 2383 449 2436 De
467 2383 614 2436 Fabiano
632 2383 786 2454 Papirio,
807 2384 918 2438 Senecae
935 2385 1066 2452 familiari,
1085 2385 1116 2438 cf.
1136 2383 1223 2438 Senec.
1243 2382 1365 2437 controv.
1380 2382 1412 2435 Π
1493 2394 1496 2400 ’

282 2471 362 2542 praef.
405 2471 432 2525 Z.
451 2469 546 2526 1111ε
565 2472 626 2526 677.
672 2472 764 2540 Hdfig,
794 2473 825 2526 de
853 2473 953 2543 Papirii
980 2473 1129 2544 philosophi
1155 2473 1210 2526 vita
1238 2471 1410 2540 scriptisque,

281 2560 393 2614 Vratisl.
422 2561 500 2616 1852.
546 2561 656 2615 Praeter
679 2578 738 2614 eum
763 2578 794 2616 ex
819 2563 971 2632 aequalibus
1002 2579 1019 2615 a
1042 2561 1140 2616 Seneca
1163 2559 1314 2614 nominatur
1342 2559 1411 2614 Me·

283 2652 416 2716 tronea,
440 2650 486 2719 qui
504 2649 695 2720 philosophiam
714 2651 804 2705 docuit
822 2650 940 2721 Neapoli,
960 2669 982 2705 v.
1002 2650 1050 2721 Ep.
1070 2652 1113 2716 76,
1132 2649 1204 2703 1-4
1221 2652 1249 2702 et
1267 2649 1310 2702 93.

154 2844 256 2896 aereae
351 2828 414 2894 Cic.
437 2829 529 2892 Tusc.
552 2828 599 2892 IV
626 2837 653 2893 6.
698 2828 812 2910 Itaque
836 2829 922 2892 illius
946 2847 1038 2892 verae
1063 2829 1280 2910 elegantisque
1304 2829 1461 2910 philo-4⁴²

284 2935 423 3016 sophiae,
440 2953 521 3015 quae
538 2933 634 2998 ducta
647 2953 666 2998 a
679 2934 808 2999 Socrate
824 2936 858 2999 in
870 2935 1091 3018 Peripateticis
1109 2935 1212 2999 adhuc
1227 2937 1408 3018 permansit

284 3043 316 3104 et
339 3040 423 3104 idem
448 3041 508 3104 alio
531 3041 624 3105 modo
648 3041 826 3106 dicentibus
852 3039 975 3119 Stoicis,
999 3061 1072 3106 oum
1088 3041 1270 3106 Academici
1284 3061 1408 3126 eorum

284 3147 513 3210 controversias
526 3146 748 3230 disceptarent,
764 3147 855 3212 nulla
870 3147 935 3212 fere
952 3149 1029 3212 sunt
1045 3151 1103 3212 aut
1118 3167 1220 3231 pauca
1233 3148 1408 3213 admodum

283 3251 398 3316 Latina
421 3256 638 3330 monumenta,
663 3255 728 3318 sive
751 3257 881 3338 propter
904 3253 1158 3336 magnitudinem
1181 3274 1290 3319 rerum
1314 3275 1408 3320 oocu-

282 3360 506 3442 pationemque
530 3359 696 3424 hominurn
720 3360 785 3424 sive
810 3361 908 3424 etiam
932 3359 1017 3442 quod
1039 3361 1195 3443 imperitis
1219 3379 1257 3425 ea
1277 3361 1410 3444 probari

154 3493 189 3522 a·
206 3481 257 3522 aas
283 3484 377 3547 posse
400 3485 464 3529 non
481 3465 735 3540 arbitrabantur;
759 3485 833 3530 cum
849 3466 979 3530 interim
996 3466 1059 3530 illis
1076 3466 1243 3531 silentibus
1261 3467 1295 3531 C.
1308 3471 1408 3531 Ama·

281 3570 377 3634 finius
401 3572 524 3635 exstitit
547 3570 663 3649 dicens,
687 3573 778 3636 cuius
801 3572 892 3636 libris
916 3572 1009 3637 editis
1040 3575 1200 3636 commota
1228 3574 1407 3638 multitudo

282 3677 419 3740 eontulit
442 3695 476 3740 se
501 3677 541 3740 ad
565 3696 635 3741 eam
658 3677 861 3760 potissimum
885 3678 1100 3761 disciplinam,
1136 3679 1201 3742 sive
1226 3679 1311 3760 quod
1336 3683 1408 3744 erat

282 3784 411 3864 cognitu
441 3782 602 3866 perfacilis
632 3785 698 3848 siue
730 3785 814 3865 quod
845 3785 1065 3850 invitabantur
1087 3785 1253 3862 inlecebris
1277 3786 1406 3866 blandis

282 3890 465 3973 voluptatis,
489 3890 554 3954 sive
578 3891 684 3967 etiam,
708 3891 783 3971 quia
803 3891 885 3954 nihil
901 3893 971 3956 erat
992 3893 1154 3974 prolatum
1176 3892 1301 3968 melius,
1324 3893 1407 3958 illud

281 3997 366 4077 quod
390 3999 459 4060 erat
482 3997 642 4060 tenebant.
690 4005 718 4062 7.
748 3995 826 4060 Post
845 3997 1044 4062 Amafinium
1067 3999 1176 4062 autem
1197 3999 1296 4062 multi
1320 4000 1406 4064 cius-

280 4102 355 4166 dem
379 4103 497 4168 aemuli
519 4103 652 4166 rationis
674 4103 779 4166 multa
802 4121 876 4166 cum
900 4104 1117 4186 scripsissent,
1145 4103 1277 4168 Italiam
1300 4107 1404 4170 totam

281 4211 531 4290 occupaverunt;
556 4209 704 4291 quodque
727 4227 914 4274 maxumum
938 4213 1164 4292 argumentum
1188 4212 1237 4274 est
1259 4229 1324 4275 non
1341 4212 1403 4277 dici

280 4311 338 4376 illa
362 4315 530 4392 subtiliter,
563 4315 648 4396 quod
672 4317 705 4380 ei
727 4317 796 4380 tam
818 4315 910 4380 facile
935 4316 1117 4381 ediscantur
1145 4319 1178 4381 et
1202 4317 1240 4382 ab
1264 4317 1401 4382 indoctis

279 4419 464 4500 probentur,
486 4421 519 4484 id
541 4419 589 4484 illi
611 4421 851 4486 firmamentum
875 4441 943 4487 csse
968 4423 1152 4506 disciplinae
1174 4425 1319 4506 putant·.
