3156 4988
648 343 749 412 Logica.
1210 341 1264 404 399

143 504 220 558 1879.
258 503 344 570 Stain,
373 503 400 556 d.
428 503 527 572 Psycln
557 503 583 557 d.
612 502 676 560 Stoa
705 503 747 557 ΙΙ.
793 504 837 558 Br.
863 503 903 556 ΠΙ
928 505 958 572 2,
982 505 1018 559 83
1029 522 1067 576 sq.
1111 505 1139 560 Z.
1163 503 1205 559 III
1230 504 1263 559 1⁸

141 593 276 648 63—106.

213 697 242 739 a.
266 657 342 750 Diog.
362 681 414 736 VII
433 681 468 738 42
486 687 532 736 nul
552 685 637 745 οὕτως
657 685 741 750 αὐτὴν
764 686 797 750 (τ.
818 683 999 750 διαλεκτικὴν)
1025 687 1174 756 ὁρίζονται,
1203 685 1263 738 ἐπι-

143 774 251 844 στήμην
269 773 379 838 ἀληθῶν
397 777 443 825 καὶ
463 773 576 838 ψευδῶν
593 777 640 826 καὶ
660 773 816 847 οὐδετέρων.
845 803 878 811 -
909 771 1030 827 cicun.
1048 771 1124 828 1117
1143 772 1264 827 Zenonis

141 865 190 925 est,
208 859 329 929 iuquam,
349 862 398 916 λιοο
416 859 515 916 Stoici:
535 877 636 916 omnem
655 861 707 914 cim
727 861 871 930 nocendi,
888 867 920 914 ut
937 862 991 916 iam
1010 867 1073 916 aute
1092 861 1263 926 Aristoteles,

141 951 172 1004 in
197 949 269 1004 duos
292 951 418 1005 tributam
443 967 500 1005 esse
524 956 631 1018 patics;
658 951 818 1006 rhetoricam
832 951 956 1019 pomum,
983 951 1152 1006 dialecticam
1172 949 1266 1020 pupni
1361 975 1367 996 -·

140 1038 255 1093 similem
273 1055 330 1094 esse
349 1039 469 1107 dicebat,
486 1040 560 1108 quod
578 1039 661 1094 latius
679 1040 853 1110 loquerentur
870 1041 1004 1108 rhetores,
1024 1039 1160 1094 dialectici
1176 1045 1265 1094 autem

141 1129 329 1196 compressius.
367 1127 405 1184 Cf.
425 1127 499 1184 Orat.
520 1130 580 1184 113.
617 1127 923 1196 enutrimenta,
944 1129 968 1184 7.
994 1129 1082 1184 Senes.
1101 1129 1147 1200 Ep.
1167 1130 1210 1198 89,
1230 1127 1267 1193 l'l¹

141 1218 229 1270 omnis
248 1218 335 1272 oratio
354 1223 404 1272 aut
422 1219 554 1272 continua
573 1223 613 1272 est
631 1225 680 1272 aut
698 1220 771 1272 inter
787 1213 994 1286 respondentem
1013 1223 1038 1272 et
1056 1219 1265 1288 intersecantem

141 1305 269 1360 discissa.
297 1307 369 1360 bana
394 1307 580 1376 διαλεκτικήν,
614 1307 688 1361 illam
713 1309 854 1381 ῥητορικὴν
874 1308 981 1376 placuit
1003 1309 1112 1363 vocari:
1140 1311 1266 1384 ῥητορικὴ

141 1395 224 1450 uerba
243 1401 325 1450 curat
344 1401 369 1451 et
387 1413 485 1452 seusus
503 1403 530 1451 et
547 1397 676 1451 ordinem.
695 1426 731 1434 -
758 1397 798 1450 De
817 1397 938 1450 veritatis
956 1397 1149 1466 cognoscendae
1167 1397 1265 1452 normis

142 1487 172 1538 et
196 1485 229 1538 de
252 1485 366 1539 visorum
390 1485 546 1540 differentiis
565 1486 731 1556 quaestiones
756 1485 876 1540 nonnulli
904 1486 1009 1556 quidem
1038 1485 1210 1542 adielectica
1228 1503 1267 1540 se·

144 1573 276 1644 parandas
294 1575 369 1644 eique
387 1575 597 1644 praemittendas
615 1591 673 1629 esse
691 1575 847 1642 censebant,
866 1575 898 1630 cf.
918 1575 1001 1629 Diocl.
1020 1575 1109 1644 Magn.
1128 1592 1169 1644 ap.
1188 1575 1266 1644 Diog.

142 1661 195 1716 VII
213 1662 248 1716 49
268 1665 375 1734 ἀρέσκει
395 1670 453 1724 τοῖς
472 1669 605 1726 Στωϊκοῖς
624 1667 672 1718 τὸν
691 1669 753 1735 περὶ
773 1669 932 1736 φαντασίας
956 1669 1003 1718 καὶ
1023 1667 1179 1732 αἰσθήσεως
1198 1685 1266 1736 προ-

145 1755 255 1806 τάττειν
272 1755 362 1822 λόγον,
382 1754 481 1806 καθότι
501 1756 532 1806 τὸ
550 1756 694 1826 κριτήριον,
715 1741 736 1824 ᾧ
754 1756 770 1820 ἡ
785 1756 901 1821 ἀλήθεια
921 1765 975 1808 τῶν
993 1757 1167 1829 πραγμάτων
1185 1755 1266 1823 γινώ-

145 1857 252 1905 σκεται,
281 1844 351 1896 κατὰ
378 1847 457 1912 γένος
485 1848 629 1912 φαντασία
654 1844 713 1897 ἐστὶ
738 1846 785 1896 καὶ
803 1844 903 1896 καθότι
923 1845 938 1895 ὁ
957 1847 1019 1914 περὶ
1039 1845 1267 1912 συγκαταθέσεως

144 1935 192 1983 καὶ
221 1934 236 1983 ὁ
260 1935 323 2004 περὶ
350 1933 528 1998 καταλήψεως
555 1937 602 1984 καὶ
626 1934 743 1998 νοήσεως
767 1934 848 2001 λόγος
873 1935 1005 2005 προάγων
1029 1943 1083 1984 τῶν
1106 1935 1194 1984 ἀλλων
1219 1933 1267 1986 οὐκ

145 2023 212 2072 ἀνευ
231 2025 388 2090 φαντασίας
403 2025 573 2074 συνίσταται.
594 2027 756 2094 προηγεῖται
770 2023 824 2094 γὰρ
842 2023 858 2086 ἡ
873 2025 1025 2090 φαντασία,
1046 2015 1102 2073 εἶθ’
1120 2022 1136 2086 ri
1154 2021 1267 2074 διάνοια

144 2110 302 2176 ἐκλαλητικὴ
322 2093 486 2182 ὑπάρχουσα
502 2110 517 2162 ὃ
531 2113 634 2180 πάσχει
656 2111 709 2162 ὐπὸ
723 2119 769 2176 τῆς
784 2115 949 2180 φαντασίας,
970 2119 1052 2162 τοῦτο
1066 2111 1173 2180 ἐκφέρει
1187 2110 1266 2178 λόγῳ.

145 2197 198 2250 Sed
216 2197 369 2266 plerumque
393 2197 421 2250 in
440 2215 469 2252 eo
488 2197 638 2250 dialecticae
662 2197 718 2251 loco
737 2198 936 2264 tractabantur,
965 2197 1010 2266 qui
1037 2200 1096 2250 erat·
1124 2203 1185 2271 περὶ
1214 2209 1268 2250 τῶν

145 2292 366 2366 σημαινομένων,
385 2287 416 2340 ei.
435 2285 511 2354 Diog.
530 2285 581 2338 VII
600 2287 643 2340 43.

217 2391 247 2446 b.
268 2391 429 2462 Chrysippus
448 2391 610 2446 dialecticam
629 2393 763 2446 dividebat
781 2393 808 2445 in
828 2394 876 2459 rip
895 2397 957 2466 περὶ
977 2398 1149 2464 σημαίνοντα
1173 2395 1201 2445 et
1220 2393 1268 2460 τήν

146 2487 209 2553 περὶ
233 2485 438 2554 σημαινόμενα,
467 2481 614 2550 Diog.V11
637 2482 686 2544 62;
714 2482 746 2534 ef.
773 2481 870 2534 Seneca
893 2480 941 2550 Ep.
960 2481 978 2534 l.
998 2481 1016 2534 l.
1053 2483 1210 2548 διαλεκτική
1236 2483 1267 2535 in

145 2570 218 2626 duas
242 2577 335 2640 portes
354 2571 501 2638 diuiditur,
526 2573 554 2625 in
574 2572 653 2624 uerba
673 2576 698 2626 et
716 2569 930 2639 sipnificatlones
947 2571 966 2623 i.
986 2589 1007 2626 e.
1026 2571 1058 2624 iu
1076 2585 1119 2624 res
1138 2587 1208 2638 quae
1227 2569 1268 2623 di·

144 2666 248 2714 cuntur
264 2665 290 2714 et
307 2661 438 2714 uocabula
456 2662 555 2729 quibus
574 2661 713 2714 dicuntur.
741 2661 840 2728 iupens
863 2659 961 2714 deinde
983 2659 1106 2728 sequitur
1124 2660 1269 2727 utriusque

145 2749 254 2804 divisio.
292 2747 407 2814 Quarum
426 2749 582 2804 divisionum
603 2753 631 2802 et
650 2749 856 2802 subdivisionum
875 2749 992 2818 exempla
1010 2751 1117 2802 exstant
1135 2765 1176 2817 ap.
1190 2747 1267 2816 Diog.

145 2837 198 2890 VII
215 2839 250 2891 43
261 2855 299 2907 sq.
320 2840 354 2892 63
364 2855 403 2908 sq.
1163 2852 1165 2854 ’

219 2957 245 3000 θ.
270 2943 308 3000 Cf.
328 2945 402 3012 Diog.
422 2945 473 2998 Vll
487 2947 521 2998 bl
542 2950 731 3020 προφέρονται
748 2946 802 3018 μὲν
820 2947 873 3017 γάρ
893 2949 922 2998 αἱ
942 2950 1040 3016 φωναί,
1060 2948 1168 3014 λέγεται
1187 2945 1268 2998 δὲτὰ

147 3038 311 3109 πράγματα,
331 3035 348 3086 ii
368 3036 466 3101 δήκαὶ
485 3037 565 3088 λεκτά
585 3035 722 3105 τυγχάνει.
743 3063 776 3072 -
803 3035 845 3088 63.
866 3039 938 3106 φασὶ
958 3035 988 3087 δὲ
1009 3036 1040 3086 τὸ
1058 3037 1180 3088 λεκτὸν
1198 3034 1269 3088 εἶναι

149 3128 180 3179 τὸ
198 3127 268 3179 κατὰ
289 3131 449 3196 φαντασίαν
473 3126 586 3194 λογικὴν
610 3126 807 3196 ὑφιστάμενον.
837 3150 871 3161 ·—
900 3134 953 3175 τῶν
978 3123 1009 3176 δὲ
1035 3123 1134 3176 λεκτῶν
1159 3123 1192 3176 tic
1216 3127 1270 3195 μὲν

147 3215 278 3286 λέγουσιν
301 3215 372 3268 εἶναι
397 3217 528 3281 αὐτοτελῆ
553 3217 580 3266 oi
599 3218 730 3276 Στωϊκοί,
758 3215 792 3265 rei
812 3209 841 3266 δ’
859 3215 961 3278 ἐλλιπῆ.
999 3214 1125 3278 ἐλλιπῆ
1149 3214 1202 3284 μὲν
1221 3209 1270 3266 οὐν

148 3307 208 3360 ἔστι
227 3309 261 3360 τὰ
281 3307 491 3377 ἀναπάρτιστον
509 3305 611 3373 ἔχοντα
630 3304 679 3368 τὴν
697 3304 826 3374 ἐκφοράν,
854 3297 915 3354 οἷον
935 3304 1052 3372 Γράφει·
1091 3303 1270 3374 ἐπιζητοῦμεν

149 3397 203 3470 γὰρ
232 3401 293 3460 Τίς;
322 3396 494 3460 αὐτοτελῆ
513 3389 543 3446 δ’
565 3395 624 3446 ἐστὶ
650 3394 684 3444 τά
709 3394 917 3464 ἀπηρτισμένην
941 3391 1042 3460 ἔχοντα
1068 3392 1116 3456 τὴν
1140 3393 1269 3464 ἐκφοράν,

39 3498 42 3505 “
149 3479 209 3538 οἷον
230 3487 334 3556 Γράφει
353 3485 504 3556 Σωκράτης.
533 3483 562 3535 έν
587 3482 640 3553 μὲν
666 3477 714 3533 οὐν
740 3487 797 3541 τοῖς
822 3482 944 3534 ἐλλιπέσι
969 3481 1072 3539 λεκτοῖς
1091 3485 1217 3533 τέτακται
1235 3481 1270 3532 τὰ

148 3575 379 3645 κατηγορήματα,
405 3574 435 3625 έν
454 3572 483 3626 δὲ
501 3577 562 3632 ,τοῖς
581 3571 740 3630 αὐτοτελέσι
759 3571 792 3622 τὰ
813 3571 957 3640 ἀξιώματα
975 3573 1021 3622 καὶ
1041 3571 1068 3622 οἱ
1087 3570 1271 3642 συλλογισμοὶ

148 3668 195 3717 καὶ
215 3665 249 3716 τὰ
268 3663 429 3734 ἐρωτήματα
447 3665 493 3714 καὶ
513 3662 546 3713 τὰ
566 3663 710 3730 πύσματα.
746 3659 859 3728 Propter
877 3657 988 3710 artificia
1007 3657 1143 3710 dialectica
1161 3657 1271 3726 aChry-

150 3751 225 3824 sippo
239 3750 405 3821 potissimum
420 3749 531 3816 excidia,
547 3749 642 3820 quibus
656 3747 813 3818 posteriores
825 3747 906 3800 Stoici
923 3746 997 3800 enixe
1012 3763 1117 3816 operam
1131 3747 1270 3812 navabant,

148 3843 182 3895 ab
201 3839 368 3894 inferioribus
386 3839 470 3905 (velut
488 3839 595 3892 aSexto
614 3837 754 3907 Empirico)
773 3837 894 3890 solebant
907 3835 1033 3907 appellari
1048 3839 1076 3889 ot
1090 3839 1270 3898 Διαλεκτικοί,

151 3931 224 3984 velut
248 3947 264 3982 a
289 3928 465 4000 superioribus
490 3927 615 3996 Megarici
639 3930 693 3994 (ar
712 3926 782 3992 222).
829 3925 850 3978 Ε
888 3925 1138 3978 commendabantur
1161 3925 1271 3976 maxime

149 4019 214 4072 haee
233 4019 323 4072 studia
342 4019 376 4071 ad
390 4017 536 4072 doctrinam
556 4016 659 4070 scholae
677 4019 769 4070 contra
787 4015 950 4068 adversarios
969 4013 1169 4068 defendendum:
1194 4011 1271 4080 Diog.

148 4107 201 4161 VII
228 4107 263 4161 45
296 4110 514 4180 εὐχρηστοτάτην
546 4107 580 4160 δέ
611 4124 699 4178 φασιν
731 4105 801 4159 εἶναι
829 4107 878 4170 τὴν
905 4109 968 4178 περὶ
996 4115 1049 4157 τῶν
1077 4105 1273 4174 συλλογισμῶν

149 4203 282 4270 θεωρίανΙ
303 4200 334 4250 τὸ
353 4199 407 4272 γάρ
422 4197 616 4250 ἀποδεικτικὸν
635 4197 790 4268 ἐμφαίνειν,
810 4194 878 4268 ὅπερ
893 4195 1102 4266 συμβάλλεσθαι
1117 4193 1189 4245 πολὺ
1204 4193 1272 4265 πρὸς

149 4287 305 4358 διόρθωσιν
323 4297 376 4338 τῶν
395 4287 552 4358 δογμάτων.

223 4393 253 4448 d.
279 4393 317 4448 Cf.
336 4393 411 4462 Diog.
430 4392 481 4444 VII
499 4391 614 4445 55-62.
650 4391 682 4444 R.
702 4389 835 4454 Schmidt,
861 4387 970 4442 Stoicos.
990 4385 1182 4453 Grammatica,
1210 4385 1273 4442 Hal.

150 4482 210 4538 Sex.
232 4483 308 4538 1839.
346 4481 486 4548 Steinthal,
506 4481 601 4536 Gcscb.
622 4480 648 4534 cl.
667 4479 857 4549 Spracliuiss,
877 4477 961 4530 Berol.
982 4477 1060 4542 1863,
1079 4475 1093 4528 Ι
1111 4475 1164 4531 265
1174 4491 1213 4544 sq.
