3148 4984
278 343 333 406 538
746 347 935 418 Neoplatonici.

279 510 356 584 ταῖς
377 505 410 572 ἐν
425 503 578 594 πολιτείᾳ
601 505 638 572 ού
660 508 699 572 τὸ
714 507 830 586 ἁπλῶς
846 507 963 588 διδούς,
988 505 1072 571 ἀλλὰ
1087 504 1283 592 προστιθεὶς
1301 507 1402 572 πολι-

280 612 376 690 τικάς
405 635 439 697 γε
446 663 455 694 ,
487 611 546 678 καὶ
576 611 718 694 ἀλλαχοῦ
739 613 922 702 καθάρσεις
944 611 1045 699 λέγων
1067 611 1223 690 άπάσαςλ
1247 612 1344 700 δῆλός
1365 611 1404 678 τέ

281 716 352 784 ἐστι
374 718 488 797 διττάς
511 717 620 798 τιθείς
642 718 700 785 καὶ
722 721 779 808 τὴν
802 717 958 803 ὁμοίωσιν
980 717 1017 785 ού
1041 720 1126 785 κατά
1148 720 1206 808 την
1228 720 1404 807 πολιτικὴν

279 822 397 903 τιθείς.
432 837 506 904 πῶς
522 822 575 892 οὖν
590 824 722 912 λέγομεν
743 827 866 906 ταύτας
888 826 1070 913 καθάρσεις
1093 823 1150 892 καὶ
1173 839 1247 904 πῶς
1269 831 1404 913 καθαρ-

279 929 394 1010 θέντες
426 931 572 1014 μάλιστα
606 932 828 1016 όμοισόμεθα,
861 934 882 1022 ἢ
911 931 1026 1021 ἐπειδὴ
1055 934 1140 1021 κακὴ
1173 929 1232 1016 μέν
1266 931 1355 1000 ἐστιν
1383 934 1404 1018 ἡ

280 1039 369 1126 ψυχὴ
392 1036 647 1126 συμπεφυρμένη
663 1037 711 1125 τηῖ
734 1039 864 1122 σώματι
879 1037 938 1106 καί
953 1039 1134 1128 ὁμοπαθὴς
1149 1037 1298 1127 γινομένη
1314 1036 1405 1123 αύτῷ

281 1142 338 1208 καὶ
361 1143 472 1210 πάντα
501 1144 757 1227 συνδοξάζσυσα,
789 1143 839 1235 εῖη
862 1147 902 1212 ἂν
924 1145 1035 1235 ἀγαθὴ
1058 1145 1116 1212 καί
1139 1145 1254 1234 ἀρετὴν
1276 1141 1403 1226 ἓγουσα,

281 1245 311 1315 εί
332 1251 413 1338 μήτε
434 1249 641 1334 συνδοξάζοι,
672 1251 756 1318 άλλὰ
778 1252 859 1342 μόνη
884 1251 1024 1341 ἕνεργοῖ·
1062 1251 1144 1341 ὅπερ
1169 1249 1239 1318 ἐστὶ
1262 1255 1345 1317 νοεῖν
1368 1275 1404 1316 τε

281 1355 337 1422 καί
360 1361 506 1444 φρονεῖν·
544 1359 625 1446 μήτε
654 1358 867 1448 ὁμοιοπαθὴς
895 1353 963 1448 εῖη·
1000 1359 1082 1447 ὅπερ
1111 1357 1182 1425 ἐστὶ
1209 1361 1403 1447 σωφρονεῖν·

280 1463 361 1550 μήτε
393 1468 532 1551 φοβοῖτο
562 1463 767 1554 ἀφισταμένη
790 1466 1041 1549 τοῦσώματος·
1076 1466 1157 1552 ὅπερ
1182 1463 1270 1532 ἐστὶν
1292 1463 1405 1551 άνδρί-

281 1568 418 1648 ζεσθαι·
440 1571 553 1657 ἡγοῖτο
577 1569 614 1636 δὲ
637 1570 731 1656 λόγος
753 1571 811 1637 καὶ
832 1583 912 1653 νοῦς,
936 1570 1038 1638 τὰδὲ
1059 1573 1106 1661 μὴ
1128 1569 1318 1638 άντιτείνοι·
1351 1573 1406 1637 δι-

280 1675 434 1764 καιοσύνη
465 1665 498 1741 δ)
518 1678 557 1742 όν
586 1675 636 1766 ε’ίη
666 1689 771 1745 τοῦτο.
816 1680 874 1767 τὴν
907 1679 947 1768 δὴ
982 1681 1135 1767 τοιαύτην
1165 1679 1318 1745 διάθεσιν
1346 1691 1406 1766 της

281 1793 402 1870 ψυχης,
437 1772 523 1849 καθ’
541 1781 578 1874 ἣν
607 1789 673 1850 νοεῖ
702 1809 738 1851 τε
766 1783 825 1851 καί
855 1785 995 1876 ἀπαθὴς
1024 1787 1126 1864 ούτως
1156 1783 1260 1866 ἐστίν,
1295 1782 1328 1850 εῖ
1353 1809 1407 1862 τις

281 1885 438 1972 ὁμοίωσιν
460 1888 549 1976 λέγοι
572 1893 657 1979 πρὸς
679 1891 767 1973 θεόν,
791 1890 849 1958 οὐκ
872 1893 911 1958 ἣν
933 1893 1134 1980 ἁμαρτάνοι·
1168 1893 1319 1979 καθαρὸν
1342 1892 1405 1977 γὰρ

281 1994 339 2060 καί
361 1996 400 2061 τὸ
421 2000 516 2062 θεῖον
539 1996 596 2063 καὶ
617 1996 793 2086 ἡένὲργεια
816 2000 962 2087 τοιαύτη,
985 2000 1030 2077 ὡς
1051 2001 1089 2065 τδ
1112 1999 1308 2082 μιμούμενον
1325 1993 1407 2078 ἓγειν

281 2101 464 2190 φρόνησινθ.

350 2227 430 2291 Enn.
454 2227 484 2290 V
510 2237 538 2306 3,
563 2238 592 2294 9.
642 2231 745 2316 Ψυχὴν
768 2226 838 2309 οὖν,
863 2231 907 2307 ὡς
930 2225 1030 2312 ἔοικε,
1059 2228 1177 2295 καὶτὸ
1202 2240 1307 2316 φυχῆς
1329 2227 1485 2292 θει-6813

284 2331 400 2398 ότατον
429 2334 573 2400 κατιδεῖν
603 2335 653 2400 δεῖ
682 2337 739 2402 τὸν
766 2335 927 2419 μέλλοντα
958 2347 1029 2402 νοῦν
1051 2331 1204 2402 τίσεσθαι
1228 2335 1247 2400 ό
1268 2359 1302 2398 τι
1324 2330 1406 2400 ε’στί.

283 2436 407 2523 γένοιτο
431 2429 462 2504 δ’
482 2440 520 2504 δν
542 2451 638 2507 τοῦτο
662 2437 743 2520 ἴσως
771 2441 828 2506 καὶ
850 2442 967 2530 ταύτῃ,
1002 2438 1032 2508 εί
1054 2440 1189 2529 ἀφίλοις
1213 2454 1345 2528 πρῶτον
1368 2442 1407 2506 τὸ

284 2557 379 2628 σῶμα
403 2544 472 2612 άπὸ
495 2556 553 2612 τοῦ
575 2545 754 2634 ἀνθρώπω
778 2547 837 2614 καὶ
860 2548 1007 2636 δηλονότι
1031 2559 1161 2628 σαυτοῦ,
1184 2540 1255 2613 εἶτα
1275 2546 1334 2612 καί
1349 2549 1407 2634 τὴν

284 2650 496 2718 πλάττουσαν
511 2663 607 2718 τοῦτο
624 2655 737 2742 ψυχήν,
761 2654 819 2720 καί
835 2656 892 2743 τὴν
908 2651 1067 2743 αῖσθησιν
1090 2653 1127 2720 δὲ
1149 2651 1183 2720 εδ
1205 2654 1305 2738 μάλα,
1329 2652 1407 2718 ἐπιὲ

283 2754 411 2840 θυμίας
426 2757 462 2824 δὲ
478 2757 535 2824 καί
552 2761 677 2842 θυμοὺς
693 2758 826 2838 καὶτὰς
845 2759 949 2838 άλλας
971 2763 1032 2838 τάς
1054 2760 1209 2838 τοιαύτας
1232 2757 1406 2847 φλυαρίας,

285 2863 329 2942 ὡς
352 2865 436 2949 πρὸς
455 2866 493 2931 τὸ
509 2867 629 2953 θνητὸν
652 2866 811 2947 νευούσας,
834 2865 892 2932 καὶ
915 2867 1012 2932 πάνυ.
1049 2869 1086 2933 τὸ
1110 2868 1148 2954 δὴ
1172 2867 1290 2932 λοιπὸν
1306 2864 1406 2953 αὐτῆς

284 2969 379 3034 τοῦτό
402 2968 498 3050 ἐστιν,
522 2967 540 3035 ὃ
563 2967 672 3038 εἰκόνα
695 2968 819 3060 ἔφαμεν
842 2983 898 3038 νοῦ
920 2968 1087 3058 σηίζουσάν
1110 2997 1143 3038 τι
1166 2986 1238 3060 φῶς
1253 2969 1405 3038 ε’κείνουᾶ.

353 3107 381 3146 ιι.
402 3091 440 3147 Of.
461 3093 530 3147 Plat.
549 3094 656 3149 Theaet.
676 3094 763 3150 176A
781 3101 824 3148 ΕΡ
843 3095 905 3150 271.

352 3197 383 3254 b.
403 3197 441 3254 Cf.
460 3199 559 3254 Phaed.
580 3201 661 3267 69B;
680 3201 810 3256 82A1u²
829 3203 905 3256 246b
924 3201 968 3256 fin.

353 3319 381 3363 υ.
401 3305 481 3360 Vides
500 3324 589 3360 omnes
603 3309 716 3362 virtutes
731 3309 846 3362 rovocari
865 3309 898 3362 ad
916 3310 989 3362 illam
1004 3326 1082 3380 quam
1101 3309 1156 3378 ipse
1177 3308 1242 3361 dicit
1260 3311 1406 3379 κάθαρσιν,

282 3412 334 3464 qua
352 3395 439 3448 anima
457 3396 595 3450 rationalis
615 3402 752 3466 separatur
770 3415 786 3450 ιι
800 3415 909 3468 corpore
928 3402 956 3451 et
970 3398 1002 3451 ab
1017 3397 1104 3450 anima
1117 3414 1176 3450 cum
1190 3413 1295 3466 corpore
1309 3397 1405 3448 mixta:

281 3481 348 3537 Enn.
367 3483 381 3536 I
400 3485 424 3551 6,
445 3486 461 3538 6
481 3487 613 3558 ἔστιγὰρ
633 3487 681 3554 δή,
707 3490 742 3547 ὡς
761 3490 776 3540 ὁ
795 3490 914 3547 παλαιὸς
932 3489 1021 3556 λόγος,
1041 3492 1086 3540 καὶ
1106 3489 1122 3552 ἡ
1141 3488 1307 3557 σωφροσύνη
1325 3491 1372 3538 καὶ
1390 3488 1405 3551 ἡ

282 3571 397 3644 ἀνδρεία
425 3578 471 3626 καὶ
500 3584 579 3627 πᾶσα
608 3576 689 3644 ἀρετὴ
715 3577 891 3648 κάθαρσις
918 3579 964 3629 καὶ
991 3577 1007 3642 ἡ
1032 3576 1163 3646 φρόνησις
1191 3577 1266 3641 αὐτή.
1286 3577 1355 3640 -ἡ
1374 3575 1406 3627 δὲ

282 3661 455 3732 φρόνησις
473 3663 566 3729 νόησις
580 3665 610 3716 ἐν
624 3665 791 3736 ἀποστροφῇ
811 3675 864 3716 τῶν
882 3667 963 3728 κάτω,
983 3666 1052 3736 πρὸς
1070 3664 1101 3717 δὲ
1121 3665 1155 3716 τὰ
1174 3668 1230 3716 άνω
1249 3665 1298 3730 τὴν
1313 3665 1407 3733 ψυχὴν

281 3753 398 3818 άγουσα.
436 3749 577 3803 Falluntur
595 3751 679 3819 igitur
697 3751 742 3820 qui
760 3751 788 3804 in
806 3752 906 3820 agendo
925 3751 998 3805 etin
1017 3751 1158 3805 moralibus
1184 3751 1330 3804 virtutibus
1350 3768 1408 3804 con·

281 3840 441 3892 summatam
458 3839 614 3893 felicissatem
628 3842 767 3909 quaerunt,
787 3857 844 3893 cum
864 3841 948 3894 omnis
967 3840 1036 3894 aetio
1054 3841 1186 3910 pertineat
1204 3839 1238 3893 ad
1257 3843 1365 3894 externa
1378 3842 1406 3916 ελ

280 3925 315 3980 ad
333 3925 414 3980 vitam
433 3928 550 3994 mixtam,
571 3929 602 3982 ef.
621 3927 891 3996 11‚10(121‘520);
910 3929 946 3982 ib.
965 3929 990 3995 5,
1011 3930 1045 3982 10
1065 3932 1096 3982 τὸ
1115 3929 1146 3983 δὲ
1165 3931 1195 3983 ἐν
1214 3935 1275 3990 ταῖς
1289 3931 1406 4000 πράξεσι

281 4018 313 4069 τὸ
332 4017 510 4090 εὐδαιμονεῖν
529 4023 661 4071 τίθεσθαι
680 4019 710 4070 ἐν
728 4023 787 4078 τοῖς
804 4019 856 4078 ἔξω
874 4027 921 4085 τῆς
939 4019 1035 4091 ἀρετῆς
1052 4022 1099 4072 καὶ
1118 4027 1164 4085 τῆς
1183 4026 1274 4087 ψυχῆς
1292 4019 1351 4070 ἔστι
1366 4037 1404 4069 τι·

281 4109 389 4166 θέντος·
418 4110 433 4172 ἡ
459 4108 514 4180 γάρ
538 4107 660 4180 ἐνέργεια
685 4115 731 4172 τῆς
753 4115 844 4178 ψυχῆς
868 4109 898 4160 ἐν
923 4109 960 4176 τηῖ
980 4116 1117 4178 φρονῆσαι
1135 4110 1183 4159 καὶ
1201 4107 1231 4159 ἐν
1249 4106 1333 4178 ἑαυτῇ
1352 4106 1404 4158 ὡδὶ

281 4194 436 4266 ἐνεργῆσαι·
476 4200 529 4248 καὶ
553 4205 635 4248 τοῦτο
658 4197 690 4248 τὸ
714 4195 893 4267 εὐδαιμόνως.
936 4194 974 4250 Cf.
993 4201 1036 4248 BP
1055 4195 1133 4248 512e
1157 4197 1185 4248 et
1208 4194 1266 4260 ΙΙ,
1286 4194 1335 4259 12,
1363 4193 1410 4246 ubi

280 4279 423 4334 Homerum
442 4282 507 4336 dicit
525 4285 596 4336 recte
614 4281 720 4335 finxisse
737 4282 825 4352 ipsum
842 4281 982 4337 Herculem
1001 4283 1072 4336 inter
1090 4282 1151 4336 deos
1169 4282 1276 4348 versari,
1297 4281 1401 4334 simula·

281 4385 354 4422 crum
376 4369 432 4423 eius
456 4372 526 4442 apud
548 4371 645 4426 inferos
669 4387 740 4425 esse:
768 4373 811 4425 δτι
835 4372 871 4438 δὴ
896 4374 1046 4444 πρακτικὴν
1069 4373 1166 4445 ἀρετὴν
1183 4373 1255 4441 ἔχων
1281 4367 1412 4441 Ἡρακλῆς
1471 4379 1473 4386 ’
1554 4354 1558 4389 ἰ

280 4463 328 4511 καὶ
356 4460 483 4521 ἀξιωθείς
510 4461 559 4514 διδ
590 4464 802 4530 καλοκάγαθίαν
830 4463 894 4521 θεὸς
925 4461 1007 4526 εῖναι,
1042 4462 1086 4514 ότι
1113 4461 1262 4534 πρακτικὸς
1290 4457 1353 4514 ἀλλ’
1380 4463 1413 4513 ού
