3148 4984
653 351 808 406 Numenius.
1236 352 1290 413 blo
1302 341 1303 344 Ἴ

169 505 272 574 οἴοιτο
295 505 343 594 τῷ
366 507 486 595 ἀγαθῷ
509 508 756 599 ἐντετυχηκέναι,
779 523 838 578 τοῦ
860 514 985 590 παντὸς
1008 513 1196 601 ἁμαρτάνει.
1242 514 1290 601 τῷ
1369 515 1371 520 ’

169 616 229 707 γάρ
253 611 321 680 ’όντι
345 613 381 680 ού
406 613 536 704 ῥᾳδίας,
571 615 669 694 θείας
693 616 729 683 δὲ
752 619 837 706 πρὸς
860 617 939 684 αάτδ
963 619 1013 684 δεῖ
1034 619 1196 702 μεθόδου·
1232 621 1289 687 καὶ

168 717 239 787 ἔστι
273 721 447 809 κράτιστον
486 734 551 786 τῶν
586 719 758 812 αἰσθητῶν
791 709 1004 812 ἀμελήσαντι,
1038 726 1289 814 νεανιευσαμύνιμ

169 830 252 913 πρὸς
275 829 318 892 τὰ
340 829 536 916 μαθήματα,
560 831 634 907 τοὺς
657 829 821 917 ἀριθμοὺς
843 830 1039 918 θεασαμένῳ
1070 834 1171 910 οὕτως
1194 833 1290 917 ἐκμε-

169 934 301 1022 λετῆσαι
323 933 477 1023 μάθημα,
501 932 535 999 τί
558 931 629 1001 ἐστι
651 937 689 1002 τδ
711 933 747 1002 δν
762 939 801 1002 ¹⁰.

239 1071 267 1113 u.
288 1056 326 1112 Cf.
346 1057 493 1112 Numenius
511 1076 552 1129 ep.
571 1058 667 1113 Euseb.
686 1059 729 1114 Pr.
744 1059 790 1114 Ev.
805 1061 854 1114 XV
870 1061 902 1116 17
921 1064 949 1115 et
967 1061 1071 1117 Nemes.
1087 1063 1119 1116 de
1132 1062 1196 1118 Nat.
1211 1063 1288 1118 Hom.

169 1147 186 1200 2
204 1164 229 1216 p.
249 1148 284 1200 29
303 1147 344 1213 (ir.
364 1147 400 1200 44
412 1147 480 1214 Tb),
510 1147 556 1201 ubi
573 1148 719 1218 explicatur
737 1149 833 1219 quibus
852 1151 1014 1218 argumentis
1032 1150 1179 1206 Numenius
1197 1156 1290 1207 νοοῖτο

169 1234 270 1289 Stoicos
288 1235 465 1307 disputaverit
483 1236 597 1290 animem
615 1253 766 1308 corpoream
784 1255 841 1292 esee
860 1242 1022 1294 statuentes:
1051 1242 1085 1294 τὰ
1111 1243 1227 1314 σώματα
1257 1246 1290 1315 τῇ

171 1329 255 1393 οἰκείᾳ
276 1327 360 1396 φύσει
378 1327 482 1400 τρεπτὰ
501 1329 568 1380 ὄντα
587 1330 634 1379 καὶ
654 1326 793 1382 σκεδαστὰ
811 1331 858 1381 καὶ
878 1328 974 1382 διόλου
998 1333 1037 1390 εἰς
1062 1333 1176 1402 ἄπειρον
1199 1333 1289 1403 τμητὰ

168 1414 288 1487 μηδενὸς
312 1415 341 1468 ἰν
360 1416 455 1474 αὐτοῖς
474 1416 665 1487 ἀμεταβλήτου
691 1418 916 1488 ὑπολειπομένου
935 1417 1025 1471 δεῖται
1044 1428 1095 1471 τοῦ
1113 1424 1290 1481 συντιθέντος

169 1507 215 1556 καὶ
234 1506 405 1572 συνάγοντος
423 1507 470 1556 καὶ
489 1501 582 1575 ὥσπερ
598 1508 805 1575 σνσφίγγοντος
823 1509 870 1558 καλ
885 1517 1105 1577 συγκρατοῦντος
1124 1509 1202 1572 αύτά,
1222 1509 1290 1582 ὅπερ

171 1593 264 1663 ψυχὴν
290 1595 413 1664 λέγομεν.
451 1591 553 1644 Bonum
581 1592 666 1659 igitur
692 1593 853 1663 incorporale
881 1596 924 1647 est
951 1597 979 1648 et
1006 1595 1085 1648 rebus
1112 1595 1289 1666 corporalibus

169 1680 331 1750 oppositum
360 1681 519 1749 quopropter
543 1679 641 1733 dieitur
665 1681 746 1734 etiem
773 1684 805 1735 τὸ
823 1684 989 1755 ἡγεμονικὸν
1006 1686 1034 1737 et
1053 1694 1126 1750 νοσς,
1150 1702 1174 1738 r.
1193 1683 1288 1740 Euseb.

169 1769 212 1822 Pr.
231 1768 277 1822 Ev.
295 1768 335 1822 XI
353 1768 398 1835 22,
417 1769 434 1822 3
453 1768 495 1835 (fr.
514 1767 548 1822 25
560 1767 634 1833 Τοὺς
653 1773 678 1823 ελ
696 1769 715 1822 δ
720 1766 727 1784 ’
744 1771 803 1824 ἐστὶ
817 1771 872 1842 μὲν
885 1773 984 1838 νοητὸν
998 1774 1013 1838 ἡ
1029 1774 1109 1828 οὐσία
1128 1775 1204 1840 καὶὴ
1220 1774 1289 1838 ἰδέα,

170 1860 268 1925 ταύτης
287 1857 305 1911 δ
310 1854 317 1872 ’
336 1859 504 1930 ὡμολογήθη
523 1860 709 1932 πρεσβύτερον
726 1864 773 1914 καὶ
794 1864 884 1912 αἴτιον
902 1860 973 1914 εἶναι
988 1863 1003 1913 ὁ
1017 1871 1088 1926 νοῦς,
1109 1863 1191 1922 αὐτὸς
1212 1855 1290 1924 οὗτος

169 1948 256 2018 μόνος
275 1947 384 2021 εὕρηται
404 1950 441 1999 ὢν
460 1949 492 1999 τδ
511 1949 630 2016 ἀγαθόν.

239 2051 270 2107 b.
290 2051 416 2106 Ostendit
433 2053 482 2106 hoo
501 2053 585 2106 simile
605 2052 764 2106 Numenium
790 2053 875 2106 dicere
901 2070 957 2107 eam
976 2055 1221 2124 contemplationem
1240 2057 1289 2122 dei,

169 2159 249 2211 quam
265 2140 323 2194 fieri
341 2141 466 2195 volebant
484 2141 556 2194 nullo
575 2141 659 2194 medio
678 2140 850 2210 interposito,
876 2141 950 2194 euius
969 2145 1102 2211 compotes
1120 2141 1189 2196 fiunt
1207 2144 1226 2196 ii
1244 2145 1290 2215 qui

169 2231 284 2284 animum
302 2229 335 2283 ab
354 2230 425 2283 omni
443 2230 558 2300 eorporis
577 2247 607 2282 ae
625 2245 750 2282 sensuum
768 2229 950 2283 eou'iunetioue
969 2231 1142 2284 abstrahant:
1161 2249 1214 2302 que
1232 2249 1290 2287 eon-

168 2320 339 2390 templetione
353 2321 459 2374 constat
477 2321 657 2372 consummate
671 2334 730 2370 eum
749 2317 797 2371 deo
811 2319 938 2372 confusio:
952 2319 1044 2373 lumbi.
1064 2337 1105 2390 ep.
1120 2319 1193 2374 Stob.
1208 2321 1262 2375 Eel.
1276 2321 1290 2375 1

168 2427 193 2480 p.
213 2410 283 2464 1066
302 2409 343 2476 (fr.
358 2408 393 2464 51
404 2407 463 2474 Th.)
482 2409 580 2464 ἕνωσιν
597 2409 650 2481 μὲν
669 2403 719 2460 οὖν
732 2412 778 2460 καὶ
797 2409 949 2475 ταυτότητα
965 2409 1126 2484 ἀδιάκριτον
1140 2419 1185 2478 τῆς
1200 2421 1290 2482 ψυχῆς

169 2501 237 2572 πρὸς
256 2500 305 2559 τὰς
323 2499 420 2564 ἑαυτῆς
435 2499 521 2569 ἀρχὰς
540 2499 698 2569 πρεσβεύειν
713 2501 842 2568 (μαίνεται
857 2499 1022 2570 Νουμήνιος.
1059 2497 1156 2552 Eodem
1174 2499 1290 2568 pertinet

168 2587 238 2657 quod
251 2586 316 2639 dieit
327 2586 440 2656 primum
453 2586 529 2638 deum
548 2587 580 2639 ab
600 2585 749 2639 hominibus
767 2601 874 2656 prorsus
893 2602 944 2638 non
959 2586 1086 2654 cognosci,
1106 2587 1152 2639 sed
1170 2588 1290 2654 cognosci

169 2675 311 2729 seeundum
338 2675 380 2740 (ef.
407 2692 433 2728 n.
453 2673 532 2742 506),
558 2675 628 2728 hune
655 2677 744 2727 eutem
771 2691 818 2744 pro
846 2690 907 2727 vera
934 2675 1036 2726 ratione
1063 2675 1096 2727 ab
1123 2673 1157 2728 iis
1184 2675 1288 2730 haberi:

168 2763 314 2817 Numenius
333 2781 374 2834 ap.
393 2763 487 2816 Euseb.
507 2764 550 2816 Pr.
570 2763 615 2816 Er.
634 2761 674 2816 XI
694 2763 735 2830 18,
755 2763 790 2816 22
808 2763 849 2828 (fr.
865 2763 898 2817 31
910 2761 969 2828 Th.)
988 2764 1084 2829 ἐπειδὴ
1102 2759 1163 2836 ᾔδει
1182 2767 1288 2818 ‹illid-

169 2873 223 2906 των
236 2854 313 2924 παρά
329 2858 387 2913 τοῖς
400 2853 560 2925 ἀνθρώποις
578 2854 627 2905 τδν
644 2853 698 2924 μὲν
717 2852 890 2924 δημιουργὸν
903 2853 1109 2925 γινωσκόμενον
1125 2855 1221 2924 μόνον,
1241 2856 1290 2906 τὸν

168 2946 265 3014 μέντοι
285 2951 394 3015 πρῶτον
413 2951 485 3006 νοῦν,
505 2941 581 3004 ὅστις
599 2944 732 3006 καλεῖται,
759 2943 828 2995 αὐτὸ
847 2945 879 2994 δν
897 2945 1081 2996 παντάπασιν
1099 2943 1290 3014 ἀγνοούμενον

115 3035 117 3040 ’
169 3027 238 3104 παρ’
256 3032 357 3095 αὐτοῖς,
383 3030 432 3084 διὰ
451 3040 532 3083 τοῦτο
551 3031 637 3090 οὕτως
655 3030 744 3094 εἶπεν,
770 3028 863 3100 ὥσπερ
882 3034 916 3082 ἀν
941 3050 982 3090 τις
1001 3032 1071 3084 οὕτω
1089 3033 1177 3100 λέγοι·
1206 3031 1248 3084 23.
1269 3030 1290 3082 δι

170 3123 326 3193 ἀνθρωποι,
353 3119 385 3171 ὃν
409 3121 538 3180 τοπάζετε
560 3121 636 3191 ὑμεῖς
655 3128 733 3182 νοῦν,
761 3120 810 3172 οὐκ
828 3119 887 3172 ἔστι
906 3129 1026 3192 πρῶτος,
1047 3115 1109 3172 ἀλλ’
1128 3119 1217 3194 ἕτερος
1235 3122 1289 3192 πρὸ

169 3210 269 3261 τούτου
293 3217 357 3268 νοσς
382 3209 563 3280 πρεσβύτερος
587 3210 634 3260 καὶ
659 3207 809 3279 θειότεροςε
835 3207 882 3259 ubi
906 3206 1011 3259 videtur
1034 3207 1196 3274 distinguere
1219 3208 1290 3260 inter

168 3295 343 3364 eognit'onem
362 3298 390 3348 et
408 3293 662 3364 contemplationem.
687 3323 721 3333 -
749 3293 872 3347 Extrema
890 3295 1015 3347 voeabula
1033 3295 1224 3368 λποχούμενον
1242 3297 1290 3350 ἐπὶ

168 3388 201 3458 τῇ
220 3386 302 3453 οὐσίᾳ
320 3383 443 3438 videntur
461 3383 595 3437 referenda
613 3384 647 3436 ud
665 3383 735 3438 Piae
755 3383 786 3436 de
800 3383 865 3453 Bep.
880 3383 1018 3438 V150913
1038 3387 1087 3437 οὐκ
1102 3387 1197 3445 οὐσίας
1211 3389 1290 3446 ὄντος

169 3483 218 3526 τοῦ
236 3475 362 3542 ἀγαθοῦ,
387 3469 449 3526 ἀλλ’
467 3474 507 3527 ἔτι
525 3474 651 3528 ἐπέκεινα
670 3481 716 3540 τῆς
736 3475 834 3534 οὐσίας
852 3479 983 3548 πρεσβείᾳ
1002 3477 1050 3526 καὶ
1068 3473 1187 3544 δυνάμει
1207 3475 1288 3546 ὑπερ-

168 3566 287 3632 έχοντος.
325 3560 405 3614 Seeus
424 3563 513 3616 tamen
530 3560 678 3616 Numenius
697 3578 738 3632 ep.
753 3561 848 3615 Euseb.
863 3561 907 3615 Pr.
922 3560 968 3614 Ev.
983 3561 1022 3614 XI
1036 3561 1079 3627 10,
1095 3562 1110 3614 7
1128 3561 1170 3627 (fr.
1185 3561 1220 3614 20
1230 3561 1288 3626 Th.)

169 3652 238 3704 ἀλλὰ
255 3651 295 3722 μὴ
314 3653 458 3720 γελασάτω
476 3671 524 3716 τις,
550 3653 599 3704 ἐὰν
618 3662 662 3722 φῶ
681 3661 732 3704 τοῦ
750 3653 903 3722 ἀσωμάτου
928 3651 998 3703 εἶναι
1017 3653 1106 3722 ὄνομα
1127 3652 1225 3704 οὐσίαν
1242 3656 1289 3703 καὶ

170 3741 214 3802 dv,
240 3754 399 3808 quemquam
424 3737 461 3790 ibi
483 3738 603 3808 loquitur
627 3737 659 3792 de
684 3743 772 3808 νοητῷ
796 3739 824 3792 in
846 3755 949 3806 genere.
987 3735 1070 3802 Quam
1090 3738 1289 3806 ambiguitatem

169 3826 281 3895 positum
300 3842 357 3880 erse
376 3824 524 3880 dixeris'in
542 3844 572 3880 eo
591 3827 661 3896 quod
679 3829 835 3897 utrumque,
861 3830 890 3880 et
908 3829 939 3880 τὸ
958 3828 1070 3896 ἀγαθὸν
1087 3829 1115 3879 ot
1133 3829 1165 3880 τὸ
1182 3829 1288 3893 νοητόν,

171 3914 317 3968 subiciebat
335 3919 372 3984 τῷ
392 3917 532 3987 ἀσωμάτῳ
550 3915 634 3970 altero
654 3917 687 3970 ab
706 3915 790 3970 altero
807 3932 860 3970 non
879 3929 981 3985 semper
999 3913 1141 3982 diligenter
1154 3913 1288 3968 distinete.

240 4033 267 4075 ι.
287 4020 325 4076 cr.
345 4021 415 4076 Piae.
435 4022 467 4075 ω
485 4023 549 4093 mp.
568 4022 621 4075 vn
639 4021 776 4092 oesssq.

87 4213 161 4256 soor
236 4181 416 4246 Numenius
440 4201 489 4266 up.
513 4184 627 4248 Euseb.
651 4182 703 4246 Pr.
727 4183 784 4246 Ev.
807 4181 854 4246 XI
880 4190 930 4259 18,
955 4191 973 4248 3
998 4181 1047 4266 (ir.
1073 4189 1113 4247 26
1138 4180 1218 4262 Tu).
1249 4168 1290 4246 ‘0
1330 4193 1384 4232 deus

1316 4246 1399 4296 primns

173 4287 252 4364 θεὸς
275 4287 293 4352 δ
314 4285 375 4370 μὲν
397 4300 528 4374 πρῶτος
551 4287 584 4354 ἐν
607 4284 712 4374 ἑαυτῷ
728 4285 772 4351 dv
787 4282 875 4352 ἐστιν
898 4287 1023 4363 ἁπλοῦς
1047 4287 1102 4352 διδ
1125 4287 1163 4351 τδ
1184 4282 1289 4372 ἐαυτῷ
1315 4308 1317 4313 ·

241 4465 269 4530 1)
287 4467 319 4517 δν
333 4463 405 4518 eodd.
419 4463 546 4532 meliores,
557 4463 647 4530 Gaisi„
667 4463 761 4518 Dind:
780 4464 810 4518 ἓν
822 4463 895 4518 eodd.
911 4463 1060 4531 deteriores,
1075 4467 1126 4531 BP,
1145 4461 1287 4531 Thedinge.
