3130 4980
299 328 354 390 278
815 333 900 388 Plato.

298 513 408 590 μεθα,·
444 495 524 592 Ἐγὼ
547 507 619 590 μέν,
645 504 723 597 ἔφη,
749 508 807 574 ούκ
830 509 942 591 ἐννοῶ,
966 507 992 574 ὦ
1016 510 1201 598 Σώκρατες,
1231 508 1329 598 εἰ-μή
1353 536 1424 578 που

300 614 333 680 έν
355 613 461 680 αύτῶν
484 616 604 680 τούτων
631 614 721 704 χρείᾳ
744 617 808 682 τινὶ
832 615 873 703 τῇ
897 619 981 705 πρὸς
1004 617 1170 706 ἀλλήλους.
1215 607 1310 684 Ἀλλ’
1329 615 1423 699 ἴσως,

298 719 335 808 ήν
358 711 391 785 δ’
412 720 483 806 ἐγώ,
508 722 616 799 καλῶς
639 721 769 807 λέγειςλ.

370 878 397 920 a.
418 863 450 916 In
469 864 639 932 sequentibus
658 864 794 933 374Aeq.
814 882 844 918 eo
862 882 945 934 usque
963 866 990 918 in
1009 866 1059 918 hae
1077 883 1213 920 munerum
1232 865 1422 919 distributione

297 953 423 1022 procedit,
443 955 475 1005 ut
492 953 665 1006 militantium
684 954 764 1006 etiam
782 954 939 1022 peculiarem
958 954 1075 1008 ordinem
1093 972 1149 1008 esee
1168 956 1265 1008 iubeat.

270 1146 274 1153 f
369 1077 399 1132 b.
419 1077 514 1130 Veram
532 1077 652 1130 Platonis
671 1078 720 1130 heo
739 1078 771 1130 do
789 1095 817 1130 re
836 1079 994 1132 sententiam
1013 1079 1093 1132 habes
1112 1085 1156 1132 B?
1173 1079 1235 1132 279.

155 1352 269 1404 sapientes
365 1346 443 1426 Rep.
465 1343 513 1407 IV
537 1351 602 1408 428
615 1344 650 1406 E.
705 1341 760 1428 Τηῖ
790 1343 998 1430 σμικροτάτῳ
1028 1343 1092 1431 δίρα
1123 1339 1210 1410 έθνει
1241 1345 1297 1410 καὶ
1326 1345 1414 1433 μέρει
1424 1363 1468 1401 ²⁷⁹

299 1447 413 1535 ἑαυτῆς
440 1448 498 1514 καὶ
529 1450 572 1537 τῇ
595 1448 628 1514 ἐν
649 1449 753 1534 τούτην
777 1445 955 1538 ἐπιστήμῃ,
991 1449 1037 1536 τηῖ
1068 1464 1252 1538 προεστῶτι
1276 1451 1333 1516 καὶ
1356 1451 1415 1539 δίρ-

296 1580 400 1637 χοντι,
436 1555 493 1642 δ’λη
525 1556 611 1642 σοφή
635 1555 673 1618 tv
695 1550 744 1642 εῖη
767 1557 853 1618 κατά
876 1557 974 1642 φύσιν
997 1553 1324 1634 οἰκισθεῖσαπόλις·
1359 1557 1415 1623 καὶ

297 1673 402 1741 τοῦτο,
427 1662 471 1736 ὡς
494 1657 587 1739 έοινιε,
613 1661 706 1748 φύσει
731 1658 895 1745 ὀλίγιστον
917 1659 1058 1746 γίγνεται
1082 1661 1183 1747 γένος,
1208 1646 1236 1749 ᾧ
1258 1666 1417 1752 προσήκει

298 1768 418 1855 ταύτης
440 1779 497 1852 τῆς
516 1762 698 1854 ἐπιστήμης
714 1767 974 1851 μεταλαγχάνειν,
998 1766 1036 1857 ἣν
1051 1769 1154 1857 μόνην
1166 1770 1215 1834 δεῖ
1230 1783 1294 1834 τῶν
1310 1769 1420 1834 ἀλλων

185 1880 269 1922 ffl¹¹¹t⁰⁸
297 1873 488 1961 ἐπιστημῶν
510 1869 631 1959 σοφίαν
653 1873 859 1937 καλεῖσθαιῑ.
876 1909 920 1920 -
941 1863 1045 1938 ’Arm
1059 1877 1121 1962 μήν
1137 1872 1268 1961 ἀνδρεία
1283 1899 1318 1960 γε
1335 1874 1418 1962 αύτή
1459 1912 1463 1919 .

295 2005 330 2046 τε
363 1979 420 2046 καὶ
454 1978 488 2044 έν
523 1963 549 2064 ᾦ
572 1983 679 2044 κεῖται
714 1991 771 2066 της
803 1980 944 2059 πόλεως,
980 1969 1028 2045 δι’
1054 1977 1072 2046 ὃ
1094 1982 1228 2069 τοιαύτη
1251 1981 1371 2069 κλητέα
1393 1984 1418 2068 ἡ

296 2087 393 2164 πόλις
417 2085 453 2152 ού
477 2086 562 2150 πάνυ
577 2086 721 2166 χαλεπὸν
744 2083 833 2150 ἰδεῖν.
879 2091 960 2164 Πῶς
976 2087 1033 2174 δή,·
1076 2085 1134 2165 Τίς
1157 2087 1204 2168 ἀίν,
1229 2086 1267 2175 ήν
1290 2076 1324 2152 δ’
1342 2086 1417 2172 ἐγώ,

294 2191 340 2271 εἰς
375 2193 454 2258 ἀλλο
488 2217 522 2256 τι
556 2190 755 2277 ἀποβλέψας
785 2193 805 2279 ἢ
834 2192 942 2279 δειλὴν
972 2193 992 2280 ἢ
1015 2191 1162 2280 ἀνδρείαν
1191 2195 1291 2259 πόλιν
1312 2191 1416 2274 εῖποι,

295 2289 367 2366 ἀλλ’
387 2300 407 2387 ἢ
430 2295 477 2375 εἰς
500 2309 594 2363 τοῦτο
617 2299 656 2363 τό
678 2297 784 2384 μέρος,
810 2295 1050 2383 ὃπροπολεμεῖ
1072 2299 1180 2366 τεκαὶ
1203 2302 1417 2386 στρατεύεται

294 2404 377 2492 ὑπέρ
402 2403 516 2491 αύτής,·
558 2393 636 2470 Οὐδ’
655 2404 694 2468 δν
717 2396 771 2484 εἷς,
796 2400 867 2491 έφη,
892 2401 937 2482 εἰς
953 2403 1032 2470 ἀλλο
1055 2431 1097 2471 τι.
1148 2405 1193 2472 Οά
1216 2406 1286 2493 γάρ,
1311 2399 1415 2490 οἶμαι,

294 2504 396 2590 εἶπον,
421 2511 455 2575 οῖ
476 2534 511 2596 γε
534 2509 626 2575 ἀλλοι
651 2509 684 2574 έν
707 2509 789 2598 αὐτή
812 2511 831 2598 ἢ
854 2509 956 2575 δειλοὶ
980 2512 999 2598 ἢ
1028 2511 1169 2598 ἀνδρεῖοι
1198 2509 1285 2590 ῖίντες
1308 2514 1416 2598 κύριοι

224 2632 228 2636 ’
294 2619 332 2683 ἀν
354 2609 416 2683 εἶεν
438 2618 459 2705 ἢ
481 2613 574 2682 τοίαν
597 2614 695 2703 αὐτήν
718 2608 801 2680 εἶναι
825 2617 844 2703 ἢ
867 2614 967 2682 τοίαν.
999 2616 1045 2684 Οό
1069 2617 1140 2704 γάρ.
1187 2618 1257 2684 Καὶ
1281 2615 1415 2705 ἀνδρεία

293 2723 357 2810 ἀρα
392 2723 491 2800 πόλις
524 2721 615 2809 μέρει
644 2720 708 2786 τινί
738 2720 853 2808 ἑαυτῆς
876 2719 961 2802 ἐστί,
998 2723 1054 2788 διὰ
1075 2726 1113 2790 τὸ
1137 2723 1170 2790 έν
1198 2720 1308 2810 ἐκείνῳ
1333 2721 1415 2805 ἔχειν

293 2832 428 2913 δύναμιν
450 2830 610 2916 τοιαύτην,
635 2827 655 2916 ἢ
679 2829 735 2893 διδ
759 2830 884 2906 παντὸς
906 2830 1002 2895 σώσει
1032 2833 1090 2918 τήν
1112 2829 1190 2916 περὶ
1215 2844 1279 2896 τῶν
1302 2831 1414 2896 δεινῶν

293 2937 399 3016 δόξαν,
435 2935 539 2999 ταῦτά
574 2959 608 2999 τε
644 2933 727 2999 αὐτὰ
758 2927 842 3000 εἶναι
865 2934 923 3000 καὶ
946 2946 1092 3016 τοιαῦτα,
1128 2939 1208 3001 δ’τε
1235 2935 1292 3002 καί
1316 2927 1413 3000 οἷαδ

130 3047 269 3142 wfflfflm
293 3039 473 3128 νομοθέτης
505 3041 720 3128 παρήγγειλεν
755 3040 788 3105 έν
811 3042 853 3129 τῇ
875 3039 1022 3128 παιδείᾳ.
1058 3079 1099 3090 -
1136 3051 1199 3108 431
1213 3043 1251 3106 D.
1283 3038 1324 3106 Εἰ
1347 3040 1411 3128 όίρα

158 3171 161 3176 ’
293 3150 343 3215 δεῖ
375 3172 448 3212 τινα
480 3146 578 3211 πόλιν
608 3148 860 3234 προσαγορεύειν
890 3143 1025 3233 κρείττω
1049 3147 1169 3234 ἡδονῶν
1196 3145 1311 3212 τεκαὶ
1335 3145 1413 3212 έπι-

291 3261 423 3336 θυμιῶν
451 3251 508 3318 καὶ
533 3251 630 3340 αὐτὴν
653 3254 767 3340 αὑτῆς,
798 3251 856 3318 καὶ
878 3254 997 3340 ταύτην
1020 3251 1229 3340 προσρητέον.
1275 3252 1413 3317 Πανταί-

291 3383 378 3426 πασι
400 3359 459 3444 μέν
482 3357 544 3440 σύν,
570 3356 641 3447 έφη.
683 3347 764 3446 Ἆρ’
791 3356 844 3424 σύν
867 3358 904 3424 ού
934 3359 990 3424 καὶ
1014 3361 1167 3448 σώφρονα
1191 3361 1277 3424 κατὰ
1300 3359 1413 3424 πάντα

290 3478 410 3546 ταῦτα,
448 3464 518 3530 Καὶ
541 3465 640 3549 μάλα,
665 3461 737 3552 ἔφη.
789 3463 860 3530 Καὶ
883 3467 945 3552 μήν
967 3461 1060 3553 εῖπερ
1084 3462 1125 3529 αὖ
1148 3464 1181 3530 έν
1210 3463 1291 3552 όίλλη
1315 3464 1411 3530 πόλει

291 3575 311 3659 ή
335 3571 414 3659 αὐτή
439 3571 518 3650 δόξα
542 3568 646 3640 ένεστι
669 3575 740 3648 τοῖς
762 3596 798 3636 τε
821 3571 954 3658 ἀρχουσι
978 3570 1035 3637 καί
1052 3570 1239 3657 ἀρχομένοις
1261 3570 1414 3658 περὶτοῦ

291 3680 440 3754 ούστινας
467 3678 517 3742 δεῖ
539 3677 662 3764 ι’ίρχειν,
685 3675 742 3741 καὶ
766 3675 799 3741 ἐν
821 3678 923 3764 ταύτῃ
953 3678 992 3742 ἀν
1013 3673 1062 3766 εῖη
1085 3685 1181 3744 τοῦτο
1208 3675 1293 3742 ἐνόν·
1331 3675 1414 3764 diod

291 3785 396 3865 δοκεῖ,
444 3782 514 3848 Καὶ
535 3784 642 3866 μάλα,
674 3779 752 3870 έφη,
788 3783 926 3870 σφόδρα.
971 3772 1022 3848 Ἐν
1045 3781 1198 3871 ποτέροις
1221 3779 1275 3848 οὖν
1297 3783 1414 3869 φήσεις

291 3903 355 3955 τῶν
378 3890 523 3955 πολιτῶν
545 3891 583 3954 τὸ
606 3892 784 3975 σωφρονεῖν
807 3888 939 3969 ἐνεῖναι,
975 3890 1054 3955 ὅταν
1071 3876 1185 3966 ὀύτως
1212 3883 1342 3970 έχωσιν,
1377 3886 1413 3954 ἐν

290 4001 360 4074 τοῖς
389 3996 539 4082 ἀρχουσιν
570 3995 590 4082 ἢ
618 3993 652 4059 έν
681 3998 751 4072 τοῖς
781 3993 986 4082 ἀρχομένοις,·
1028 3984 1080 4061 Ἐν
1113 3993 1311 4082 ἀμφοτέροις
1334 4017 1411 4073 που,

148 4120 264 4215 ffiffi
292 4099 364 4189 ἔφη.
387 4137 432 4148 -
456 4111 520 4168 434
533 4104 569 4165 Α.
613 4098 740 4166 Τέκτων
762 4101 961 4183 σκυτοτόμου
985 4100 1156 4188 ἐπιχειρῶν
1179 4096 1256 4186 ἔργα
1280 4098 1411 4187 ἐργάζε-

291 4213 376 4272 σθαι
398 4209 419 4294 ἢ
441 4207 640 4290 σκυτοτόμος
663 4205 825 4287 τέκτονος,
856 4207 876 4294 ἢ
899 4209 941 4270 τά
964 4204 1084 4294 όργανα
1107 4205 1412 4290 μεταλαμβάνοντες

290 4311 455 4400 τάλλήλων
477 4313 497 4400 ἢ
520 4313 627 4395 τιμάς,
650 4313 670 4400 ή
694 4311 751 4376 καὶ
774 4309 905 4389 δαύτός
920 4311 1091 4399 ἐπιχειρῶν
1107 4312 1278 4400 ἀμφότερα
1300 4311 1410 4398 πρύτ-

289 4443 369 4498 τειν,
387 4447 389 4452 *
405 4417 515 4482 πάντα
543 4413 649 4482 τᾶλλα
678 4418 981 4501 μεταλλαττόμενα,
1017 4415 1082 4507 ἆρά
1112 4435 1165 4486 σοι
1196 4418 1234 4486 ἀν
1261 4424 1296 4484 τι
1319 4418 1412 4484 δοκεῖ
