3148 4984
507 335 666 388 lamblichus
684 335 791 404 eiusque
810 335 939 405 discipuli.
1229 333 1285 395 553

163 493 220 559 καί
244 493 402 581 πάρεστιν
424 493 529 572 ἀάλως
557 499 628 574 τοῖς
656 490 778 572 ἐνάλοις
800 497 841 560 τά
865 494 958 560 ἀυλα.
991 497 1036 584 μή
1060 496 1099 584 δή
1122 520 1172 574 τις
1195 502 1282 562 θαυ·

162 599 302 684 μαζίτω,
327 599 382 666 ε’ἀν
402 599 459 666 καὶ
474 601 550 689 δ’λην
565 603 637 666 τινὰ
659 602 813 689 καθαράν
828 600 885 666 καὶ
908 599 1005 667 θείαν
1027 593 1110 668 εἶναι
1126 600 1284 688 λέγωμεν·

164 707 232 772 ἀπὸ
267 709 327 794 γὰρ
363 718 421 772 τοῦ
447 709 592 800 ’πατρὸς
616 707 673 773 καί
707 709 902 796 δημιουργοῦ
929 721 994 773 τῶν
1016 708 1099 774 ὅλων
1121 707 1179 774 καί
1203 707 1284 797 αὕτη

164 811 313 902 γενομένη
344 815 401 902 τήν
436 813 621 904 τελειότητα
652 811 768 902 ἑαυτῆς
798 813 987 903 ἐπιτηδείαν
1016 814 1170 904 κέκτηται
1199 815 1286 903 πρὸς
1318 811 1319 818 ¹

163 925 252 985 θεῶν
275 920 447 1009 ὑποδοχήν.
484 919 541 986 καὶ
572 925 641 1004 ἅμα
665 921 756 988 οὐδὲν
785 919 918 1010 διείργει
941 923 984 986 τά
1006 919 1175 1010 κρείττονα
1200 923 1287 1010 πρὸςλ

163 1027 201 1092 τδ
224 1027 389 1093 δύνασθαι
418 1029 460 1092 τά
491 1027 729 1116 καταδεέστερα
753 1025 876 1094 ἑαυτῶν
900 1027 1096 1112 ἕλ’λάμπειν,
1132 1027 1206 1094 οῦδὲ
1227 1029 1285 1116 τήν

163 1133 239 1220 όλην
277 1129 331 1199 οὖν
367 1131 544 1221 ἀφίστησιν
574 1133 692 1200 οὐδὲν1
715 1147 773 1223 της
801 1149 866 1200 τῶν
897 1135 1068 1219 βελτιόνων
1083 1211 1085 1216 ,
1101 1129 1288 1218 μετουσίαςζ»

164 1242 247 1305 ὥστε
276 1240 334 1329 ὅση
362 1238 469 1306 τελεία
496 1239 553 1306 καὶ
576 1243 713 1329 καθαρὰ
736 1239 794 1306 καί
817 1241 1017 1329 ἀγαθοειδής
1038 1240 1176 1329 ὑπάρχει
1200 1241 1284 1328 πρὸς

164 1351 251 1412 θεῶν
273 1347 435 1436 ὑποδοχήν
458 1346 546 1413 ἐστιν
568 1346 626 1412 οὐκ
648 1347 866 1436 ἀνάρμοστος·
891 1347 965 1414 ἐπεὶ
988 1350 1050 1435 γὰρ
1073 1344 1139 1414 ἔδει
1162 1346 1219 1413 καί
1242 1351 1285 1412 τά

164 1453 197 1519 ἐν
226 1453 267 1543 γῇ
296 1455 457 1542 μηδαμῶς
487 1447 570 1520 εἶναι
600 1453 723 1541 δίμοιρα
747 1467 805 1542 τής
826 1452 925 1532 θείας
947 1451 1126 1535 κοινωνίας,
1150 1450 1285 1532 ἒδίξατό

163 1587 237 1626 τινα
260 1550 326 1626 ἀπ’
345 1559 444 1649 αάτής
466 1558 564 1626 θείαν
586 1565 706 1649 μοῖραν
729 1560 830 1650 καλή
853 1573 901 1649 γη,
927 1557 1039 1650 ῖκανὴν
1062 1557 1160 1626 οὖσαν
1178 1571 1284 1648 χωρή-

163 1691 220 1734 σαι
243 1669 317 1745 τοὺς
340 1668 446 1745 θεοός.
485 1679 589 1732 ταῦτα
613 1665 720 1734 τοίνυν
742 1668 921 1733 κατιδοῦσα
944 1669 965 1755 ή
986 1669 1161 1754 θεοοργική
1183 1663 1283 1754 τέχνη,

163 1787 280 1851 κοινῶς
312 1798 349 1839 τε
382 1773 501 1840 οὑτωσί
535 1763 612 1840 κατ’
632 1771 815 1862 οἰκειότητα
852 1770 979 1860 ἑκάστην
1008 1787 1073 1839 τῶν
1102 1779 1191 1838 θεῶν
1224 1773 1290 1850 τάς

164 1880 372 1968 προσφόρους
395 1881 560 1963 ὑποδοχάς
583 1879 815 1968 ἀνευρίσκουοα
843 1879 1024 1964 συμπλέκει
1047 1879 1209 1956 πολλάκις
1233 1875 1284 1942 λί-

163 1991 246 2064 θους
268 1987 409 2070 βοτάνας
438 1986 509 2073 ζηῖα
539 1987 698 2074 ἀρώματα
728 1987 816 2051 ἀλλα.
835 2010 871 2052 τε
894 1995 1031 2052 τοιαῦτα
1056 1982 1126 2074 ίερά
1149 1983 1206 2050 καί
1229 1982 1283 2049 τέ-

164 2093 235 2158 λεια
266 2092 324 2158 καὶ
359 2095 489 2181 θεοειδῆ
523 2092 667 2158 κάπειτα
702 2093 771 2158 ἀπὸ
801 2092 934 2156 πάντων
972 2092 1094 2157 τούτων
1122 2091 1289 2178 ὑποδοχήν.

165 2199 296 2287 ὁλοτελῆ
320 2199 377 2264 καί
393 2201 548 2286 καθαρὰν
571 2197 799 2286 ἀπεργάζεται.
834 2197 871 2263 οά
894 2199 955 2285 γάρ
979 2198 1017 2285 δή
1042 2197 1092 2262 δεῖ
1115 2193 1284 2283 δυσχεραί-

164 2329 227 2371 νειν
250 2316 363 2370 πᾶσαν
385 2307 470 2394 ῦλην,
494 2305 577 2370 ἀλλὰ
599 2305 699 2394 μόνην
721 2307 779 2394 τήν
802 2302 977 2392 ἀλλοτρίαν
999 2317 1064 2368 τῶν
1086 2309 1188 2369 θεῶν·
1227 2303 1284 2390 τήν

164 2411 201 2477 δὲ
223 2409 345 2478 οἰκείαν
367 2413 452 2499 πρὸς
475 2411 591 2490 αὐτοὺς
614 2411 808 2497 ἐκλέγεσθαι
832 2412 877 2489 ὡς
899 2413 1085 2499 συμφωνεῖν
1108 2407 1284 2497 δυναμένην

164 2515 211 2596 ε’ίς
226 2543 261 2584 τε
277 2524 364 2584 θεῶν
387 2515 616 2606 οῖκοδομήσεις·
634 2517 692 2583 καὶ
715 2518 928 2606 καθιδρόσεις
951 2515 1148 2603 ἀγαλμάτων
1170 2513 1228 2580 καί
1244 2515 1283 2602 δή

164 2623 221 2690 καὶ
244 2621 290 2702 είς
313 2626 373 2702 τὰς
395 2638 461 2690 τῶν
483 2629 612 2690 θυσιῶν
636 2621 825 2712 ἱερουργίας.
850 2623 924 2690 οῦδὲ
946 2625 1006 2710 γάρ
1031 2623 1069 2688 δν
1091 2621 1198 2700 άλλως
1213 2624 1284 2699 τοῖς

164 2730 222 2796 ἐπὶ
247 2743 306 2818 γης,
318 2731 435 2808 τόποις
446 2733 471 2820 ή
488 2735 559 2808 τοῖς
582 2732 673 2819 δεῦρο
696 2743 903 2798 κατοικοῦσιν
920 2731 1113 2818 ἀνθρώποις
1127 2725 1283 2813 μετουσία

164 2837 203 2902 ἀν
226 2837 349 2921 γίνοιτο
379 2849 437 2924 της
465 2851 529 2902 τῶν
558 2837 749 2924 κρειττόνων
772 2839 917 2926 λήψεως,
946 2835 975 2902 εὶ
996 2838 1041 2925 μή
1070 2861 1122 2914 τις
1149 2835 1283 2922 τοιαύτη

164 2944 331 3032 καταβολή
366 2944 482 3032 πρώτη
516 2942 807 3034 προενιδροθείψ·
848 2942 1035 3010 πείθεσθαι
1065 2943 1101 3009 δὲ
1128 2944 1187 3030 χρή
1214 2944 1284 3019 τοῖς

165 3049 364 3138 ἀπορρήτοις
387 3050 503 3135 λόγοις,
528 3051 572 3128 ὡς
594 3050 652 3116 καί
667 3053 723 3116 διὰ
746 3065 811 3116 τῶν
832 3049 1004 3139 μακαρίων
1026 3049 1204 3134 θεαμάτων
1226 3048 1284 3136 όλη

164 3181 215 3234 τις
238 3155 274 3221 ἐκ
296 3161 385 3222 θεῶν
408 3154 643 3242 παραδίδοται.
681 3159 763 3246 αῦτη
786 3157 892 3245 δήπου
908 3157 1056 3245 συμφυής
1071 3155 1158 3220 ἐστιν
1174 3153 1285 3232 αὐτοῖς

166 3261 300 3341 ἐκείνοις
316 3266 387 3340 τοῖς
411 3263 570 3328 διδοῦσιν·
595 3262 708 3330 οὐκοῦν
730 3263 788 3328 καί
804 3265 823 3353 ή
839 3276 896 3352 τής
912 3264 1065 3351 τοιαύτης
1088 3263 1165 3350 ῦλης
1180 3257 1289 3326 θυσία.

164 3367 315 3456 ἀνεγείρει
350 3370 425 3446 τοὺς
458 3370 557 3447 θεοὺς
592 3368 651 3435 ἐπὶ
676 3371 743 3458 ,τήν
777 3366 920 3458 ἔμφασιν
953 3368 1011 3435 καί
1046 3368 1284 3455 προσκαλεῖται

164 3474 286 3552 εάθίως
320 3476 405 3562 πρὸς
439 3474 629 3564 κατάληψιν
656 3480 754 3562 χωρεῖ
782 3500 817 3542 τε
841 3475 958 3554 αὐτοὺς
987 3471 1285 3562 παραγιγνομένους

164 3581 221 3646 καί
244 3579 372 3658 τελείως
396 3579 623 3648 ἐπιδείκνυσιδ.

235 3719 264 3762 ιι.
283 3705 321 3759 cf.
340 3711 384 3758 R?
403 3705 468 3772 534;
487 3706 548 3760 535.

235 3793 273 3848 b..
285 3794 325 3848 De
344 3795 450 3848 deorum
468 3795 624 3864 praesentiis
643 3812 690 3864 pro
708 3795 836 3848 varietate
854 3793 974 3848 ordinum
992 3793 1071 3871 variis
1089 3809 1113 3847 v.
1127 3792 1230 3862 113sq.

113 3988 154 4028 εει
230 3953 276 4018 Ib.
300 3953 334 4017 H
359 3963 397 4018 11
424 3973 454 4036 p.
480 3963 520 4020 96
533 3953 569 4018 Ρ.
614 3953 697 4020 Οόδὲ
731 3955 791 4041 γάρ
827 3955 846 4041 ή
882 3949 986 4018 ἔννοια
1020 3951 1178 4018 συνάπτει
1212 3953 1291 4030 τοῖς
1310 3952 1458 4058 νήὶζιξῐήξήξθ

163 4061 257 4146 θεοῖς
273 4061 347 4136 τοὺς
363 4060 552 4146 θεοοργοός·
578 4058 652 4126 ἐπεὶ
674 4056 709 4124 τί
731 4058 850 4125 ἐκώλυε
872 4060 946 4136 τοὺς
961 4063 1171 4145 θεωρητικῶς
1187 4059 1284 4144 φιλο·
1565 4055 1566 4062 '

163 4177 345 4252 σοφοῦντας
368 4161 450 4246 ἓγειν
464 4168 523 4254 τήν
539 4167 733 4254 θεουργικὴν
756 4163 869 4231 ἕνωσιν
891 4165 977 4251 πρὸς
999 4163 1074 4240 τοὺς
1097 4164 1211 4241 θεοός;
1234 4175 1286 4229 νῦν

163 4271 200 4336 δὲ
224 4271 281 4338 οὐκ
296 4267 359 4352 {figet
375 4271 413 4336 τό
429 4294 464 4356 γε
487 4269 611 4359 ἀληθὲς
634 4275 743 4350 οὕτως,
768 4261 843 4337 ἀλλ’
862 4273 880 4360 ή
897 4283 962 4335 τῶν
985 4264 1087 4352 ῖργων
1109 4281 1172 4334 τῶν
1188 4270 1287 4359 ἀρρή-

163 4399 214 4406 ...-

236 4449 262 4513 1)
283 4450 364 4502 οὐδὲν
382 4449 510 4516 Parthey:
531 4450 595 4503 οὐδὲ
614 4449 683 4502 libri.
