3156 4988
650 360 753 416 Strato.¹
836 317 838 322 Ι
1205 359 1259 420 365

137 520 223 606 λέγει
258 517 312 586 οὖν
339 520 372 587 ἐν
400 520 450 608 τῷ
479 519 558 608 περὶ
586 523 744 610 κινήσεως
775 523 859 609 πρὸς
891 520 1003 599 ἄλλοις
1034 521 1172 599 πολλοῖς
1200 519 1258 587 καὶ

138 627 231 692 τάδε·
277 626 354 710 „aiei
386 631 446 716 γὰρ
475 629 493 694 ὁ
523 641 604 694 νοῶν
634 632 789 709 κινεῖται,
824 631 935 715 ὥσπερ
965 627 1022 693 ναὶ
1053 628 1178 716 ὁόρῶν
1200 627 1258 694 καὶ

138 733 263 800 ἀκούων
285 733 342 799 ναὶ
366 732 633 824 ὀσφραινόμενος·
679 732 821 824 ἐνέργεια
844 737 905 822 γὰρ
929 737 948 823 ἡ
972 734 1080 823 νόησις
1103 747 1160 823 της
1183 735 1258 800 δια-

138 837 229 918 νοίας
258 839 416 929 καθάπερ
449 839 506 906 ναὶ
529 843 549 929 η
572 841 686 928 ὅρασις
708 855 766 930 της
788 838 927 929 iaromgf‘
973 839 1030 906 καὶ
1053 842 1121 928 πρὸ
1143 841 1259 907 τούτου

138 945 176 1012 δὲ
204 957 263 1012 τοῦ
297 953 393 1037 ῥητοῦ
427 946 602 1036 γέγραφεν·
648 948 723 1030 »ὅτι
755 945 810 1014 οὖν
838 945 920 1014 εἶσιν
949 944 984 1012 ai
1017 949 1173 1014 πλεῖσται
1196 960 1260 1012 τῶν

139 1055 292 1142 κινήσεων
327 1051 449 1135 αἰτίαν,
486 1052 525 1132 ἃς
548 1056 567 1143 ἡ
591 1057 679 1143 ψυχὴ
707 1043 791 1120 καθ’
811 1056 909 1144 αὑτὴν
940 1057 1080 1120 κινεῖται
1115 1055 1260 1121 διανοου-

137 1157 216 1248 μένη
240 1159 297 1225 καὶ
321 1158 360 1238 ἃς
389 1161 456 1226 ὑπὸ
478 1174 544 1226 τῶν
574 1157 761 1250 αἰσθήσεων
791 1159 927 1250 ἐκινήθη
955 1161 1130 1248 πρότερον,
1164 1159 1260 1249 δῆλόν

51 1297 54 1302 ·
138 1261 236 1332 ἔστιν.
260 1267 322 1332 ὅσα
345 1269 406 1354 γὰρ
429 1269 474 1356 μὴ
497 1267 655 1354 πρότερον
678 1263 811 1356 ἑώρακε,
835 1278 940 1334 ταῦτα
957 1265 993 1332 οὐ
1016 1267 1152 1333 δύναται
1169 1269 1259 1347 νοεῖν,

139 1363 206 1438 οἷον
229 1373 351 1452 τόπους
374 1374 394 1462 ἢ
418 1371 550 1458 λιμένας
573 1375 593 1462 ἢ
616 1376 745 1462 γραφὰς
768 1373 997 1462 ἢᾶνδριοὶννας
1019 1374 1039 1462 ἢ
1062 1372 1261 1460 ἀνθρώπους

138 1479 246 1567 ieme
269 1479 375 1546 ἄλλων
398 1505 430 1546 τι
454 1494 518 1546 τῶν
540 1482 744 1547 aotoo'rom.“a

211 1635 239 1675 a.
267 1621 305 1676 Cf.
324 1623 485 1694 121’335sq.
504 1623 574 1676 Sext.
594 1623 679 1678 Math.
698 1624 750 1676 VH
768 1623 822 1678 350
842 1628 869 1678 oi
887 1624 918 1678 oi
939 1625 1024 1690 αὐτὴν
1042 1625 1102 1690 (τὴν
1121 1623 1261 1686 διάνοιαν)

139 1710 209 1793 εἶναι
234 1713 283 1771 τὰς
309 1714 465 1778 αἰσθήσεις,
493 1716 621 1786 καθάπερ
647 1713 697 1766 (lari
716 1733 798 1766 τινων
816 1715 894 1766 ὀπῶν
912 1723 966 1764 τῶν
985 1717 1173 1782 αἰσθητηρίων
1191 1731 1259 1782 προ-

137 1801 311 1864 κύπτουσαν,
337 1797 367 1868 ἧς
392 1805 513 1862 στάσεως
538 1800 598 1873 ἦρξε
623 1804 763 1875 Στράτων.
801 1801 839 1856 Cf.
859 1801 929 1854 Plau.
949 1799 987 1853 TV
1005 1800 1031 1866 5,
1057 1801 1082 1854 2.
1107 1800 1172 1854 Dox.
1191 1799 1259 1863 39l;

139 1887 183 1954 23,
202 1889 228 1941 3.
248 1887 313 1940 Dor.
332 1889 393 1943 415.

91 2104 130 2144 aa
209 2083 272 2148 Cio.
295 2083 388 2148 Deor.
411 2084 486 2148 Nat.
508 2085 593 2150 135.
638 2084 706 2149 Nec
729 2083 905 2148 audiendus
929 2083 998 2148 eius
1022 2080 1256 2166 (Theophrasti)
1284 2099 1363 2140 nasa

141 2189 267 2254 auditor
292 2191 407 2268 Strato,
430 2192 457 2254 is
482 2192 536 2272 qui
558 2192 710 2274 physicus
735 2191 929 2274 appellatur,
960 2189 1015 2271 qui
1046 2207 1172 2252 omnem
1196 2187 1261 2251 vim

140 2295 281 2360 divinam
304 2297 338 2360 in
360 2299 477 2361 natura
502 2299 597 2362 sitam
621 2315 690 2362 esse
714 2299 837 2374 censat,
862 2315 942 2378 quae
967 2314 1080 2360 causas
1104 2293 1261 2376 gignendi,

141 2402 288 2484 augendi,
310 2404 476 2468 minuendi
497 2405 624 2481 habeat,
648 2404 703 2468 sed
720 2406 827 2468 careat
851 2405 937 2467 omni
961 2421 1057 2466 sensu
1081 2405 1114 2466 et
1128 2401 1260 2482 figurat

212 2555 239 2598 a.
263 2542 315 2598 Cic.
334 2541 414 2597 Acad.
428 2543 504 2598 1138
529 2550 611 2612 erepat
634 2541 748 2612 (Strato)
773 2560 856 2612 opero
875 2543 984 2597 deorum
1002 2559 1030 2596 se
1055 2542 1097 2595 ati
1121 2541 1158 2596 ad
1173 2541 1259 2606 fabri·

141 2631 259 2684 eandam
274 2633 411 2686 mandam.
440 2649 616 2701 ηννιιννηνε
630 2633 694 2697 siat,
714 2632 790 2686 docet
808 2633 898 2685 ornata
917 2633 1011 2698 effecta
1026 2647 1083 2685 osse
1097 2637 1200 2684 oratura
1214 2645 1262 2682 aec

141 2725 172 2772 at
185 2721 240 2790 ille,
255 2721 303 2788 qai
316 2721 422 2790 asperis
436 2726 462 2774 ct
477 2720 578 2774 koibas
592 2727 618 2774 et
630 2721 747 2774 hamatis
761 2721 952 2790 uncinatisque
967 2721 1125 2788 corporibus
1139 2724 1263 2772 coo-oreta

141 2809 207 2863 leaeo
232 2826 289 2864 eoae
317 2810 391 2863 dicat
408 2809 547 2863 interiecto
566 2810 653 2864 inani.
687 2809 793 2862 samaia
818 2815 908 2863 censet
932 2810 997 2862 leaeo
1023 2825 1080 2862 esec
1105 2807 1264 2872 Democriti,

141 2913 198 2950 νον
213 2897 335 2952 doceretis
349 2897 398 2952 aed
411 2898 540 2966 optaretis.
562 2899 621 2966 ipae
635 2904 723 2953 autem
737 2897 863 2966 stapulas
877 2897 974 2951 νιννάι
986 2903 1078 2966 portes
1088 2911 1263 2965 persequens,

142 2985 279 3054 quidquid
293 2993 343 3040 aut
361 2987 398 3040 sit
417 2992 467 3040 cat
484 2987 541 3052 fiat,
560 2986 735 3040 naturalibos
751 2987 812 3052 fieri
830 2987 996 3052 calfactum
1022 3003 1079 3040 esee
1104 2985 1180 3038 docet
1194 3000 1263 3052 pore·

142 3075 253 3129 oleribus
267 3081 292 3129 et
304 3077 428 3128 motibus.
442 3104 479 3114 -
497 3075 568 3128 Plut.
585 3074 642 3128 adv.
659 3073 743 3129 Colot.
758 3075 799 3128 14.
818 3092 843 3144 p.
860 3075 929 3128 1115
944 3078 1073 3128 τελευτῶν
1092 3077 1140 3128 τὸν
1157 3075 1264 3145 κόσμον

144 3166 228 3216 αὐτὸν
248 3167 280 3217 οὐ
299 3168 367 3234 ζῷον
386 3165 459 3218 εἶναί
477 3181 559 3236 φησι,
586 3166 617 3217 τὸ
636 3165 667 3218 δὲ
686 3166 756 3217 κατὰ
777 3167 865 3235 φύσιν
883 3165 1004 3218 ἕπεσθαι
1023 3165 1147 3232 reginmari
1167 3165 1263 3232 τύχην

142 3255 230 3326 ἀρχὴν
248 3255 302 3323 γὰρ
320 3253 464 3307 ἐνδιδόναι
483 3255 515 3306 τὸ
534 3255 706 3324 αὐτόματον,
735 3253 793 3306 εἶτα
813 3254 883 3306 οὕτω
902 3259 1085 3324 περαίνεσθαι
1108 3263 1162 3304 τῶν
1180 3268 1263 3322 φυσι-

142 3352 196 3393 κῶν
215 3348 317 3394 παθῶν
335 3341 458 3394 ἕκαστον.
474 3369 508 3379 -
529 3339 566 3395 cf.
582 3339 610 3394 C.
625 3340 778 3405 Nauwerol,
798 3339 830 3392 de
846 3339 931 3394 Strat.
951 3341 1065 3409 Lampo,
1084 3339 1170 3392 Barol.
1186 3338 1263 3392 1836.

141 3426 252 3494 Miller,
280 3427 365 3482 FHG
391 3429 497 3483 11369.
544 3429 671 3494 Krische,
695 3427 810 3482 Forach.
841 3429 893 3482 349
902 3445 940 3498 sq.
976 3429 1021 3482 Br.
1046 3428 1134 3495 1111,
1162 3427 1263 3495 etseq.

142 3516 168 3569 Z.
188 3517 215 3570 Il
234 3513 269 3570 2³
288 3518 385 3586 oorsq.

95 3749 132 3789 ³55
211 3712 274 3778 Cic.
308 3710 377 3776 Fin.
413 3713 442 3775 V
480 3721 530 3778 13.
590 3713 695 3776 Huius
738 3712 910 3795 (Stratonis
946 3712 1134 3796 discipulus)
1169 3713 1262 3794 Lyce,
1290 3744 1348 3795 Lm

143 3820 284 3882 oratione
307 3819 457 3901 locuples
481 3820 575 3882 rebus
599 3819 676 3901 ipsis
699 3819 860 3882 ieiunior⁸.
908 3818 1087 3883 Oonoinnus
1104 3818 1216 3882 deinde
1233 3820 1264 3881 et

143 3926 272 4006 elegans
303 3926 399 3988 huius
429 3924 575 3998 Aristeu
610 3925 665 3988 sed
696 3943 734 3988 aa
764 3944 844 4006 quae
876 3925 1075 3988 desideratur
1106 3942 1262 4004 amagno
1290 3955 1363 3996 „aa

141 4032 329 4116 philosopho
346 4033 487 4113 gravitas
511 4033 544 4094 in
568 4050 603 4096 eo
626 4050 689 4095 non
713 4031 792 4094 fuit:
817 4031 936 4113 scripta
959 4050 1034 4096 sane
1059 4033 1091 4095 et
1109 4031 1212 4094 multa
1231 4031 1264 4094 et

141 4140 259 4222 polita,
290 4139 345 4203 sed
368 4139 474 4202 nescio
499 4157 561 4220 quo
584 4141 677 4220 pacto
702 4138 927 4202 auctoritatem
951 4139 1050 4202 oratio
1072 4156 1136 4200 nou
1158 4137 1265 4200 habet.

142 4245 313 4310 Praetereo
354 4246 489 4322 multos,
530 4245 563 4308 in
597 4245 648 4308 his
688 4245 817 4308 doctum
850 4244 1013 4308 hominem
1054 4245 1087 4306 et
1126 4259 1266 4318 suavem,

142 4345 385 4434 Hieronymum,
410 4370 505 4433 quem
527 4351 592 4414 iam
616 4370 672 4414 our
695 4349 946 4432 Peripateticum
969 4349 1127 4433 appellem
1149 4348 1266 4411 nescio.
1294 4377 1436 4429 flamm

145 4457 316 4522 Summum
352 4458 436 4522 enim
466 4458 586 4521 bonum
624 4456 768 4539 exposuit
795 4456 990 4544 vacuitatem
1021 4453 1173 4526 doloris⁰;
1216 4453 1271 4534 qui
