3140 4990
523 286 670 356 Leucippus
688 289 715 340 ct
734 287 910 344 Democritus.
1231 287 1282 348 161

85 454 157 498 ¹4⁹ss
225 445 393 544 DelCaelo
416 446 467 510 HI
492 453 521 510 2.
546 445 638 510 300b
662 456 691 513 8.
737 443 797 512 Διά
824 452 872 514 καῖ
895 451 1067 536 Λευκίππῳ
1100 455 1147 514 καὶ
1172 453 1284 535 Λημο-

156 557 260 640 κρίτῳ,
295 563 359 626 τοῖς
394 552 530 635 λέγουσιν
564 549 608 618 άεῖ
638 560 788 620 κινεῖσθαι
818 550 856 637 τὰ
885 551 989 639 πρῶτα
1019 550 1151 637 σώματα
1180 556 1211 620 ἔν
1240 557 1284 645 τῷ

156 662 231 748 κενῷ
254 663 302 724 καὶ
324 659 369 746 τῷ
391 654 511 746 ἀπείρῳ,
537 659 653 724 λεκτέον
676 663 744 726 τίνα
766 665 882 745 κίνησιν
905 666 953 725 καί
977 665 1024 735 τίς
1046 656 1062 726 ί
1087 658 1282 748 κατὰφύσιν

154 764 259 833 αὐτῶν
281 769 397 848 κίνησις
410 763 434 830 b.
470 770 497 830 εἶ
517 765 574 850 γάρ
597 762 671 830 ἀλλο
696 759 745 830 ἀπ’
772 759 866 831 ἀλλον
889 778 1011 834 κινεῖται
1034 771 1089 859 βίη
1111 770 1174 834 τῶν
1198 795 1282 834 στοι-

154 878 256 955 χείων,
275 865 366 941 ,ἀλλά
387 875 434 936 καὶ
458 867 534 936 κατά
559 869 651 957 φάσιν
675 867 791 956 ἀνάγκη
814 871 883 936 τινὰ
905 871 977 938 εἶναι
1001 873 1117 957 κίνησιν
1140 869 1280 954 ἑκάστου,

153 977 228 1066 παρ’
253 976 292 1063 ἣν
314 971 332 1056 ίη
355 974 455 1060 βίαιός
478 980 560 1044 ἔστιν
578 987 599 1041 ⁰.

225 1117 252 1158 a.
279 1102 368 1156 Motus
387 1103 534 1154 atomorum
553 1099 628 1154 nullo
647 1117 663 1154 a
682 1101 810 1169 principio
828 1099 872 1154 sed
893 1117 922 1154 ex
941 1104 1046 1156 aeterno
1064 1105 1180 1172 temporo
1194 1102 1278 1171 (Cice-
1318 1109 1390 1148 motus

152 1193 224 1246 ronis
238 1191 324 1254 verba,
344 1189 375 1242 de
386 1188 430 1242 fin.
440 1188 455 1242 1
466 1189 518 1256 17).
557 1189 639 1242 Arist.
651 1188 729 1258 Phys.
740 1189 808 1242 VIII
818 1191 842 1242 l.
853 1188 906 1243 252
921 1190 985 1245 232.
1006 1193 1073 1252 ὅλως
1082 1193 1112 1246 ἀὲ
1121 1194 1280 1264 τόνομίζειν
1305 1169 1408 1212 ²⁶³⁸¹¹²¹¹⁸

151 1283 240 1354 ἀρχὴν
258 1280 327 1333 εῖναι
347 1281 448 1345 ταύτην
466 1280 567 1344 ἱκανήν,
588 1279 630 1330 ὅτι
650 1280 693 1332 ἀεὶ
714 1282 729 1344 ἢ
748 1279 824 1331 ἔστιν
838 1280 922 1339 οὕτως
941 1283 1101 1349 ἢγίγνεται,
1123 1283 1171 1333 οὐκ
1190 1283 1279 1354 ὀρθῶς

151 1371 208 1441 ἔχει
230 1371 383 1435 ὑπολαβεῖν,
404 1363 489 1438 ἔφ”ὃ
508 1367 681 1438 Δημόκριτος
700 1368 797 1435 ἀνάγει
821 1369 870 1427 τάς
896 1373 958 1442 περὶ
983 1371 1091 1440 φάσεως
1114 1374 1217 1433 αἰτίας,
1244 1371 1279 1430 ὡς

152 1459 224 1512 οὕτω
241 1461 287 1510 καὶ
306 1459 338 1508 τὸ
357 1457 491 1530 πρότερον
508 1457 629 1524 ἐγίνετο·
651 1464 700 1506 τοῦ
718 1455 749 1508 ἀὲ
775 1457 818 1508 ἀεὶ
849 1457 897 1508 οὐκ
922 1458 996 1517 ἀξιοῖ
1021 1459 1107 1530 ἀρχὴν
1132 1459 1223 1523 ζητεῖν.
1244 1485 1278 1496 -

150 1545 193 1600 ef.
212 1547 292 1600 Arist.
313 1543 377 1598 Gen.
396 1544 484 1598 Anim.
503 1543 528 1594 V
547 1544 572 1597 8.
594 1542 673 1598 7891>
692 1543 718 1596 2.

222 1652 252 1708 b.
281 1650 445 1704 Necessitate
464 1649 553 1702 omnia
571 1649 649 1702 fiunt.
687 1648 1154 1719 Stob.Ecl.I160.Doxogr.321.
1186 1655 1277 1706 Λεύκ-

150 1762 239 1802 ιππος
267 1743 359 1794 πάντα
384 1735 445 1792 κατ’
469 1741 597 1807 ἀνάγκην,
624 1740 672 1804 τὴν
691 1734 720 1791 ‹5'
744 1740 829 1804 αὐτὴν
848 1741 982 1810 ὑπάρχειν
1006 1743 1180 1812 εἱμαρμένην.
1205 1744 1277 1809 λέγει

151 1832 206 1903 γάρ
220 1832 249 1884 iv
263 1831 300 1897 τῷ
316 1833 384 1902 Περὶ
401 1837 466 1880 νοῦ·
488 1827 570 1880 οὐδὲν
583 1835 681 1899 χρῆμα
699 1827 791 1898 μάτην
810 1832 923 1896 γίνεται,
944 1829 1012 1880 ἀλλά
1033 1831 1126 1880 πάντα
1144 1830 1173 1881 ἐκ
1192 1830 1277 1898 λόγου

152 1939 180 1973 τε
198 1923 245 1972 καὶ
266 1913 314 1970 ὑπ’
337 1919 462 1985 ἀνάγκης.
1308 1949 1311 1964 -,

224 2020 251 2062 c.
281 2004 370 2058 Turbo
389 2007 545 2058 atomorum.
583 2001 652 2057 Sext.
672 2003 757 2056 Math.
776 2001 817 2054 IX
836 2003 896 2056 113.
934 2000 997 2056 κατ’
1020 2005 1142 2072 ἀνάγκην
1159 2006 1213 2077 μὲν
1230 2009 1277 2058 καὶ
1314 2019 1376 2088 δίνη
1402 2004 1406 2012 ’

151 2099 208 2150 ὑπὸ
233 2097 323 2161 δίνης,
350 2096 384 2154 ὡς
409 2095 502 2162 ἔλεγον
528 2096 555 2145 οἱ
574 2096 636 2162 περὶ
655 2095 843 2164 Δημόκριτον,
875 2093 922 2144 οὐκ
948 2095 982 2143 ἀν
1006 2099 1111 2145 κινοῖτο
1131 2095 1146 2145 ὁ
1164 2095 1275 2165 κόσμος.

148 2185 193 2239 Cf.
213 2184 290 2249 Diog.
311 2181 351 2234 IX
372 2181 414 2234 45.
452 2180 491 2233 IX
509 2183 553 2234 32.

224 2271 277 2325 4*.
307 2269 361 2323 Sua
380 2273 471 2338 sponte
490 2267 531 2320 vel
550 2284 614 2320 casu
629 2268 733 2330 moveri,
753 2282 845 2334 parum
866 2270 988 2320 accurate
1008 2267 1093 2320 tradit
1110 2268 1275 2333 Aristoteles,
1340 2253 1371 2304 τὸ

148 2359 231 2430 Phys.
244 2361 304 2413 114.
317 2359 389 2411 196²
403 2357 452 2410 24:
472 2361 525 2410 εἰσὶ
537 2357 572 2409 ἀί
583 2375 653 2416 τινες
668 2359 694 2409 οἳ
708 2360 754 2408 καὶ
765 2357 900 2424 τούρανοῦ
914 2357 995 2410 rosicis
1011 2361 1057 2408 καὶ
1075 2369 1128 2410 τῶν
1137 2331 1439 2428 κοσμικῶναύτόμαων

150 2456 295 2504 αἰτιῶνται
316 2450 348 2501 τὸ
368 2448 542 2518 αὐτόματον·
563 2447 620 2498 ἀπὸ
639 2447 816 2516 ταύτομάτου
829 2446 883 2516 γάρ
897 2449 1046 2513 γίγνεσθαι
1061 2447 1109 2512 τὴν
1133 2447 1211 2514 άίνην
1229 2451 1276 2500 καὶ

150 2541 202 2606 τὴν
219 2544 326 2604 κίνησιν
345 2538 393 2600 τὴν
411 2535 596 2607 ἀιακρίνασαν
613 2538 660 2586 καὶ
678 2535 894 2598 καταστήσασαν
913 2538 952 2593 εἰς
970 2535 1072 2599 ταύτην
1091 2535 1139 2600 τὴν
1153 2539 1230 2596 τάξιν
1244 2538 1275 2588 τὸ

150 2639 217 2682 πᾶν.
255 2623 347 2692 Simpl.
367 2623 447 2692 Phys,
468 2623 501 2675 73
515 2633 537 2674 V.
556 2621 618 2685 327,
637 2620 673 2674 24
690 2621 722 2675 D.
756 2623 824 2674 ἀλλά
843 2626 889 2674 καὶ
909 2624 1080 2692 Δημόκριτος
1099 2625 1128 2675 ἐν
1147 2617 1187 2683 οἷς
1206 2640 1275 2694 φησι

150 2717 295 2781 „demost
322 2715 379 2766 ἀπὸ
403 2721 453 2764 τοῦ
471 2713 574 2770 παντὸς
593 2712 778 2782 ἀποκριθῆναι
797 2715 938 2762 παντοίων
955 2711 1071 2763 εῖάίτυνΗ
1091 2710 1160 2777 (πῶς
1178 2712 1275 2764 δὲκαὶ

152 2807 208 2858 ὑπὸ
226 2810 301 2863 τίνος
320 2806 410 2860 αἰτίας
427 2801 466 2872 μὴ
490 2798 573 2867 λέγει)
601 2800 687 2852 ἔοικεν
713 2801 769 2850 ἀπὸ
798 2800 974 2870 ταύτομάτου
997 2804 1042 2851 καὶ
1068 2801 1150 2870 τύχης
1174 2811 1275 2869 γεννᾶν

150 2895 244 2946 αὐτόν.
282 2889 314 2942 Id
329 2889 460 2942 immerito
479 2887 635 2940 criminatur
653 2885 709 2939 Cic.
725 2887 756 2939 D.
772 2885 835 2938 Nat.
850 2885 864 2938 I
880 2887 928 2939 66:
947 2887 1027 2938 ααλλο
1037 2893 1146 2954 coponio
1156 2894 1272 2954 natura,

147 2965 199 3037 scd
217 2995 353 3034 concursu
371 2976 491 3045 ηαοάααι
508 2975 637 3040 fortuito.
675 2974 783 3027 Rectius
801 2973 868 3027 idem
889 2973 920 3028 de
932 2975 991 3028 Fin.
1006 2975 1020 3026 1
1035 2975 1070 3028 20
1088 2979 1274 3030 commemorat

150 3069 345 3124 concursionem
364 3066 555 3118 turbulentam.
651 3115 654 3121 ,

223 3174 274 3230 ο*.
303 3172 413 3225 Diversa
444 3173 564 3222 motuum
591 3185 695 3236 genera.
733 3167 805 3222 Stob.
834 3167 890 3220 Ecl.
915 3167 930 3220 I
953 3168 1014 3222 394.
1034 3169 1096 3221 Dox.
1116 3169 1177 3222 319.
1215 3175 1272 3235 Δη-

148 3267 280 3338 μόκριτος
298 3262 327 3314 ἓν
345 3265 424 3329 γένος
442 3261 570 3324 κινήσεως
597 3260 629 3310 τὸ
656 3259 725 3310 κατὰ
754 3257 892 3328 παλμὸν2
922 3257 1101 3326 ἀπεφαίνετο.
1138 3255 1210 3310 Alex.
1236 3255 1271 3309 ad

150 3351 268 3420 Metaph.
294 3350 308 3402 I
333 3349 358 3401 4.
387 3365 411 3416 p.
431 3346 474 3409 27,
494 3348 542 3400 2οι
577 3339 653 3398 οὗτοι
685 3348 739 3419 γάρ
770 3345 931 3412 (Leucippus
964 3349 991 3396 et
1023 3343 1199 3410 Democritus)
1231 3347 1273 3399 λέ-

149 3459 250 3510 γουσιν
279 3437 520 3502 ἀλληλοτυποάσας
546 3439 592 3486 καλ
624 3439 793 3506 κρουομένας
821 3435 889 3503 πρὸς
917 3435 1032 3499 ἀλλήλας
1058 3438 1196 3485 κινεῖσθαι
1225 3436 1273 3494 τάς

151 3531 281 3601 ἀτόμους.
301 3553 334 3564 --
354 3522 447 3592 Simpl.
466 3523 545 3590 Phys.
565 3524 618 3576 9⁹.
637 3522 680 3584 42,
701 3523 735 3576 10
744 3522 777 3575 Ι).
804 3523 976 3592 Δημόκριτος
996 3523 1077 3590 φύσει
1097 3522 1211 3586 ἀκίνητα
1230 3523 1272 3574 λέ-

150 3638 208 3686 γων
236 3618 270 3668 τὰ
300 3619 392 3685 άτομα
426 3615 515 3684 πληγῇ
546 3615 687 3664 κινεῖσθαί
718 3628 809 3682 ηησιν.
856 3608 896 3662 Of.
926 3608 982 3662 cic.
1010 3607 1041 3660 de
1068 3608 1136 3660 Fato
1166 3609 1209 3661 46.
1238 3636 1272 3647 -

149 3705 269 3772 Simplic.
289 3702 319 3754 de
338 3701 418 3755 Caelo
437 3701 490 3753 254
505 3711 518 3738 V
537 3700 580 3752 27.
608 3697 695 3752 Schol.
710 3698 791 3751 Arist.
807 3697 860 3751 510
874 3696 887 3735 b
902 3697 950 3750 30:
972 3701 999 3749 οἱ
1017 3701 1079 3766 περὶ
1099 3699 1273 3768 Δημόκριτον

148 3799 195 3847 καὶ
217 3795 330 3864 ὕστερον
343 3787 503 3858 Ἐπίκουρος
526 3789 574 3848 τὰς
598 3789 720 3858 ἀτόμους
739 3789 832 3846 πάσας
851 3789 985 3858 ὁμοφυεῖς
1005 3789 1089 3845 οἰλσας
1102 3787 1185 3854 βάρος
1199 3787 1272 3854 ἔχειν

150 3887 231 3953 φασί,
251 3885 288 3948 τῷ
308 3880 339 3932 ἀὲ
358 3879 431 3931 εἶναί
447 3897 509 3929 τινα
527 3878 662 3948 βαρύτερα
681 3877 858 3946 ἐξωθούμενα
877 3875 911 3926 τά
930 3875 1083 3943 κουφότερα
1110 3868 1159 3924 ὑπ’
1182 3875 1272 3924 αὐτῶν

151 3971 338 4042 ὑηιζανόντιυν
356 3969 403 4020 ἐπὶ
421 3969 453 4018 τὸ
473 3970 528 4018 livor
548 3969 699 4035 φίρεσάαι’
725 3968 771 4016 καὶ
791 3965 861 4016 οὕτω
879 3966 1008 4032 λέγουσιν
1027 3955 1104 4013 οὗτοι
1123 3961 1216 4013 ἀοκεῖν
1236 3963 1270 4013 τά

147 4059 202 4130 μὲν
219 4067 313 4128 κοῦφα
332 4055 401 4109 εῖναι
421 4055 454 4107 τά
474 4053 505 4107 δὲ
524 4057 616 4127 βαρέα.

204 4214 231 4281 1)
251 4215 341 4274 δεῖνος
351 4238 385 4257 ==
396 4214 480 4274 ιλῐνος.
508 4211 584 4264 Ηιιυο
594 4226 681 4264 νοοετυ
692 4210 883 4263 Democriteum
893 4225 922 4262 ex
932 4207 1033 4260 tradito
1043 4209 1135 4262 δεινόν
1148 4206 1268 4260 restituit

150 4303 224 4357 Diels
242 4319 268 4370 p.
284 4303 344 4356 327.
364 4301 482 4354 Mullach
502 4301 572 4372 δίνη.
610 4297 692 4351 Zeller
710 4297 742 4351 1⁴
754 4296 826 4352 818Β
844 4297 941 4351 maluit
960 4297 1067 4348 ἀείκελα
1079 4315 1109 4342 =
1122 4296 1271 4348 εἴδωλα.-

150 4393 178 4455 2)
197 4391 224 4444 Ζ.
244 4390 276 4444 1⁴
293 4387 364 4444 ‘7952
383 4407 452 4457 susp.
474 4392 587 4458 πληγήν,
606 4387 670 4456 quia
688 4403 729 4455 ap.
749 4385 876 4438 Ps-Plut.
897 4384 1025 4451 scriptum
1045 4383 1082 4436 sit
1102 4387 1226 4452 πλάγιον.

204 4497 262 4537 nist,
278 4495 338 4535 Phil.
367 4495 406 4535 nc.
422 4495 470 4534 un.
1025 4471 1059 4524 11
