3150 4996
284 301 320 364 38
783 307 941 363 Heraclitus.

357 467 386 526 lt.
405 467 547 532 Lucienus,
558 466 612 522 vit.
623 466 752 532 ductii,
769 466 935 522 Heraclitum
945 466 1010 524 haec
1019 467 1168 537 loquentem
1183 465 1299 522 inducit:
1314 468 1402 519 ταῦτα

284 553 429 626 σ’άάρομαι,
448 557 492 608 καὶ
510 551 555 607 ὅτι
573 551 696 626 ἔμπεδον
714 551 808 620 oridia,
825 551 894 608 άλίά
912 573 965 616 κως
983 552 1012 616 ἐς
1030 559 1153 608 κυετώνα
1171 553 1207 610 τά
1226 553 1318 608 πάντα
1336 573 1402 607 συν·

285 643 425 714 ειλέονται,
443 650 490 696 καί
507 639 564 697 ἔστι
578 639 666 696 rorico*
685 644 780 715 τέρψις
800 640 925 714 άτερψίη,
942 647 1046 714 γνῶσις
1059 641 1187 714 α’γνωσίη,
1204 645 1280 717 μέγα
1292 642 1402 716 μικρόν,

284 731 341 785 ἄνω
359 731 431 785 κάτω
450 736 653 804 περιγωρεῦντα
680 734 724 784 καὶ
748 725 918 803 άμειβάμενα
943 730 974 786 ἐν
992 735 1022 802 τῇ
1039 736 1089 786 τοῦ
1106 735 1204 794 αίοῖνος
1221 731 1325 804 παιδιῇ.
1360 733 1401 789 Gi.

284 821 390 892 Hippol.
409 821 449 876 1x
468 824 493 879 9.
512 829 555 876 R!
574 823 609 877 32
628 838 652 878 u.
690 821 762 876 Adde
787 823 869 877 Clem.
890 821 1005 892 Paedug.
1024 822 1038 876 l
1056 823 1083 888 5,
1100 839 1126 892 p.
1148 821 1234 878 lllP.
1270 821 1355 877 Prool.
1374 822 1402 876 in

285 910 351 966 Tim.
372 913 422 966 101
433 911 464 966 F.
500 911 913 981 BemaysMus.Rh.V11109.
950 911 1056 966 Similia
1074 911 1146 982 Byw.
1165 912 1199 966 ad
1217 911 1249 966 fr.
1269 911 1304 966 78
1322 913 1349 966 et
1368 911 1402 966 79

283 1000 398 1070 collegit.

142 1133 197 1171 qm
211 1123 266 1164 nona
354 1121 381 1162 c.
409 1107 474 1162 Inde
498 1107 633 1162 concludit
657 1107 813 1162 Aristoteles
832 1107 995 1163 Heraclitum
1018 1109 1099 1163 etiam
1121 1108 1218 1164 bonum
1242 1110 1270 1163 et
1292 1107 1401 1172 mulum,

124 1175 201 1218 ΜΝ
215 1177 274 1218 ¹²⁸¹*
282 1194 350 1266 quod
361 1195 395 1250 ad
405 1211 488 1250 mores
499 1196 637 1264 pertineat,
657 1195 746 1251 eodem
763 1212 905 1263 revocasse,
924 1196 1178 1268 Τορ.71Π5.1591
1193 1197 1241 1268 3⁰5
1262 1195 1340 1266 Phys.
1352 1195 1365 1249 l
1375 1195 1400 1260 2,

283 1284 398 1341 185219.
413 1279 482 1336 datu
500 1283 555 1352 μὴν
574 1285 600 1336 εί
616 1288 654 1357 τιβ
672 1284 747 1355 λόγῳ
765 1283 796 1338 ἓν
815 1283 847 1338 τά
866 1282 931 1338 ὄντα
954 1283 1054 1352 πάντα,
1068 1281 1104 1346 ώς
1116 1279 1400 1356 λωπίονιιαὶίμάτιον,

265 1394 267 1400 ·
283 1372 331 1426 τόν
347 1371 513 1442 Ἡρακλείτου
531 1371 616 1443 λόγον
635 1376 775 1445 συμβαίνει
793 1373 884 1442 λέγειν
901 1371 1009 1434 ου’τοῖς·
1029 1371 1131 1428 ταάτόν
1144 1373 1198 1444 γάρ
1213 1371 1289 1427 ἔσται
1301 1371 1402 1445 α’γαθρῖ

283 1464 328 1514 καὶ
346 1464 420 1535 κακῷ
436 1448 506 1515 εἶναι
524 1463 571 1515 κα)
586 1459 626 1533 με)
643 1457 745 1534 α’γαθρῖ
762 1465 808 1515 καὶ
826 1459 936 1534 α’γαθῷ.
972 1463 1010 1518 Ac
1028 1465 1088 1518 Her.
1107 1465 1207 1518 statuit
1221 1463 1329 1518 eandem
1347 1479 1401 1516 rem

283 1568 329 1622 pro
348 1568 398 1606 usu
417 1554 497 1622 atque
515 1551 664 1608 condicione
682 1568 767 1607 rerum
786 1552 960 1607 humanarum
985 1552 1061 1607 modo
1087 1553 1182 1607 bonum
1208 1551 1283 1606 modo
1301 1553 1401 1607 malam

284 1641 442 1706 existimtri,
471 1641 512 1695 dis
539 1641 627 1696 omnia
654 1640 723 1696 bona
746 1657 814 1706 esso,
843 1658 866 1696 v.
892 1647 935 1696 111
953 1643 988 1697 37
1007 1644 1035 1695 et
1052 1641 1084 1696 fr.
1103 1641 1139 1696 52
1157 1641 1213 1710 (83)
1232 1657 1275 1711 ap.
1295 1641 1400 1710 Hippoi.

283 1728 323 1783 IX
343 1731 384 1785 10.
417 1727 541 1782 Θάλασσα
559 1725 633 1798 ὕδωρ
652 1729 850 1799 καθαρώτατον
868 1731 913 1782 καὶ
932 1723 1113 1799 μιαρώτατον,
1137 1729 1233 1798 ἰχθύσι
1250 1729 1304 1799 μὲν
1322 1724 1401 1782 πότι-

282 1835 337 1888 μον
356 1820 401 1870 καὶ
415 1818 556 1887 σωτήριον,
569 1813 729 1888 άνθρώποις
743 1817 776 1872 δὲ
789 1815 893 1871 άτιοτον
911 1820 955 1869 καὶ
973 1814 1110 1887 ὀλέθριον,
1125 1821 1152 1873 et
1165 1818 1228 1874 ibid.
1244 1817 1275 1873 fr.
1286 1817 1320 1873 58
1331 1817 1400 1886 (81):

283 1906 328 1958 καὶ
346 1902 458 1975 α’γαθὸν
476 1909 522 1960 καὶ
539 1907 623 1959 κακόν
642 1907 688 1978 (sc.
707 1906 737 1960 ἕν
756 1904 839 1973 ε’στι)·
859 1909 884 1958 οἱ
902 1909 972 1975 γοῦν
991 1909 1080 1977 ἰατροὶ
1103 1903 1256 1977 τάμνοντες
1280 1910 1402 1965 καίοντες

283 1993 368 2065 πάντῃ
382 1998 571 2065 βασανίζοντες
585 1999 675 2056 κακῶς
688 1993 752 2056 τούς
771 1992 989 2066 α’ρρωστοῦντας,
1012 1993 1182 2048 ἐπαιτέονται
1197 1999 1208 2037 ¹
1226 1995 1314 2065 μηδὲν
1332 1993 1402 2058 ἄξιοι

281 2079 388 2154 μισθόν
406 2083 555 2156 λαμβάνειν
568 2083 643 2156 παρά
657 2089 710 2138 τῶν
723 2081 945 2156 άρρωστοιῐντων,
965 2082 1053 2137 τωάτά
1067 2082 1246 2152 ἐργαζόμενοι
1259 2082 1294 2136 τά
1306 2075 1402 2152 οἷγαθά

263 2233 264 2236 ¹
282 2173 328 2226 καί
345 2172 393 2234 τάς
411 2172 516 2236 νόσους.
553 2175 671 2242 „Medici
689 2192 749 2231 cum
769 2178 889 2244 aegrotos
908 2175 975 2229 ferro
993 2175 1100 2244 ignique
1118 2173 1317 2244 aggrediuntur,
1335 2189 1401 2228 mer·

282 2262 369 2317 cedem
388 2263 492 2334 insuper
509 2266 646 2334 flagitant.
684 2264 768 2334 Atqui
785 2264 853 2318 nihil
869 2263 978 2333 praemii
994 2265 1143 2317 meruerunt
1160 2263 1255 2332 quippe
1272 2263 1318 2332 qui
1332 2261 1401 2316 bona

283 2351 337 2406 ista
356 2369 416 2408 cum
434 2353 530 2408 morbis
549 2353 696 2423 adaequent
709 2354 728 2408 i.
742 2369 763 2408 e.
779 2369 859 2422 aeque
874 2369 905 2408 ac
919 2351 1003 2407 morbi
1017 2353 1044 2406 in
1060 2353 1180 2421 aegrotos
1195 2352 1341 2406 saeviant.“

157 2580 249 2622 monn.
352 2549 474 2614 Heracl.
504 2549 541 2616 ir.
567 2557 609 2616 80
639 2550 718 2633 (20).
755 2549 838 2614 Plut.
867 2547 934 2614 adv.
966 2547 1063 2614 Oolot.
1087 2555 1138 2614 20.
1181 2542 1215 2613 ‘0
1244 2548 1278 2610 δὲ
1302 2539 1401 2630 Ἡρά-
1420 2559 1448 2602 ιι
1551 2595 1552 2598 ,

284 2663 409 2740 κλειτος,
446 2650 488 2733 cic
509 2657 587 2741 μέγα
616 2683 645 2722 τι
674 2660 721 2722 καὶ
752 2655 861 2740 σεμνὸν
895 2655 1170 2741 διαπεπραγμένος,
1205 2647 1400 2737 ἐδιζησάμην,

284 2766 386 2850 φησίν,
410 2760 561 2848 ἐμεωυτόν
575 2772 597 2827 ⁵.
629 2761 900 2828 016111811011111
919 2770 971 2841 21,
990 2781 1020 2844 p.
1038 2770 1100 2828 497
1119 2763 1154 2827 Ρ.
1198 2754 1402 2846 Ἀναξαγὸραν

284 2906 328 2916 -
350 2869 406 2954 τὴν
429 2873 564 2956 θεωρίαν
587 2866 681 2956 φάναι
705 2870 762 2935 τοῦ
783 2873 854 2952 βίου
885 2872 971 2947 τέλος
994 2867 1066 2934 εἶναι
1089 2873 1136 2934 καὶ
1161 2863 1215 2954 τὴν
1244 2863 1303 2933 άπὸ
1327 2860 1402 2932 ταῦ-

285 3001 341 3060 της
368 2979 541 3062 ἐλευθερίαν
564 2977 715 3060 λέγουσιν,
749 2970 946 3061 Ἡράκλειτον
970 2977 1004 3042 δὲ
1027 3013 1070 3024 -
1093 2974 1148 3061 τὴν
1171 2971 1364 3059 εὐαρέστησιν
1377 2971 1401 3038 ¹³.

285 3082 337 3148 Fr.
356 3091 417 3150 125
436 3083 528 3166 (133)
543 3100 589 3166 ap.
608 3081 703 3149 (ilem.
720 3084 873 3165 Protrept.
890 3091 920 3161 2,
942 3101 971 3164 p.
989 3091 1040 3148 19.
1063 3081 1102 3147 τὰ
1124 3077 1306 3165 νομιζόμενα
1328 3073 1400 3144 κατ’

285 3182 473 3274 ἀνθρώπους
501 3187 651 3275 μυστήρια
674 3185 828 3275 άνιερωστὶ
850 3189 995 3273 μυεῦνται
1010 3197 1032 3255 ⁰.
1079 3189 1127 3252 Fr.
1154 3191 1216 3254 100
1240 3187 1331 3270 (125)
1353 3204 1400 3267 ap.

285 3291 375 3377 Diog.
400 3295 446 3358 IX
470 3302 499 3360 2.
531 3290 686 3380 μάχεσθαι
708 3291 767 3384 χρὴ
790 3291 843 3362 τὸν
867 3296 965 3381 δῆμον
998 3289 1073 3382 ὑπὲρ
1106 3295 1163 3361 τοῦ
1196 3288 1291 3378 νόμου
1325 3286 1403 3365 ὅκως

285 3392 360 3486 ὖπέρ
384 3405 499 3484 τείχευς
512 3400 537 3470 ⁶.

357 3555 386 3597 8.
415 3541 486 3596 Plut.
505 3541 570 3599 huet
588 3542 699 3599 subicit:
717 3543 762 3594 καὶ
771 3545 826 3596 τών
835 3541 866 3595 ἐν
875 3541 991 3613 Δελφοῖς
1000 3539 1174 3613 γραμμάτων
1188 3539 1330 3593 θειότατον
1340 3535 1402 3590 tdo'·

286 3643 327 3682 κει
352 3628 384 3681 τά
408 3632 501 3682 Γνώθι
526 3629 634 3686 σαυτόν.
670 3631 757 3686 Aliter
775 3631 852 3702 Diog.
871 3631 912 3685 IX
929 3632 955 3697 5,
974 3637 1017 3684 BP
1036 3632 1078 3688 22,
1115 3631 1165 3686 Dio
1184 3631 1275 3700 ChryS.
1295 3628 1340 3684 Or.
1358 3627 1401 3682 55.

287 3735 312 3788 p.
332 3719 384 3774 282
394 3718 426 3774 R.
442 3715 544 3788 Ἡράκλ.
564 3714 602 3772 ἔτι
620 3719 815 3790 γενναιότερον
834 3715 920 3779 ariade
938 3716 1059 3789 ἐξευρεῖν
1073 3719 1123 3784 τήν
1137 3722 1184 3771 τοῦ
1198 3717 1299 3778 παντάς
1317 3711 1403 3786 φύσιν

286 3807 366 3860 duola
383 3801 516 3876 τυγχάνει
534 3795 602 3861 οὖσα
619 3806 739 3878 μηδενός
756 3801 920 3871 διδάξαντος
939 3808 985 3860 καὶ
1009 3807 1143 3876 γενέσθαι
1165 3802 1235 3876 παρ’
1254 3807 1337 3859 αὑτοῦ
1355 3821 1402 3857 σο-

285 3895 348 3967 φός.
384 3897 490 3953 Tatium.
510 3913 546 3954 or.
565 3896 599 3952 ud
618 3894 709 3954 Graec.
728 3898 753 3953 3.
772 3896 892 3966 ἐμαυτόν
910 3895 1087 3968 ἐδιδαξάμην.

358 4147 385 4212 1)
411 4145 527 4216 Bemays
551 4162 597 4216 pro
622 4142 804 4200 ἐπαιτιῶνται.
850 4145 923 4200 Idem
953 4145 1043 4216 μηδὲν
1074 4144 1143 4209 άξιοι
1175 4148 1293 4216 μισθῶν.
1330 4145 1401 4213 ByW.

286 4231 389 4304 μηδέν’.
427 4235 514 4305 Vulgo
533 4231 616 4296 ἄξιον.
654 4234 777 4292 Peterson
796 4234 863 4287 κατιὶ
883 4231 933 4295 τάς
951 4232 1056 4295 νόσους.
1094 4235 1165 4306 Byw.
1185 4251 1256 4304 susp.
1281 4235 1326 4285 aul
1352 4237 1403 4299 βα-

286 4320 392 4382 σάνους.
420 4322 522 4394 Sauppe
535 4321 621 4378 τιν’ττὶ
640 4321 697 4395 ἐργ.
716 4320 749 4378 τά
766 4321 865 4394 άγαθιὶ
883 4326 928 4376 καί
942 4321 999 4392 (τά
1013 4320 1103 4390 nord>
1116 4322 1165 4383 τάς
1183 4321 1287 4382 νόσους.
1316 4321 1402 4390 Vulgo

288 4414 383 4466 ταῦτα.
