3140 4990
643 329 817 399 Empedocles.
1239 328 1290 388 lot

243 489 295 542 402
333 501 441 561 σαρκῶν
460 492 610 559 ἀλλογνῶτι
629 495 843 560 περιστέλλουσα
860 502 959 561 χιτῶνι
1190 504 1192 512 ’
1238 493 1292 547 379

168 583 218 631 καλ
249 583 488 650 μεταμαισχοοσα
521 581 569 639 τὰς
589 581 689 648 ψυχας.
728 579 871 632 Daemones
891 578 964 646 (373)
983 581 1087 648 propter
1105 579 1203 633 scelera
1221 595 1290 634 com·

172 669 255 721 missa
273 683 302 720 ex
321 665 417 718 divinis
445 665 549 720 sedibus
568 666 669 720 detrusi
688 667 762 735 (374)
781 670 837 721 tam
856 667 900 721 diu
919 683 964 736 per
982 683 1069 721 omnes
1088 667 1179 722 mundi
1203 671 1292 738 partes

173 755 348 823 ‹377-380)
366 757 499 823 vagantur
517 757 545 808 et
563 772 608 824 per
632 757 749 809 omnium
775 773 909 825 corporum
929 756 1026 809 formas
1051 758 1190 810 mutantur
1208 757 1292 825 (375),

169 843 252 898 donec
271 861 353 914 poena
372 844 507 914 persoluta
525 843 638 898 reditum
659 845 693 898 ad
711 861 818 914 superos
836 845 992 899 meruerint:
1016 846 1115 914 quain
1134 846 1291 914 migratione

169 933 353 1002 obtemperant
375 933 526 986 Discordiac
555 933 658 1001 (Νείκεϊ
679 940 840 1007 μαινομένῳ
864 940 987 998 πίσυνος,
1006 951 1045 988 vs.
1064 933 1136 1002 382).
1174 933 1292 988 Subeunt

170 1023 269 1087 avium,
283 1023 404 1091 piscium,
419 1023 536 1076 omnium
551 1023 707 1077 animalium
726 1022 831 1087 formas,
850 1025 930 1076 etiam
945 1023 1098 1091 plantarum
1117 1025 1144 1076 et
1162 1023 1292 1088 arborum,

171 1129 234 1165 nam
252 1111 317 1166 haec
336 1127 437 1180 quoquc
463 1113 527 1164 sunt
550 1112 699 1176 animatae,
728 1127 751 1165 v.
771 1117 814 1164 R?
834 1113 894 1177 136,
914 1127 937 1166 a.
971 1111 1094 1177 ¹Quamm
1113 1112 1293 1165 mutationum

171 1202 213 1254 ost
236 1200 291 1254 alia
316 1201 495 1268 praestantior
520 1201 575 1254 alia
603 1199 722 1254 deterior.
760 1200 801 1254 Of.
821 1200 924 1256 Action.
944 1201 1013 1254 Hist.
1033 1200 1083 1255 An.
1103 1200 1158 1254 XII
1177 1201 1201 1256 7.
1221 1204 1294 1271 λέγει

170 1291 204 1344 dd
222 1294 268 1344 καὶ
276 1285 357 1362 Ἐμπ.
370 1292 418 1356 τὴν
431 1292 546 1362 ἀρίστην
557 1291 628 1343 εἶναι
645 1295 805 1362 μετοίκησιν
823 1292 871 1356 την
890 1301 940 1344 τοῦ
958 1292 1122 1362 ἀνθρώπου,
1142 1295 1166 1344 ελ
1183 1291 1237 1362 μὲν
1255 1295 1293 1352 εἰς

172 1381 239 1448 ζῷον
257 1381 272 1445 ἡ
290 1382 363 1446 λῆξις
382 1380 467 1430 αὐτὸν
483 1381 647 1450 μεταγάγοι,
667 1382 765 1431 λέοντα
784 1385 929 1448 γίνεσθαι·
950 1384 974 1432 εἰ
993 1380 1024 1433 dd
1042 1384 1080 1440 εἰς
1099 1380 1195 1449 φυτόν,
1215 1379 1291 1451 (λάφ-

169 1481 237 1534 νην·
258 1467 275 1519 λλ
295 1468 326 1520 δὲ
342 1463 379 1520 Ἐ,
399 1471 477 1536 λέγει,
498 1471 585 1520 ταῦτα’
604 1467 694 1521 ἐστιν·

244 1557 296 1610 438
334 1558 363 1609 έν
381 1558 495 1628 θηρεσσι
513 1559 618 1616 λέοντες
637 1557 780 1628 ὀρειλεχέες
796 1566 967 1631 χαμαιεῦναι
1204 1555 1257 1611 339

333 1651 483 1714 γίγνοντιιι,
505 1646 613 1716 δάφναι
632 1640 663 1698 δ’
682 1647 722 1698 ίνὶ
741 1646 884 1716 ὄένιλρεσιν
903 1648 1072 1718 ἠυκόμοισιν.

245 1765 271 1806 ο.
291 1750 426 1805 Postremo
445 1751 473 1804 in
493 1751 697 1820 praestantiores
716 1751 879 1806 adscendunt
896 1755 1015 1806 naturas.
1053 1752 1128 1821 Emp.
1147 1767 1189 1820 ap.
1209 1750 1293 1806 Clem.

172 1830 269 1896 norom.
289 1840 328 1894 lv
347 1840 445 1910 coum
465 1841 489 1893 v
509 1839 605 1893 mnu:

244 1931 296 1984 447
333 1935 371 1991 εἰς
390 1930 420 1983 δὲ
441 1933 515 1990 τέλος
531 1933 645 2000 μάντεις
664 1949 692 1984 τε
711 1934 756 1982 καὶ
778 1933 930 2002 ὑμνοπόλοι
947 1933 994 1984 καὶ
1014 1934 1101 2002 ἰητροὶ
1204 1929 1258 1984 384

333 2023 378 2072 καὶ
398 2020 502 2092 πρόμοι
522 2020 714 2090 ἀνθρώποισιν
732 2021 921 2089 ἐπιχθονίοισι
940 2022 1077 2082 πέλονται,

333 2099 413 2162 ἔν’θεν
432 2109 635 2174 άναβλαστοῶσι
654 2112 715 2161 θεοὶ
734 2111 830 2180 τιμησι
850 2112 982 2181 ηέριστοι,

244 2196 297 2250 450
334 2199 486 2258 ἀθανάτοις
506 2199 632 2250 ίίλλοισιν
650 2199 783 2268 ὁμέστιοι,
803 2199 1005 2270 αὐτοτράπεζοι,

333 2291 417 2346 εόνιες
435 2286 568 2357 ιἰνάρείων
587 2287 683 2354 ἀχέων,
702 2287 842 2359 ιλπόκηροι,
863 2288 983 2358 ἀτειρεῑς.

172 2375 213 2430 Cf.
234 2375 305 2428 Stob.
326 2375 382 2428 Ecl.
401 2373 480 2443 Phys.
501 2373 514 2426 I
534 2376 568 2428 60
592 2379 638 2427 καὶ
663 2380 742 2435 θείας
763 2376 817 2446 μέν
843 2379 929 2428 οἴεται
948 2377 996 2436 τὰς
1016 2377 1120 2445 ψυχάς,
1148 2379 1242 2435 θείους
1260 2373 1294 2429 δὲ

172 2470 220 2518 καὶ
239 2466 301 2525 τοὺς
318 2468 486 2536 μετέχοντας
508 2465 598 2516 αὐτῶν
616 2465 756 2537 καθαροὺς
773 2469 909 2536 καθαρῶς.

180 2631 191 2647 Ι,
244 2571 274 2626 d.
306 2569 401 2622 Eodem
429 2569 480 2622 ferc
508 2570 611 2637 spectat
638 2585 676 2622 vs.
696 2570 762 2624 388:
791 2565 867 2636 ’Ἀτης
895 2573 929 2622 ἄν
956 2571 1074 2641 λειμῶνα
1099 2571 1169 2622 κατὰ
1198 2572 1295 2630 σκότος

174 2664 346 2728 ἠλάσκουσιν.
383 2658 453 2711 Anto
467 2658 535 2711 hanc
554 2657 637 2710 uitam
658 2657 839 2712 beatissimum
858 2673 885 2711 sc
904 2658 985 2711 fnisse
1003 2657 1139 2726 significat
1158 2673 1199 2727 ap.
1210 2657 1294 2713 Glem.

172 2749 269 2804 Strom.
288 2749 340 2803 569
360 2748 388 2802 P.

245 2839 297 2893 390
333 2841 362 2899 ἐξ
381 2841 438 2904 οἵης
456 2846 536 2910 τιμῆς
554 2856 582 2891 τε
600 2841 646 2890 καὶ
666 2838 752 2890 ὅσσου
769 2839 868 2906 μήκεος
887 2839 968 2904 ὄλβον

334 2922 386 2980 cide
405 2927 493 2978 λιπὼν
510 2927 579 2978 κατὰ
599 2931 684 2994 γαῖαν
703 2927 914 2998 ἀναστρέφομαι
932 2927 1003 2996 μετὰ
1022 2931 1136 2990 θνητῶν.

173 3015 359 3070 Lamentuntis
382 3013 450 3067 hunc
476 3014 559 3066 vitam
584 3019 648 3067 sunt
672 3013 754 3066 etiam
779 3013 844 3066 haec
858 3015 909 3082 ap.
929 3013 1012 3067 Clam.
1032 3011 1127 3067 Strom.
1147 3013 1200 3067 516
1218 3011 1249 3066 Ρ.

245 3105 298 3158 400
334 3108 355 3156 ὢ
374 3105 469 3166 πόποι,
489 3105 510 3154 ὡ
530 3103 621 3156 ὄειλόν
640 3109 748 3169 θνητῶν
766 3107 852 3172 γένος,
871 3105 892 3154 dr
912 3102 1091 3170 ὄασιίνολβον,

334 3194 463 3245 τοίων-ἔκ
481 3188 508 3244 τ’
531 3192 629 3264 έρίόων
647 3193 676 3244 ἔκ
695 3211 722 3245 τε
742 3203 886 3262 στοναχῶν
903 3193 1037 3260 ἐγένεσθε.

173 3279 228 3336 Nec
253 3281 378 3334 differunt
403 3295 470 3348 quae
493 3279 578 3332 tradit
604 3280 709 3347 Hippoi.
736 3279 792 3334 Rei.
812 3280 870 3334 14.
898 3281 962 3333 Dox.
982 3280 1043 3334 559.
1078 3276 1114 3331 Ἐ.
1135 3281 1227 3331 πάντα
1247 3280 1296 3330 τὸν

172 3367 241 3425 καθ’
263 3373 334 3441 ἡμᾶς
354 3371 440 3423 τόπον
465 3371 517 3440 ἔφη
541 3380 631 3422 κακῶν
652 3371 757 3439 μεστὸν
780 3369 851 3422 εἶναι
875 3373 921 3422 καὶ
943 3373 1025 3441 μέχρι
1048 3369 1101 3439 μὲν
1127 3368 1236 3432 σελήνης
1261 3367 1295 3420 τὰ

173 3461 243 3514 κακὰ
263 3462 382 3531 φθάνειν
400 3461 429 3512 ἐκ
448 3467 498 3511 τοῦ
516 3463 578 3531 περὶ
597 3467 649 3527 γῆν
668 3460 757 3511 τόπου
771 3462 899 3521 ταθέντα,
920 3461 1070 3530 περαιτέρω
1084 3456 1115 3508 δὲ
1129 3456 1169 3527 μὴ
1183 3460 1292 3526 χωρεῖν,

174 3552 221 3603 ἅτε
239 3553 432 3622 καθαρωτέρου
451 3557 500 3600 τοῦ
521 3549 587 3620 ὑπὲρ
605 3549 654 3614 τὴν
673 3549 785 3613 σελήνην
805 3549 908 3607 παντὸς
926 3550 1005 3606 ὄντος
1023 3547 1118 3598 τόπου.

245 3668 273 3710 c.
302 3654 451 3707 Meminisse
469 3669 497 3705 se
515 3669 546 3706 ea
564 3656 592 3706 et
610 3656 744 3720 expertum
763 3667 819 3706 ease
838 3652 925 3720 tingit.
962 3650 1095 3704 Nimirum
1124 3648 1208 3702 etiam
1236 3663 1296 3700 eam

173 3744 306 3812 regionem
324 3743 403 3805 vidit,
428 3741 475 3794 ubi
492 3742 670 3808 oppositorum
689 3741 759 3794 inter
777 3757 805 3794 sc
823 3741 1023 3808 principiorum,
1050 3737 1201 3800 notionum,
1234 3751 1295 3790 con-

173 3832 306 3886 dicionum
326 3834 432 3886 aeterna
451 3833 519 3884 esset
536 3830 593 3883 rina
611 3831 638 3882 et
657 3845 760 3898 pugna;
780 3845 823 3896 ap.
843 3827 917 3882 Plut.
936 3827 1032 3896 Tranq.
1051 3826 1101 3880 An.
1120 3842 1145 3893 p.
1164 3825 1226 3879 474.

247 4079 293 4133 Vs.
312 4079 364 4132 402
383 4079 464 4132 etiam
484 4094 525 4146 np.
544 4077 617 4130 Plut.
637 4076 668 4129 de
687 4091 733 4129 esu
752 4092 823 4130 carn.
843 4077 895 4130 998
915 4075 945 4140 C,
974 4073 1020 4128 ubi
1038 4073 1114 4128 scrib.
1135 4076 1293 4142 ἀλλογνῶτι.

176 4167 320 4221 Wakefield
347 4169 374 4220 et
398 4166 500 4221 Lobeck
525 4168 689 4238 ιἰλλόχρωτι,
719 4164 821 4218 Lobeck
838 4163 936 4233 Phryn.
956 4164 1007 4218 607
1036 4163 1118 4216 etiam
1144 4165 1297 4231 ἀλλογνητι.

176 4255 251 4309 Stein
271 4259 438 4330 αλολόχρωτι.
458 4285 493 4294 -
518 4255 562 4308 Vs.
582 4256 643 4308 390.
677 4253 754 4321 Vulg.
781 4257 869 4321 ὄλβου.
890 4282 923 4291 -
949 4252 994 4306 Va.
1013 4253 1076 4306 391.
1104 4251 1238 4304 Clemens:
1263 4249 1299 4312 ὣς

178 4361 262 4416 φησιν
277 4342 358 4418 ’Eum
379 4340 432 4399 dds
457 4344 544 4396 λιπὼν
561 4345 632 4415 μετὰ
658 4349 766 4409 θνητῶν
791 4345 997 4412 ἀναστρέφεται.
1035 4340 1121 4408 Bergk
1140 4343 1222 4407 ὄλβου
1241 4333 1296 4392 ὧδε

177 4435 264 4486 λιπὼν
282 4439 415 4506 λειμῶνας
433 4435 476 4487 ἀν.
506 4434 576 4486 κατὰ
595 4439 638 4486 θν.
677 4430 751 4484 Stein
769 4431 822 4485 390
841 4434 930 4498 ὄλβου,
950 4430 1001 4483 391
1022 4432 1120 4493 πεσών,
1141 4433 1261 4496 θνητοῖς.
