3146 4982
612 355 714 408 Placita
731 372 828 409 eorum.
1150 355 1154 364 '
1229 355 1281 415 487

233 511 264 567 I).
284 512 323 568 cf.
342 512 412 567 Sext.
433 513 525 581 Pyrrh.
550 514 578 568 Π
597 516 630 569 97
642 531 681 584 eq.
717 514 895 584 Argumenta,
925 516 1021 585 quibue
1039 515 1152 587 Sceptici
1177 522 1209 571 τὸ
1233 536 1281 586 ση-

160 607 243 672 μεῖον
262 603 429 656 ἐνδεικτικὸν
447 603 578 656 tollebant
597 603 678 669 (Sext.
698 603 782 656 Math.
797 603 861 658 VIII
882 603 932 658 159
942 621 996 674 eq.;
1015 604 1108 672 Pyrrh.
1122 605 1149 658 H
1164 605 1279 676 104eq.;

161 689 237 758 Dicg.
253 681 296 742 'IX
315 691 349 744 96
360 691 410 760 eq.)
428 707 459 743 eo
476 690 588 744 redeunt
607 692 691 761 quod,
721 691 744 744 si
762 695 834 745 esset
851 691 979 746 eiusmodi
1004 693 1123 760 siguum,
1151 696 1179 747 et
1197 695 1231 747 ad
1249 699 1281 749 τὸ

162 763 282 851 πρόςτι
313 782 341 832 et
364 779 398 831 ed
426 779 623 833 demonstrandi
650 781 740 834 modos
767 780 795 833 id
822 781 994 834 revocandum
1026 797 1083 834 eece
1110 783 1280 849 contendunt,

162 883 228 936 quae
252 885 304 921 non
326 867 413 921 miuus
437 869 534 922 acriter
557 869 768 922 dubitationibus
796 869 851 922 euie
878 869 1077 940 impugnabant.
1106 897 1139 906 «—
1167 869 1206 924 De
1229 889 1281 925 me-

160 958 258 1010 moriae
277 957 360 1025 eignis
379 957 410 1011 cf,
430 958 510 1010 etiam
529 957 599 1010 Sext.
618 957 703 1011 Meth.
723 957 788 1011 VIII
807 958 860 1012 288
886 962 938 1011 adv
966 959 1059 1031 θῶμεν
1084 959 1115 1013 δὲ
1138 960 1281 1035 διαφέρειν

162 1058 215 1100 των
234 1049 324 1100 ἄλλων
341 1042 415 1116 ζῴων
433 1049 481 1100 τὸν
500 1051 651 1119 ἄνθρωπον
669 1049 742 1116 λόγῳ
767 1066 795 1100 τε
813 1051 860 1100 καὶ
877 1051 1047 1120 μεταβατικῇ
1072 1053 1215 1118 φαντασίᾳ
1233 1054 1280 1102 καὶ

162 1139 192 1190 ἐν
218 1139 252 1209 ’τῇ
272 1137 431 1205 ἀκολουθίᾳ,
461 1133 522 1190 ἀλλ’
541 1139 617 1190 οὔτοι
644 1155 676 1205 γε
703 1139 750 1189 καὶ
773 1138 803 1189 du
825 1142 883 1196 τοῖς
902 1136 1014 1202 ἀδήλοις
1037 1140 1084 1190 καὶ
1103 1138 1281 1208 ἀνεπικρίιως

162 1225 421 1296 ιῖιαπειρωνημένοις
440 1227 656 1296 συγχωρήσομεν
675 1227 759 1278 αὐτὸν
777 1225 848 1278 εἶναι
867 1235 999 1291 τοιοῦτον,
1019 1227 1049 1278 ἐν
1063 1225 1095 1278 di
1109 1231 1166 1286 τοῖς
1181 1247 1280 1296 φαινο-

160 1319 256 1384 μένοις
274 1316 416 1387 τηρητικήν
435 1335 497 1367 τινα
516 1315 589 1384 ἔχειν
604 1316 779 1378 ἀκολουθίαν,
798 1310 865 1366 καθ’
885 1313 917 1380 ἣν
930 1317 1114 1386 μνημονεύων
1132 1319 1195 1367 τίνα
1207 1316 1279 1387 μετὰ

104 1466 106 1470 ¹
162 1408 244 1456 τίνων
263 1406 427 1474 τεθεώρηται
452 1407 499 1456 καὶ
518 1408 581 1456 τίνα
601 1405 655 1474 πρὸ
674 1408 756 1456 τίνων
779 1406 825 1455 καὶ
844 1407 906 1455 τίνα
924 1405 995 1474 μετὰ
1015 1407 1090 1467 τίνα,
1116 1405 1145 1457 ἐκ
1163 1413 1209 1470 τῆς
1227 1415 1281 1456 των

162 1498 302 1566 προτέρων
321 1495 507 1554 ὑποπεώσεως
526 1495 690 1546 ἀνανεοῦται
709 1494 743 1545 τοὶ
762 1495 848 1546 λοιποί
866 1495 920 1545 κτλ.
945 1521 979 1530 -
1004 1491 1073 1545 Nam
1091 1492 1186 1546 ceteris
1205 1509 1281 1562 quae·

162 1581 292 1634 sidonibus
310 1581 344 1634 ad
363 1598 441 1634 unam
460 1580 580 1634 omnibus
598 1580 702 1633 reiectio
720 1579 833 1649 Sceptici
858 1597 902 1633 ees
921 1580 1047 1649 probant,
1071 1597 1102 1632 ex
1121 1581 1215 1650 quibus
1234 1581 1280 1634 ali-

162 1687 214 1739 qua
238 1669 272 1726 ad
295 1670 378 1723 vitam
402 1669 507 1722 utilitas
531 1667 661 1721 redundet
685 1671 713 1720 et
731 1684 797 1737 quae
816 1667 917 1737 poeitae
943 1668 1044 1722 sintin
1062 1669 1281 1739 contemplatore

163 1764 414 1832 τῶνφαινομένων
440 1757 528 1826 (Dicg.
547 1757 586 1809 IX
605 1757 657 1811 108
683 1759 801 1824 ζητήσεις
819 1763 943 1824 βιωτικαὶ
967 1761 1014 1810 καὶ
1032 1765 1183 1832 τηρητικαί,
1212 1759 1238 1812 h.
1258 1777 1280 1813 e.

162 1848 256 1917 quibus
284 1848 442 1915 colligantur
467 1853 568 1918 σημεῖα
598 1846 805 1918 ὑπομνηστικαῢ.
851 1846 885 1900 In
912 1846 954 1899 his
981 1848 1070 1899 autem
1095 1863 1173 1900 usum
1200 1850 1280 1916 atque

162 1936 372 1989 exercitationem
400 1935 541 2004 plurimum
569 1935 654 1987 valere
682 1933 815 1987 affirmant
842 1935 875 1986 ed
903 1934 1025 2004 peritiam
1053 1937 1081 1986 et
1108 1934 1280 1988 calliditatem

162 2025 380 2094 consequendam:
400 2023 470 2078 Sext.
488 2023 573 2076 Math.
592 2022 658 2076 VIII
676 2024 737 2076 291.

233 2165 350 2220 Similem
375 2166 444 2218 viam
469 2168 548 2234 atque
573 2164 686 2234 Sceptici
710 2163 867 2217 recentiores
895 2163 984 2216 tenuit
1006 2162 1206 2230 Favorinus,
1235 2165 1280 2234 qui
1307 2179 1428 2221 Favorinus

162 2254 343 2321 Academiam,
371 2254 503 2307 nimirum*
518 2271 575 2306 eam
598 2270 676 2323 quam
696 2252 842 2306 Carneades
866 2251 1033 2318 fundaverat,
1061 2251 1236 2321 profitebatur
1253 2255 1281 2306 et

161 2345 214 2397 fuit
241 2345 289 2397 eub
317 2342 460 2397 Hadriano.
498 2342 596 2396 Contra
625 2359 684 2394 eum
713 2341 836 2412 disputet
860 2339 951 2394 Galen.
981 2340 1012 2393 de
1040 2341 1130 2410 optim.
1156 2341 1239 2396 doctr.
1264 2343 1279 2396 1

161 2451 186 2503 p.
205 2433 290 2502 40eq.
328 2431 366 2486 cf.
391 2432 506 2498 Matres,
535 2431 567 2484 de
591 2430 620 2484 F.
644 2429 744 2483 Arelat.
769 2429 825 2482 vita
849 2429 944 2482 studiis
970 2429 1088 2499 scriptia,
1116 2429 1227 2484 Traiect.
1247 2431 1281 2482 ed

161 2523 245 2576 auen.
265 2521 343 2576 1853.
381 2521 407 2574 z.
426 2521 466 2573 m
484 2517 522 2574 νε
542 2521 625 2590 ersq.

163 2857 260 2924 αὐτὸν
283 2870 348 2923 τῶν
371 2856 404 2922 ἐν
426 2855 537 2942 κόσμῳ
560 2853 660 2943 φησὶν
682 2855 702 2943 ἢ
726 2853 762 2920 οὐ
785 2857 951 2941 προνοεῖν,
982 2851 1041 2917 καὶ
1063 2849 1093 2917 εἰ
1114 2851 1174 2934 μὲν
1195 2875 1280 2939 προ-

162 2969 252 3044 νοεῖν,
283 2962 356 3052 iicet
386 2963 519 3028 πάντων
542 2963 562 3049 ἢ
584 2975 688 3026 τινῶν.
735 2949 812 3025 ἀλλ’
830 2957 858 3024 ci
880 2958 940 3042 μὲν
963 2957 1097 3024 πάντων
1120 2956 1280 3045 προύνόει,

163 3071 219 3138 οὐκ
242 3069 280 3160 ἦν
303 3071 341 3134 ἂν
363 3068 434 3135 οὔτε
457 3068 556 3134 κακόν
579 3091 612 3133 τι
635 3066 708 3133 οὔτε
737 3064 838 3132 κακία
868 3064 901 3132 ἐν
922 3064 970 3151 τῷ
999 3065 1128 3151 κόσμῳ·
1162 3062 1282 3142 κακίας

163 3179 199 3245 δὲ
229 3177 340 3242 πάντα
369 3177 473 3258 μεστὰ
500 3167 583 3240 εἶναι
613 3172 775 3258 λέγουσιν·
807 3171 865 3238 οὐκ
888 3171 953 3259 ἄρα
977 3171 1109 3236 πάντων
1132 3174 1281 3258 προνοεῖν

164 3285 357 3374 λεχθήσεται
381 3283 398 3347 ὁ
421 3279 509 3358 θεός.
559 3289 608 3346 10.
632 3277 661 3345 εἰ
683 3279 720 3346 δὲ
742 3291 838 3344 τινῶν
861 3281 1009 3365 προνοεῖ,
1041 3277 1097 3342 διὰ
1126 3273 1160 3340 τί
1182 3277 1282 3341 τῶνδε

162 3391 221 3476 μὲν
244 3393 378 3478 προνοεῖ
401 3388 500 3453 τῶνδε
523 3385 559 3452 δὲ
582 3385 636 3468 οῖς
670 3383 742 3473 ίμοι
765 3386 825 3472 γὰρ
849 3383 907 3449 καὶ
929 3383 1081 3468 βούλεται
1103 3379 1161 3446 καὶ
1184 3381 1281 3446 δύνα-

162 3523 219 3563 ται
242 3497 376 3562 πάντων
398 3497 563 3581 προνοεῖν,
586 3494 606 3581 ἢ
628 3492 779 3576 βούλεται
800 3489 859 3574 μὲν
882 3489 918 3556 οὐ
942 3491 1077 3555 δύνασαι
1100 3485 1151 3568 δέ,
1183 3487 1203 3575 ἢ
1226 3487 1282 3551 δύ-

163 3628 261 3670 νασαι
289 3601 348 3686 μὲν
378 3600 415 3667 οὐ
444 3601 597 3684 βούλεται
626 3597 677 3679 δέ,
712 3598 733 3686 ἢ
765 3596 837 3663 οὔτε
858 3597 1011 3681 βούλεται
1041 3593 1113 3662 οὔτε
1136 3594 1281 3659 δύνασαι.

163 3699 239 3775 ἀλλ’
265 3707 295 3774 ci
316 3707 376 3792 μὲν
398 3705 455 3773 καῖ
478 3706 632 3794 ἠβούλετο
655 3703 713 3770 καὶ
728 3703 876 3792 ἠδύνατο,
899 3703 1030 3768 πάντων
1053 3701 1091 3766 ἂν
1114 3699 1282 3787 προῦνόει·

164 3816 201 3882 οὗ
230 3818 363 3903 προνοεῖ
391 3812 428 3878 δὲ
457 3813 590 3878 πάντων
620 3812 676 3876 διὰ
705 3812 748 3874 ’τὰ
777 3808 1010 3898 προειρημένα·
1051 3806 1108 3874 οὐκ
1137 3805 1202 3893 ἄρα
1225 3804 1283 3870 καὶ

163 3922 316 4004 βούλεται
344 3919 402 3986 καὶ
425 3920 559 3985 δύνασαι
582 3917 715 3983 πάντων
744 3919 902 4004 προνοεῖν.
941 3912 970 3980 εἰ
992 3913 1029 3980 δὲ
1051 3913 1202 3998 βούλεται
1224 3910 1284 3994 μὲν

164 4027 201 4094 οὐ
224 4029 358 4093 δύνασαι
382 4025 426 4108 δέ,
450 4024 680 4112 ἀσθενέστερός
695 4022 765 4089 ἔστι
787 4035 844 4111 τῆς
864 4019 984 4102 αἰτίας,
1009 4008 1056 4085 δι’
1074 4017 1112 4108 ἣν
1135 4016 1170 4084 οὐ
1186 4017 1283 4082 δύνα-

164 4159 220 4200 ιαι
243 4137 394 4221 προνοεῖν
423 4127 468 4197 ὧν
498 4129 535 4198 οὔ
563 4133 713 4218 προνοεῖ·
762 4139 812 4194 11.
835 4125 906 4194 ἔστι
936 4126 972 4193 δὲ
999 4127 1093 4212 παρὰ
1121 4126 1178 4212 τὴν
1204 4128 1284 4188 θεοῦ

165 4237 313 4306 ἐπίνοιαν
343 4241 381 4305 τὸ
409 4236 642 4325 ἀσθενέστερον
672 4227 757 4301 εἶναι’
787 4258 875 4313 τινος
898 4232 1003 4299 αὐτόν.
1034 4229 1064 4297 εὶ
1086 4229 1123 4296 δὲ
1146 4229 1283 4294 δύναται

164 4345 223 4428 μὲν
251 4345 385 4410 πάντων
416 4347 567 4432 προνοεῖν
602 4341 639 4408 οὐ
668 4342 821 4426 βούλεται
851 4339 902 4422 de',
937 4338 1100 4423 βάσκανος
1127 4336 1167 4400 ἂν
1200 4327 1284 4400 εἶναι

165 4449 347 4538 νομισθείη.
382 4448 411 4516 ci
434 4450 471 4516 δὲ
493 4449 565 4516 οὔτε
587 4449 738 4534 βούλεται
762 4446 834 4513 οὔτε
857 4447 1008 4526 δύνασαι,
1040 4441 1098 4508 καὶ
1120 4440 1284 4526 coenatos

1014 4549 1070 4604 32*

6 2529 10 2628 i

112 2769 152 2810 481
232 2753 316 2817 Sext.
339 2751 451 2834 Pyrrh.
475 2751 526 2815 HI
550 2759 578 2815 9.
621 2739 661 2814 Ὁ
684 2747 783 2833 λέγων
806 2740 890 2813 εἶναι
918 2748 997 2812 θεὸν
1026 2744 1099 2834 ἢτοι
1129 2749 1280 2833 προνοεῖν
1307 2760 1362 2802 deus
