3148 4984
299 335 353 398 510
588 341 718 395 Platonici
736 345 764 396 ει
782 342 949 410 Pythagorici
968 343 1133 397 raoentioras.

300 502 393 552 tantur
417 499 541 554 adversus
560 499 669 555 Stoicos.
707 500 792 556 Causa
818 501 866 556 illa
893 501 1046 556 secundaria
1073 506 1210 558 ravoaatur
1236 503 1271 558 ad
1299 504 1421 558 malam

300 588 454 656 animam,
474 603 552 658 quam
570 589 650 642 etiam
669 589 746 643 Plato
764 590 883 660 posuerit
900 594 962 644 anta
980 591 1108 646 mundum
1126 607 1197 646 assa:
1223 593 1256 647 da
1273 591 1308 646 Ιε.
1328 595 1357 647 ετ
1373 592 1419 648 Oa.

173 696 273 727 senonas
301 678 336 731 48
354 693 380 747 p.
398 678 465 744 3703
484 678 516 732 cf.
535 677 568 732 de
586 677 636 732 An.
656 678 743 733 Ρῐοοτ.
763 679 787 733 6.
807 680 832 732 8.
851 680 876 733 9.
897 707 931 718 ·-
950 678 1077 734 Cohaeret
1095 697 1154 735 aum
1172 682 1214 735 his
1232 681 1370 736 Pluaamhi
1388 681 1420 738 do

298 766 375 820 malla
394 766 563 821 daemonibus
582 767 716 834 doctrina,
736 766 764 822 in
782 768 891 838 quibua,
917 783 976 822 aum
1000 768 1152 824 hominibus
1176 771 1337 841 potentiores
1356 772 1419 839 sint,

299 855 386 908 divina
404 858 493 910 amon
513 859 611 910 natura
629 859 755 927 appareat
772 855 911 927 inquinata
935 860 963 910 at
980 873 1040 912 aum
1058 873 1137 928 pravo
1155 861 1309 918 commixta
1333 860 1365 914 de
1383 860 1418 916 Ia.

298 947 326 997 et
344 941 388 999 Oa.
408 945 492 1015 25sq.
517 961 543 1015 p.
561 946 616 1000 360
625 961 678 1018 aq.;
705 945 737 1000 da
755 946 812 1000 Des.
832 945 906 1002 Orac.
927 948 962 1000 14
979 963 1005 1016 p.
1024 947 1085 1002 417.

193 1149 257 1234 ,ζῇξ
364 1141 412 1208 De
435 1141 530 1226 Pyth.
555 1141 645 1208 Orac.
671 1152 710 1208 21
737 1162 767 1226 p.
792 1150 867 1209 404.
914 1145 1014 1268 Σῶμα
1044 1141 1103 1226 μέν
1134 1140 1281 1232 ὀργάνοις
1301 1155 1463 1230 χρήταιωε

147 1242 192 1339 λζ’
200 1243 233 1339 1¹¹¹.
244 1259 270 1340 ἡ.
298 1247 451 1330 πολλοῖς,
486 1245 576 1334 αὐτῷ
604 1245 640 1313 δὲ
669 1248 800 1331 σώματι
831 1247 919 1336 ψυχή
943 1245 1036 1332 κοίη
1022 1245 1136 1338 μέρεσι
1158 1252 1228 1327 τοῖς
1250 1247 1418 1332 σώματος·

300 1357 386 1444 ψυχή
416 1351 501 1420 δὲ”
482 1377 617 1442 οργανον
647 1359 729 1420 θεοῦ
756 1352 896 1440 γέγονεν·
936 1351 1071 1442 ὀργάνου
1095 1345 1169 1420 δ”
1148 1357 1244 1482 αρετὴ
1273 1355 1418 1440 μάλιστα

296 1465 475 1546 μιμεῖσθαι
504 1462 542 1526 τδ
568 1461 779 1548 χρώμενυνη
758 1485 770 1524 τ
768 1459 931 1550 γπέφυκε
960 1461 1093 1545 δυνάμει
1124 1461 1181 1527 καὶ
1204 1459 1359 1549 παρέχειν
1381 1463 1419 1528 τδ

298 1565 389 1655 ἔργον
412 1565 511 1632 αὐτοῦ
534 1577 592 1632 τοῦ
614 1564 814 1653 νοήματοςέ
815 1564 945 1654 ναάτη]
968 1566 1167 1656 [δυναμένη]
1199 1567 1358 1634 δεικνύναι
1382 1557 1415 1634 δ

298 1662 410 1756 οάχ
376 1697 445 1740 οισν
466 1669 542 1760 ἡν
526 1697 559 1738 εν
581 1671 629 1759 τῷ
652 1673 838 1761 δημιουργῷ
860 1675 1012 1763 καθαρὸν
1035 1673 1092 1739 καί
1108 1673 1243 1753 ἀπαθές
1265 1674 1324 1741 καί
1339 1675 1418 1741 ἀνα-

297 1780 475 1868 μάρτητον,
511 1777 594 1844 ἀλλά
625 1777 818 1865 μεμιγμένον
836 1779 980 1868 <πολληί
1002 1781 1050 1868 τῷ
1072 1779 1283 1870 ἀλλοτρίην.
1330 1771 1416 1848 καθ’

298 1884 393 1953 ἑαυτὸ
423 1886 484 1973 γὰρ
513 1883 631 1973 ἀίδηλον
661 1885 772 1974 ἡμῖν·
807 1883 915 1973 ἕτερον
947 1885 983 1954 δέ
1012 1886 1070 1952 καί
1094 1876 1146 1954 δι’
1165 1884 1276 1976 ἑτέρου
1299 1887 1417 1977 φαινό-

296 2017 389 2077 μενον
412 1987 669 2074 ἀναπίμπλαται
699 2005 756 2082 τῆς
779 1990 901 2059 ἐκείνου
924 1995 1060 2081 φάσεως.
1093 2033 1134 2042 -
1170 1993 1228 2060 καί
1251 1996 1312 2081 γάρ
1337 1992 1418 2084 ἡλίῳ

298 2097 388 2165 οὐδέν
417 2095 490 2165 οότε
517 2099 642 2181 μᾶλλον
672 2094 761 2165 ἰδέαν
790 2093 893 2166 έοικεν
930 2098 1003 2166 οἰίτε
1032 2101 1076 2179 ὡς
1104 2097 1240 2188 όργανον
1269 2105 1417 2190 χρῆσθαι

296 2207 391 2292 φύσει
420 2204 543 2291 γέγονεν
575 2203 825 2294 εὐπειθέστερον
854 2207 1000 2296 σελήνης·
1031 2207 1243 2292 λαμβάνουσα
1267 2207 1305 2274 δὲ
1328 2195 1415 2295 παρ>

297 2310 388 2398 ἡλίου
411 2313 449 2378 τδ
473 2312 624 2399 λαμπρὸν
647 2310 705 2378 καί
728 2314 888 2401 πυρωπὸν
904 2312 959 2396 οὐχ
974 2314 1086 2398 ὅμοιον
1110 2312 1309 2398 ἀποπέμπει
1333 2315 1418 2401 πρὸς

297 2421 381 2546 ἡμᾶς
410 2417 494 2484 ἀλλά
522 2417 642 2501 μιχθέν
674 2417 771 2508 αὐτῇ,
802 2417 859 2485 καὶ
886 2420 986 2546 χρόαν
1013 2419 1170 2504 μετέβαλε
1201 2420 1258 2487 καὶ
1282 2422 1418 2507 δύναμιν

296 2521 384 2607 ἔσχεν
407 2520 533 2611 ἑτέραν
568 2525 587 2612 ἡ
610 2522 647 2590 δε
669 2524 833 2657 θερμότης
856 2524 913 2591 καὶ
936 2526 1153 2592 παντάπασιν
1176 2523 1336 2609 εξοίχεται
1359 2527 1415 2594 καὶ

296 2627 551 2718 προλέλοιπε
517 2655 555 2696 το
578 2644 649 2719 φῶς
672 2631 720 2696 ὑπ
725 2619 1007 2712 ’ἀσθενείας-
1036 2633 1206 2726 πρόσλαβε
1229 2633 1266 2700 δέ
1289 2635 1416 2714 τοάτοις

295 2733 329 2802 εὖ
363 2734 544 2822 λεγομένοις
577 2735 636 2802 καί
669 2737 783 2826 νόησον
816 2739 872 2804 τὸν
902 2737 1047 2806 ἐνταῦθα
1076 2741 1155 2806 θεὸν
1182 2740 1344 2826 χρώμενον
1374 2741 1417 2830 τῇ

296 2841 415 2932 Πυθίῳ
439 2845 523 2931 πρὸς
546 2843 659 2931 ἀκοήν,
692 2845 808 2922 καθὼς
830 2846 920 2934 ἡλιος
941 2859 1059 2934 χρήται
1082 2846 1195 2934 σελήνη
1218 2847 1303 2934 πρὸς
1318 2843 1414 2934 όφιν·

296 2947 436 3016 δείκνυσι
465 2948 524 3033 μέν
552 2951 612 3037 γὰρ
642 2948 700 3016 καί
728 2949 901 3039 ἀναφαίνει
931 2955 990 3031 τὰς
1014 2953 1112 3018 αὑτοῦ
1134 2953 1266 3041 νοήσεις,
1298 2976 1415 3039 μεμιγ-

295 3055 395 3140 μένας
424 3054 461 3122 δέ
490 3053 629 3123 δείκνυσι
660 3057 716 3123 διὰ
747 3057 899 3141 σώματος
929 3064 1053 3148 θνητοῦ
1075 3058 1131 3124 καί
1156 3071 1261 3148 ψυχῆς
1284 3057 1416 3148 ἡσυχίαν

297 3163 385 3250 άγειν
407 3164 452 3251 μή
475 3161 651 3252 δυναμένης
680 3163 764 3254 μηδὲ
792 3164 840 3252 τῷ
863 3176 1002 3232 κινοῦντι
1025 3164 1180 3253 παρέχειν
1203 3163 1319 3256 ἑαυτήν
1342 3163 1414 3233 ἀκί-

295 3295 389 3360 νητον
411 3265 447 3349 ἐξ
470 3268 570 3358 αὐτῆς
584 3269 642 3336 καί
657 3277 882 3354 καθεστῶσαν,
906 3261 982 3338 ἀλλὶ
1001 3276 1111 3360 ὥσπερ
1128 3272 1161 3338 έν
1176 3272 1266 3360 σάλῳ
1283 3283 1414 3362 ψοφοῦ-

294 3399 356 3443 σαν
379 3376 437 3443 καὶ
460 3375 724 3466 συμπλεκομένην
747 3382 817 3458 τοῖς
839 3377 872 3444 ἓν
895 3378 980 3468 αὐτῇ
1002 3381 1157 3469 κινήμασι
1187 3377 1245 3444 καὶ
1268 3379 1414 3445 πάθεσιν

295 3484 569 3572 ἐπιταράττουσιν
598 3482 706 3572 αὐτήν.
747 3485 791 3562 ὡς
825 3486 887 3571 γὰρ
922 3482 952 3550 οἳ
988 3486 1071 3552 δῖνοι
1104 3499 1169 3551 τῶν
1203 3487 1273 3570 δόμα
1307 3486 1414 3572 κύκλῳ

295 3587 567 3678 καταφερομένων
605 3590 763 3672 σωμάτων
797 3589 854 3656 οὐκ
889 3589 1103 3678 ἐπικρατοῦσι
1138 3589 1295 3677 βεβαίως,
1331 3591 1414 3658 ἀλλά

295 3698 401 3784 κύκλῳ
424 3695 483 3779 μὲν
505 3687 566 3762 ὑπ’
586 3695 725 3786 ἀνάγκης
748 3695 932 3786 φερομένων
954 3699 1044 3764 κάτω
1074 3697 1111 3764 δέ
1134 3699 1229 3787 φάσει
1252 3698 1414 3786 ῥεπόντων

294 3801 417 3891 γίνεταί
445 3828 497 3882 τις
528 3802 564 3882 ἐξ
593 3804 717 3892 ἀμφοῖν
746 3805 936 3894 ταραχώδης
965 3804 1023 3872 καὶ
1053 3804 1252 3894 παράφορος
1275 3801 1412 3891 ἑλιγμός,

294 3913 395 3990 οὕτως
418 3910 653 3992 ὁκαλούμενος
676 3909 913 3995 ἐνθουσιασμὸς
937 3907 1021 3978 ἔοικε
1043 3911 1134 3994 μῖξις
1156 3903 1239 3978 εἶναι
1262 3911 1414 3999 κινήσεων

294 4017 397 4098 δυοῖν,
429 4017 486 4104 τήν
508 4015 567 4099 μέν
590 4016 634 4094 ὡς
657 4015 811 4082 πέπονθε
833 4029 890 4106 της
914 4029 1019 4106 ψυχῆς
1042 4019 1120 4100 άμα,
1144 4019 1202 4106 τήν
1225 4015 1261 4083 δέ
1284 4017 1329 4095 ὡς
1352 4014 1412 4082 πέ-

294 4146 376 4211 φυκε
399 4121 612 4212 κινουμένηςῡ.

365 4261 393 4302 α.
412 4246 462 4300 Dei
480 4246 651 4314 cogItationes
669 4246 697 4300 in
716 4248 770 4302 solo
789 4248 859 4302 caelo
878 4250 1020 4305 cernuntur
1038 4265 1118 4319 puraa
1137 4249 1364 4341 etuintameraaae,
1384 4246 1412 4301 in

366 4458 392 4522 1)
412 4461 503 4528 πολλῷ
522 4463 559 4528 τῷ
578 4463 710 4533 ἀλλοτρίῳ
729 4459 787 4515 add.
807 4451 992 4528 wyttenbaxh.
