3156 4988
320 321 375 384 826
795 324 960 380 Aristoteles.

322 489 396 559 (περὶ
423 488 478 560 γάρ
506 487 555 551 τὴν
581 487 713 552 τοιαύτην
739 487 815 540 ἐστὶν
844 487 942 540 οὐσίαν
969 487 999 538 ἐν
1017 473 1033 556 ᾗ
1052 487 1068 551 ἠ
1088 486 1158 556 ἀρχὴ
1181 493 1227 550 τῆς
1250 485 1378 550 κινήσεως
1395 488 1443 538 καὶ

323 577 444 636 στάσεως
468 578 498 628 ἐν
517 576 609 647 αὐτῇ),
638 574 723 640 δῆλον
747 574 790 628 ὅτι
816 578 877 628 οὔτε
903 575 1036 644 πρακτική
1054 575 1131 628 ἐστιν
1150 575 1212 626 οὔτε
1232 575 1364 640 ποιητική.
1402 569 1440 626 cf.

322 668 365 716 ΒΡ
383 663 444 717 302.
464 663 525 717 303,

392 787 505 852 Natura,
525 787 548 840 si
567 789 637 858 ἀρχὴ
654 789 783 854 κινήσεως
801 802 858 839 esse
877 787 981 852 dicitur,
1002 785 1113 856 quodam
1128 785 1205 839 modo
1219 785 1288 838 idem
1307 787 1349 838 est
1363 785 1441 854 atque

322 879 354 930 τὸ
381 887 492 950 πρῶτον
519 877 684 948 κινούμενον
709 886 810 939 κινοῦν,
839 876 947 941 eaelum,
975 881 1019 928 ΒΡ
1038 876 1090 930 322
1105 893 1132 940 ο;
1161 875 1214 928 323
1228 874 1254 928 d.
1290 873 1330 928 Ut
1347 873 1441 926 motrix

321 981 400 1018 causa
418 963 535 1018 formalis
553 967 611 1029 est,
639 980 691 1018 non
715 963 860 1016 materialis
879 964 943 1018 Μοῖ
962 964 1014 1016 VII
1034 965 1076 1018 11.
1095 963 1185 1018 1041b
1204 963 1239 1017 28
1258 965 1318 1016 ἐπεὶ
1337 958 1366 1016 δ’
1382 963 1441 1015 ἔνια

322 1057 371 1108 οὐκ
397 1056 490 1106 οὐσίαι
515 1063 570 1106 τῶν
594 1056 782 1124 πραγμάτων,
808 1049 868 1105 ἀλλ’
885 1053 950 1106 ὅσαι
970 1054 1063 1106 ούσῖαι
1085 1055 1156 1106 κατά
1182 1055 1271 1122 φύσιν
1292 1055 1340 1104 καὶ
1358 1052 1440 1121 φύσει

323 1145 513 1209 συνεστήκασι,
533 1147 633 1212 φανείη
653 1144 688 1194 ἀν
706 1141 809 1207 αύτηή
829 1143 913 1212 φύσις
933 1143 1023 1206 ούσία,
1043 1143 1154 1208 ἥὲστιν
1173 1143 1206 1193 οὐ
1221 1145 1360 1210 στοιχεῖον
1378 1135 1436 1192 ἀλλ’

322 1234 398 1302 ἀρχή.
427 1229 495 1284 Aliis
513 1229 578 1283 locis
596 1231 638 1282 vix
657 1229 833 1296 distinguitur
851 1229 883 1282 ab
897 1230 1008 1282 ¹numine
1023 1229 1124 1282 divino:
1142 1229 1181 1282 De
1200 1227 1278 1282 Caelo
1295 1228 1309 1280 I
1328 1229 1353 1281 4.
1370 1227 1440 1280 211ιι

321 1321 356 1374 33
385 1323 401 1373 ὁ
428 1320 460 1373 ἀὲ
488 1322 553 1379 θεὸς
581 1324 627 1372 καὶ
655 1321 671 1385 ἡ
699 1320 784 1389 φύσις
803 1318 885 1372 ούύὲν
901 1321 995 1390 μάτην
1013 1328 1149 1380 ποιοῦσιν.
1186 1315 1259 1370 Alibi
1278 1315 1440 1384 significatur

321 1409 436 1478 universi
455 1407 583 1477 quaedam
601 1407 656 1460 vita
674 1406 716 1459 vel
734 1406 762 1458 in
780 1406 918 1459 elementis
936 1407 1076 1476 conspicua
1094 1406 1173 1474 Phys.
1187 1405 1252 1458 VIH
1270 1407 1295 1459 1.
1314 1403 1384 1458 250¹»
1398 1405 1438 1457 11.

321 1497 361 1549 De
380 1495 444 1550 Gen.
464 1495 514 1549 An.
533 1495 574 1548 111
593 1497 635 1548 11.
651 1495 722 1550 7628
737 1495 771 1548 18
786 1501 912 1564 γίγνεται
930 1491 961 1548 ‹5‘
978 1497 1008 1550 ἐν
1026 1499 1061 1569 γῇ
1079 1499 1126 1548 καὶ
1145 1495 1174 1548 ἐν
1189 1496 1262 1568 ὑγρῷ
1280 1496 1381 1562 τὰζῷα
1394 1499 1440 1546 καὶ

323 1587 356 1638 τά
376 1587 452 1656 φυτά
472 1585 520 1638 άιά
540 1587 572 1638 τὸ
591 1587 621 1638 ἐν
639 1587 675 1656 γῇ
691 1585 746 1655 μὲν
766 1585 839 1658 ὕδωρ
860 1586 1000 1658 ὑπάρχειν,
1026 1585 1056 1636 ἰν
1074 1579 1103 1637 ο“’
1122 1583 1205 1636 ὕδατι
1224 1592 1343 1655 πνεῦμα,
1362 1585 1391 1635 ἰν
1409 1582 1439 1636 άὲ

323 1677 411 1742 τούτῳ
430 1677 514 1726 παντὶ
533 1675 689 1744 θερμότητα
710 1675 837 1742 ψυχικήν,
858 1671 927 1726 ὥστε
946 1674 1051 1743 τρόπον
1069 1673 1131 1724 τινά
1150 1675 1243 1725 πάντα
1262 1680 1353 1742 ψυχῆς
1371 1671 1440 1724 εἶναι

323 1764 416 1836 πήρη.
453 1761 492 1814 οι
510 1759 587 1815 eaelo
604 1759 631 1812 11
650 1761 692 1814 13.
712 1760 785 1814 ενοι
803 1761 828 1813 2.

140 1984 294 2026 animatum
388 1973 484 2056 Phys.
508 1973 542 2038 Π
558 1982 587 2039 8.
613 1982 694 2040 199⁸
719 1981 769 2038 15.
809 1961 916 2050 ‘'Okwc
939 1971 975 2038 δὲ
997 1973 1017 2059 ἡ
1039 1969 1130 2060 τέχνη
1153 1973 1195 2036 τὰ
1216 1970 1277 2054 μὲν
1299 1971 1441 2037 ἐπιτελεῖ
1449 1987 1487 2027 ³2⁶

291 2106 293 2110 ·
322 2076 343 2144 ἃ
366 2082 385 2166 ἡ
408 2080 506 2166 φύσις
528 2077 679 2143 ἀδυνατεῖ
702 2077 976 2165 ἀπεργάσασθαι,
1007 2079 1050 2142 τά
1073 2075 1109 2143 δὲ
1130 2081 1290 2160 μιμεῖται.
1337 2074 1367 2142 εὶ
1388 2073 1441 2142 οόν

321 2185 363 2248 τά
386 2184 472 2249 κατά
500 2185 557 2271 τὴν
587 2182 696 2271 τέχνην
719 2180 811 2248 ἕνεκά
834 2207 907 2262 τοο,
936 2183 1033 2270 δῆλον
1056 2183 1108 2248 ὅτι
1131 2181 1188 2248 καὶ
1211 2183 1254 2247 τά
1276 2185 1363 2248 κατὰ
1385 2184 1441 2270 τὴν

322 2292 431 2377 φύσιν·
478 2287 599 2371 ὁμοίως
622 2292 682 2375 γὰρ
706 2285 770 2370 ἔχει
794 2291 878 2376 πρὸς
901 2289 1026 2376 ἀλληλα
1058 2287 1091 2354 ἓν
1119 2292 1189 2366 τοῖς
1218 2291 1304 2354 κατὰ
1333 2287 1442 2376 τέχνην

321 2395 379 2461 καὶ
403 2395 436 2460 ἕν
459 2399 529 2473 τοῖς
551 2398 637 2461 κατὰ
660 2397 757 2485 φύσιν
781 2398 822 2460 τά
846 2397 962 2482 ὕστερα
986 2397 1071 2483 πρὸς
1093 2397 1135 2460 τά
1158 2395 1332 2484 πρότερα·.
1377 2395 1441 2479 μά-

322 2503 417 2568 λιοτα
449 2502 485 2567 ἀὲ
514 2504 653 2590 φανερὸν
684 2501 743 2568 ἐπὶ
766 2517 830 2566 τῶν
859 2497 951 2588 ζῴων
973 2515 1038 2566 τῶν
1061 2501 1182 2582 ἀλλων,
1212 2499 1329 2568 ἀούτε
1351 2499 1441 2589 τέχνη

321 2608 393 2674 α”ύτε
416 2609 598 2696 ζητήσοντα
628 2606 700 2674 οῖτε
722 2609 962 2692 βοολεοσάμενα
991 2611 1097 2673 ποιεῖ·
1143 2608 1221 2672 ὅθεν
1244 2605 1443 2694 διαποροῦοῖ

320 2740 403 2792 τινες
427 2716 564 2800 πότερον
586 2712 673 2802 νηῖῆ
695 2739 760 2779 τινι
784 2714 873 2800 άλλη)
897 2714 1088 2800 ἐργάζονται
1118 2715 1152 2780 οἳ
1173 2703 1205 2778 τ’
1224 2713 1362 2801 ἀράχναι
1384 2712 1442 2780 καὶ

321 2819 352 2888 οἳ
375 2823 538 2909 μύρμηνες
561 2819 618 2886 καὶ
642 2821 685 2884 τά
707 2829 854 2886 τοιαῦτα.
902 2823 987 2886 κατὰ
1002 2821 1118 2906 μικρὸν
1133 2809 1165 2884 δ’
1185 2821 1269 2884 οὕτω
1292 2819 1442 2907 προϊόντι

286 2987 288 2992 .
321 2926 377 2993 καὶ
401 2927 434 2993 ἐν
457 2931 527 3004 τοῖς
550 2930 666 3011 φυτοῖς
689 2923 841 3014 φαίνεται
871 2928 913 2991 τὰ
937 2925 1143 3015 συμφέροντα
1166 2925 1335 3010 γιγνόμενα
1358 2926 1442 3012 πρὸς

321 3035 359 3097 τὸ
394 3031 501 3113 τέλος,
536 3025 604 3098 οἷον
637 3034 679 3097 τά
709 3033 818 3120 φύλλα
852 3045 909 3121 της
938 3043 995 3098 τοῦ
1021 3041 1153 3114 καρποῦ
1182 3029 1273 3096 ἕνεκα
1307 3029 1441 3118 σκέπης.

321 3128 399 3202 ὥστ’
417 3133 446 3203 εἰ
468 3138 563 3226 φύσει
591 3163 627 3204 τε
649 3143 741 3204 ποιεῖ
764 3137 821 3203 καὶ
843 3136 936 3204 ἕνεκά
956 3163 1013 3203 τοο
1030 3137 1196 3226 ῆχελιόὼν
1218 3138 1276 3224 τὴν
1297 3140 1444 3202 νεοττιάν

321 3242 378 3310 καὶ
408 3245 425 3308 ό
456 3243 594 3332 ἀράχνης
624 3246 662 3310 τὸ
687 3244 849 3332 ἀράχνιον,
880 3242 937 3308 καὶ
966 3245 1008 3308 τά
1031 3245 1119 3331 φοτά
1148 3245 1190 3308 τά
1218 3243 1326 3331 φύλλα
1350 3241 1442 3310 ἕνεκα

320 3363 385 3414 τῶν
413 3365 550 3437 καρπῶν
579 3349 637 3414 καὶ
666 3352 725 3427 τὰς
757 3347 848 3436 ῥίζας
876 3348 934 3415 οόκ
957 3349 1022 3413 ἀνω
1051 3348 1135 3414 ἀλλά
1159 3347 1248 3413 κάτω
1271 3345 1363 3414 ἕνεκα
1386 3361 1444 3438 τῆς

320 3469 457 3546 τροφῆς,
491 3456 703 3544 φανερὸνὸτι
728 3451 856 3540 ἔστινὴ
883 3452 976 3520 αἰτία
1000 3455 1176 3543 ἡτοιαύτη
1200 3453 1233 3520 ἐν
1255 3459 1326 3532 τοῖς
1348 3455 1445 3543 φύσει

321 3561 517 3646 γιγνομένοις
540 3561 596 3627 καὶ
620 3557 716 3627 οὖσιν.
741 3561 799 3626 καὶ
822 3559 896 3626 ἐπεὶ
921 3562 1052 3650 ἡφύσις
1075 3561 1177 3648 διττή,
1201 3563 1221 3648 ἡ
1242 3559 1302 3643 μὲν
1325 3563 1369 3639 ὡς
1384 3563 1444 3650 ὀλη

321 3657 398 3753 ἡδ’
417 3669 460 3745 ὡς
490 3669 617 3756 μορφή,
652 3665 743 3744 τέλος
766 3656 799 3730 δ’
818 3667 916 3754 αύτη,
947 3677 1006 3732 τού
1028 3663 1139 3744 τέλους
1162 3655 1195 3730 δ’
1212 3664 1305 3732 ἕνεκα
1328 3663 1443 3748 τᾶλλα,

188 3804 284 3845 monstra
325 3773 405 3860 αύτη
430 3773 468 3838 ἀν
491 3770 541 3861 εἴη
565 3777 584 3860 ἡ
608 3770 699 3838 αἰτία
723 3775 742 3860 η
764 3767 804 3837 οὗ
823 3771 941 3838 &enak
987 3771 1134 3858 ἁμαρτία
1157 3771 1194 3838 ἀὲ
1220 3769 1444 3857 γίγνεταικαὶ

322 3879 356 3946 ἕν
378 3883 448 3956 τοῖς
471 3881 556 3944 κατά
579 3878 703 3966 τέχνην·
749 3874 875 3964 ἔγραφε
903 3879 964 3964 γὰρ
994 3878 1051 3944 οὐκ
1075 3877 1186 3964 ὀρθῶς
1215 3879 1443 3966 ὁγραμματι-

322 3987 386 4066 κός,
416 3984 475 4050 καὶ
497 3984 649 4050 ἐπότισεν
672 3983 730 4049 οὐκ
753 3981 863 4071 ὀρθῶς
886 3985 904 4049 ὁ
926 3981 1038 4071 ἰατρὸς
1062 3987 1100 4051 τὸ
1123 3985 1313 4073 φάρμακον·
1360 3987 1443 4049 ὥστε

321 4092 417 4180 δῆλον
446 4091 496 4156 ότι
527 4089 686 4171 ἐνδέχεται
716 4089 774 4155 καὶ
805 4090 838 4155 ἐν
866 4094 936 4168 τοῖς
965 4093 1050 4155 κατὰ
1080 4092 1185 4178 φύσιν.
1232 4087 1262 4156 εὶ
1293 4092 1332 4178 δὴ
1355 4086 1444 4156 ἓῖττιν

321 4194 391 4262 ἔνια
425 4199 511 4263 κατὰ
542 4195 651 4284 τέχνην
686 4195 719 4262 ἐν
753 4187 801 4274 οἷς
835 4197 873 4262 τὸ
897 4195 1007 4284 ὀρθῶς
1037 4195 1131 4262 ἕνεκά
1153 4221 1224 4277 του,
1258 4195 1292 4262 ἒν
1314 4195 1351 4262 ἀὲ
1373 4186 1444 4274 τοῖς

321 4301 600 4388 ἁμαρτανομένοις
629 4301 721 4368 ἕνεκα
751 4302 810 4386 μέν
839 4327 926 4380 τινος
956 4302 1172 4390 ἐπιχειρεῖται
1203 4293 1277 4368 ἀλλ’
1296 4303 1444 4388 ἀποτυχ-

319 4407 460 4490 χάνεται,
484 4405 605 4491 ὁμοίως
629 4410 667 4474 ἀν
689 4405 757 4490 ἔχοι
772 4408 830 4476 καὶ
853 4408 887 4474 ἐν
905 4412 975 4486 τοῖς
991 4413 1152 4504 φυσικοῖς,
1177 4409 1298 4476 καὶτὰ
1321 4407 1444 4496 τέρατα
