3146 4982
302 307 357 368 494
755 311 831 366 Philo
849 313 969 366 Iudaeus.

304 475 336 544 τῇ
355 471 386 524 δὲ
405 473 455 532 τὰς
473 473 630 538 ἀντιλήψεις
645 474 781 546 ἐπομβρεῐ
793 477 838 526 καλ
859 474 935 526 ἔστιν
950 475 983 526 οὐ
997 483 1051 527 τῶν
1068 470 1135 528 καθ’
1153 477 1224 544 ήμᾶς
1242 485 1334 548 μερῶν
1343 477 1426 546 χάρις

304 561 338 612 τὰ
358 562 517 631 γιγνόμενα,
538 563 606 614 ἀλλὰ
625 571 675 614 τοῦ
693 557 733 614 δι’
752 562 783 614 ὃν
801 566 847 615 καὶ
866 564 944 634 ήμεῖς
962 564 1117 634 γεγόναμεν
1136 563 1237 637 όωρεαὶ
1256 573 1353 616 πᾶσαι.

377 679 403 722 ε.
424 664 488 720 Cum
507 666 571 720 deus
585 666 689 720 Philoni
707 667 841 722 videretur
859 685 939 738 supra
953 685 1056 722 omnem
1074 668 1178 722 leudem
1194 669 1426 738 exoellentiemque
1476 665 1477 674 ’

304 756 333 807 et
357 771 435 824 supra
459 755 545 825 ipsum
567 756 664 808 bonum
690 755 766 824 longe
790 756 906 810 eminens
925 773 994 820 esse,
1020 760 1222 811 consentaneum
1241 760 1299 812 eret
1318 761 1350 810 ut
1368 774 1426 810 eum

304 860 387 912 neque
405 843 556 897 notionibus
574 861 658 913 neque
676 844 825 898 nominibus
847 845 909 898 ullis
928 845 1026 912 attingi
1044 862 1119 915 posse
1137 849 1253 916 poneret.
1291 845 1426 900 Enimvero

304 947 364 985 oum
382 931 573 1002 philosophiam
592 932 690 986 diceret
708 949 765 986 esse
784 933 902 987 studium
921 933 1077 1002 cognitionis
1097 934 1146 1000 dei,
1165 935 1249 988 faeere
1267 952 1319 989 non
1338 937 1427 1006 potuit

204 1007 207 1016 ¹
304 1022 368 1090 quin
387 1022 520 1075 interdum
539 1022 619 1075 etiem
637 1021 790 1076 affirmando
809 1023 841 1076 de
860 1022 907 1076 deo
925 1023 1084 1093 loqueretur,
1104 1024 1177 1078 velut
1196 1025 1228 1077 de
1246 1023 1340 1078 Mundi
1359 1023 1425 1094 Opil.

305 1111 322 1164 2
341 1129 366 1181 p.
386 1111 403 1164 2
421 1113 475 1177 (nr
493 1111 571 1176 490),
599 1111 645 1164 ubi
668 1114 744 1182 petet
762 1128 821 1166 eum
846 1111 982 1166 deflectere
1001 1129 1017 1166 a
1035 1113 1155 1166 doctrina
1172 1113 1299 1168 Platonis.
1336 1113 1427 1182 Neque

304 1199 333 1253 in
352 1216 381 1252 eo
400 1199 450 1254 sibi
468 1201 574 1254 constet
592 1199 661 1270 quod
680 1199 757 1254 deum
777 1201 832 1254 sine
851 1201 906 1256 ulle
924 1202 1045 1256 cautione
1063 1201 1138 1256 modo
1158 1203 1330 1277 δημιουργὸν
1348 1203 1428 1255 nomi-

306 1291 361 1354 net,
380 1293 423 1341 BP
443 1289 504 1355 486,
524 1289 599 1342 modo
618 1295 737 1356 κτίστην,
758 1290 789 1342 de
808 1289 895 1344 Somn.
915 1290 928 1342 I
948 1291 982 1345 13
1001 1293 1067 1344 extr.
1087 1309 1112 1361 p.
1132 1291 1192 1358 632,
1211 1291 1287 1344 modo
1306 1293 1355 1344 τὸν
1374 1311 1427 1344 πα·

307 1383 370 1449 τέρα
390 1388 443 1430 τῶν
462 1383 641 1450 γιγνομένων,
661 1377 746 1447 Alleg.
766 1378 827 1447 Leg.
846 1379 885 1434 17
905 1397 930 1449 p.
946 1379 990 1433 47.
1028 1378 1100 1445 Quae
1118 1380 1223 1433 nomine
1240 1381 1383 1450 ponuntur,
1398 1381 1429 1431 ut

306 1482 372 1535 quae
391 1466 438 1519 deo
457 1482 516 1520 enm
534 1467 630 1520 mundo
649 1467 797 1521 intercedat
815 1469 883 1522 ratio
901 1467 1046 1536 indieetur;
1072 1468 1118 1522 sed
1142 1469 1191 1522 hoo
1208 1470 1295 1538 ipsum
1313 1471 1355 1522 est
1379 1483 1429 1538 quo

307 1571 355 1607 sue
373 1554 479 1608 deerete
498 1555 604 1622 deserit,
623 1557 651 1609 in
670 1557 764 1610 esteris
783 1556 825 1610 dei
843 1557 944 1610 nullam
963 1557 1067 1612 omnino
1086 1557 1120 1610 ed
1139 1558 1282 1628 quidquem
1300 1558 1430 1610 rationem

307 1659 364 1696 esse
391 1643 520 1698 offirmare
544 1644 651 1711 solitus,
687 1645 761 1699 velut
785 1645 817 1698 de
835 1645 933 1700 Mutet.
953 1645 1029 1700 Nom.
1049 1646 1068 1699 4
1091 1663 1118 1716 p.
1137 1646 1190 1700 562
1218 1649 1250 1700 τὸ
1268 1648 1324 1719 γὰρ
1342 1650 1387 1710 ὅν,
1414 1633 1430 1718 ᾗ

307 1736 340 1792 ὅν,
358 1735 441 1797 ἐστιν,
463 1735 525 1804 οὐχὶ
544 1745 598 1786 των
616 1736 685 1808 πρός
704 1755 736 1787 τι.
765 1734 897 1804 Imprimis
911 1737 992 1802 neget
1007 1735 1049 1788 dei
1063 1734 1237 1802 cognitionem
1250 1737 1341 1804 patere
1354 1734 1429 1788 nobis
1546 1769 1548 1792 1

308 1821 404 1876 mundo
423 1821 589 1876 rationaliter
614 1823 826 1892 contemplando,
853 1823 885 1876 de
903 1823 963 1892 [eg.
984 1823 1017 1876 ad
1036 1821 1089 1877 Cei.
1109 1823 1122 1875 Ι
1140 1841 1165 1893 p.
1185 1823 1238 1877 546
1258 1824 1322 1878 οὐδὲ
1342 1825 1431 1896 γάρὸ

309 1912 424 1982 σύμπας
444 1912 558 1983 οὐρανὸς
577 1912 711 1984 ἔναρθρος
730 1913 807 1982 φωνή
826 1915 973 1984 γενόμενος
992 1914 1149 1980 εὐθυβόλων
1166 1917 1213 1965 καὶ
1232 1915 1376 1966 εὐσκόπων
1394 1916 1431 1972 εἰς

309 2008 391 2052 τοῦτο
415 2002 450 2051 ἂν
473 2002 604 2073 εὐποροίη
629 2002 758 2073 ῥημάτων
785 2001 865 2074 (πρὸς
883 2001 1003 2067 όήλωσιν
1026 2011 1077 2054 τοῦ
1094 2001 1195 2065 ὄντος),
1224 2003 1272 2054 aut
1289 2001 1345 2053 ulle
1364 2001 1432 2068 cogi·
1546 2039 1548 2050 .

308 2085 409 2140 tutione
434 2087 519 2141 ullave
544 2087 772 2156 argumentatione
791 2088 868 2142 deum
887 2089 1070 2158 comprehendi
1089 2089 1184 2158 iposse‚
1214 2089 1246 2141 de
1263 2089 1337 2142 Post.
1357 2088 1432 2142 Caini

308 2175 344 2228 48
362 2193 387 2244 p.
407 2174 460 2230 258
486 2178 638 2250 ἀνθρώπου
656 2178 711 2248 γὰρ
729 2178 836 2247 ἐξαρκεῖ,
857 2179 984 2250 λογισμῷ
1002 2182 1085 2250 μέχρι
1103 2188 1154 2231 τοῦ
1170 2184 1359 2250 καταμαθεῖν,
1390 2179 1432 2230 ὅτι
1547 2227 1548 2232 ,

309 2265 368 2319 ἔστι
387 2283 414 2318 τε
430 2267 441 2304 ²
460 2269 506 2319 καὶ
527 2267 643 2338 ὑπάρχει
662 2268 693 2318 τὸ
713 2277 767 2318 τῶν
785 2266 855 2320 ὅλων
874 2271 971 2331 αἴτιον,
992 2270 1150 2338 προελθεῖν·
1170 2271 1320 2340 περαιτέρω
1340 2266 1372 2320 dd
1386 2272 1432 2320 καὶ

310 2353 477 2414 σπουδάζειν
496 2359 660 2428 τρέπεσθαι,
681 2357 715 2415 ὡς
735 2359 797 2427 περὶ
818 2357 915 2416 οὐσίτις
934 2359 949 2420 ἢ
968 2357 1114 2422 ποιότητος
1133 2358 1231 2422 ζητεῖν,
1258 2356 1432 2424 διωλόγιόςῖ

309 2461 350 2502 τις
369 2443 512 2509 ήλιθιότης.
550 2442 620 2496 Hine
645 2445 811 2512 contemptus
830 2443 874 2496 ille
893 2459 969 2512 quem
987 2459 1050 2513 pree
1076 2460 1103 2496 se
1120 2443 1174 2496 fert
1191 2443 1384 2512 intelligentiae
1403 2460 1433 2496 ao

307 2529 488 2600 philosophiae
506 2531 660 2594 mundanae,
686 2547 764 2602 quam
782 2535 863 2600 neget
882 2531 914 2584 ad
934 2531 1006 2585 aliud
1025 2532 1165 2601 quiequam
1189 2533 1303 2585 attinere
1329 2533 1381 2585 nisi
1399 2533 1432 2585 ad

310 2617 475 2672 declinandos
494 2635 594 2673 errores
613 2619 870 2689 heluoinetionesque
889 2620 1081 2690 sophistarum:
1101 2621 1132 2674 de
1153 2620 1251 2674 Ebriet.
1272 2622 1306 2674 12
1325 2639 1351 2690 p.
1366 2621 1431 2686 3643

309 2706 384 2770 Quod
402 2707 492 2761 Deter.
511 2708 570 2761 Pet.
589 2708 642 2762 Ins.
663 2709 755 2778 10sq.,
775 2725 800 2778 p.
821 2709 885 2774 197;
905 2709 936 2762 de
955 2708 1034 2776 Migr.
1050 2707 1148 2762 Abreh.
1169 2710 1202 2763 13
1213 2726 1260 2778 sq.,
1280 2727 1305 2779 p.
1325 2710 1387 2764 447.
1399 2738 1432 2748 -

310 2794 449 2848 Praeterea
467 2795 498 2848 de
518 2797 650 2865 theologia
669 2796 788 2850 Philonis
807 2797 838 2850 ef.
858 2797 919 2865 Leg.
938 2795 1024 2865 Alleg.
1044 2797 1138 2851 11132
1157 2815 1181 2867 p.
1202 2797 1267 2862 107;
1293 2797 1325 2850 de
1343 2797 1432 2851 Deoal.

311 2885 345 2937 10
363 2901 388 2952 p.
409 2884 475 2950 187;
495 2885 528 2938 21
549 2889 614 2938 extr.
633 2903 660 2955 p.
680 2887 746 2950 1983
767 2884 842 2950 Quod
861 2903 928 2940 omn.
948 2886 1024 2939 Prob.
1044 2886 1090 2940 lib.
1110 2887 1127 2939 2
1146 2903 1170 2956 p.
1190 2885 1257 2951 447;
1278 2885 1309 2938 de
1325 2883 1431 2953 Gigant.

310 2973 327 3026 5
346 2973 381 3025 in.
401 2991 426 3042 p.
445 2972 511 3040 265;
538 2974 570 3026 de
588 2972 686 3028 Abrah.
707 2975 740 3028 17
760 2978 826 3027 extr.
851 2992 876 3044 p.
899 2975 945 3042 13;
972 2975 1003 3028 de
1022 2973 1115 3028 Mundi
1135 2973 1202 3044 opif.
1222 2975 1257 3029 23
1281 2992 1307 3044 p.
1327 2975 1376 3041 16,
1401 2974 1433 3026 de

311 3060 422 3114 Cherub.
443 3063 459 3115 9
478 3062 513 3116 in.
533 3080 558 3132 p.
579 3063 643 3130 143;
664 3063 695 3116 de
714 3063 792 3132 Migr.
812 3062 911 3118 Abreh.
933 3065 948 3118 ‘I
967 3081 992 3134 p.
1012 3064 1079 3129 441;
1099 3064 1134 3117 34
1152 3082 1177 3134 p.
1198 3064 1263 3130 4663
1289 3062 1354 3128 Quis
1372 3063 1433 3116 Rer.

310 3149 369 3204 Div.
389 3148 452 3204 Her.
471 3150 514 3205 53.
534 3168 559 3221 p.
578 3152 645 3217 511;
665 3152 696 3205 de
715 3151 792 3220 Migr.
814 3152 877 3206 Abr.
897 3153 933 3206 24
951 3170 976 3222 p.
996 3151 1056 3207 456.

261 3339 274 3366 a
380 3311 427 3375 De
451 3311 564 3375 Mundi
589 3311 671 3396 Opis.
696 3323 714 3378 2
739 3333 768 3396 p.
794 3321 823 3378 2.
874 3310 965 3390 Τινὲς
996 3313 1057 3396 γὰρ
1081 3312 1137 3377 τὸν
1166 3311 1289 3392 κόσμον
1310 3311 1481 3394 μᾶλλονιιι

313 3418 333 3505 ἢ
362 3418 418 3482 τὸν
447 3418 648 3500 κοσμοποιόν
684 3417 914 3500 θαυμάσαντες
943 3418 998 3483 τὸν
1027 3415 1085 3500 μὲν
1108 3415 1278 3504 ἂγέννητόν
1307 3441 1343 3482 τε
1378 3414 1436 3482 καὶ

313 3519 418 3587 άίόιον
441 3522 660 3611 ἀπεφήναντο,
684 3535 742 3590 τοῦ
765 3523 801 3589 δὲ
816 3529 897 3590 θεοῦ
912 3525 1037 3612 πολλὴν
1052 3521 1219 3611 ἀπραξίαν
1236 3521 1294 3608 οὐκ
1313 3522 1436 3608 εὐαγῶς
1471 3587 1482 3628 ι

314 3629 564 3714 κατεψεύσαντο,
589 3628 661 3696 όέον
684 3626 829 3714 ἔμπαλιν
851 3641 908 3696 τοῦ
930 3629 990 3714 μὲν
1012 3632 1071 3707 τὰς
1094 3629 1243 3712 δυνάμεις
1266 3630 1311 3708 ὡς
1335 3653 1436 3717 ποιη-

314 3747 372 3802 τοῦ
395 3734 452 3801 καὶ
476 3737 603 3824 πατρὸς
626 3737 889 3824 καταπλαγῆναι,
914 3737 969 3803 τὸν
991 3735 1028 3801 dd
1049 3738 1094 3824 μὴ
1110 3734 1212 3802 πλέον
1230 3747 1289 3800 τοῦ
1302 3733 1436 3824 μετρίου

314 3843 543 3925 άποσεμνῦναι.
591 3848 737 3931 Μωυσῆς
760 3841 796 3909 de*
818 3841 876 3908 καὶ
898 3840 1099 3934 φιλοσοφίας
1128 3830 1187 3908 ἐπ’
1217 3841 1317 3931 αὐτὴν
1340 3841 1436 3932 pud-
1479 3826 1482 3832 ¹

314 3971 374 4027 σας
404 3947 566 4037 ἀκρότητα
597 3947 654 4014 καὶ
679 3953 837 4038 χρησμοῖς
866 3951 908 4014 τό
938 3950 1047 4016 πολλὰ
1083 3948 1141 4016 καὶ
1172 3949 1434 4015 σονεκτικώτατα

314 4069 379 4120 τῶν
407 4069 465 4142 τῆς
492 4055 617 4142 φάσεως
646 4054 879 4138 όναόιόαχθελς
909 4052 987 4140 ἔγνω
1024 4056 1063 4142 δή
1095 4055 1146 4120 ότι
1176 4053 1435 4140 άναγκαιότατόν

315 4158 402 4227 ἐστιν
432 4161 464 4228 ἐν
492 4165 561 4240 τοῖς
591 4158 679 4227 οὖσιν
708 4163 746 4228 τὸ
775 4161 834 4245 μὲν
857 4154 940 4228 εἶναι
964 4163 1157 4250 δραστήριον
1181 4157 1303 4244 αἴτιον,
1338 4163 1376 4228 τὸ
1399 4159 1435 4226 δὲ

387 4340 413 4403 1)
439 4358 467 4393 τε
492 4339 619 4408 Mangey:
644 4361 670 4393 τι
694 4341 780 4408 vulgo
807 4369 840 4380 -
869 4341 896 4405 2)
924 4341 1070 4410 όιωλόγιος
1088 4339 1212 4407 Mangey:
1239 4336 1339 4418 ὡςιόιΙ
1360 4339 1434 4407 ὑγιός

316 4427 390 4481 libri:
410 4430 528 4497 ὠγόγιος
546 4427 586 4481 ed.
606 4428 676 4498 Lips.
