3130 4980
640 309 742 363 Ethioa.
1201 307 1255 369 235

134 467 214 520 animi
232 467 395 522 concinnitas
413 469 442 521 ot
459 467 654 538 tranquillitas,
674 486 726 539 qua
744 471 827 524 omnio
846 473 875 523 et
892 471 978 523 vittus
996 473 1024 524 ot
1040 471 1178 524 beatitudo
1196 487 1255 524 oon·

134 558 200 619 stat,
218 557 284 626 Rep.
303 556 318 609 I
335 555 418 611 3500
437 560 453 610 ὁ
469 559 523 630 μὲν
542 563 595 632 άρα
616 559 724 620 δίκαιος
741 562 808 632 ήμῑν
827 561 1024 631 ἀναπέφανται
1042 563 1080 613 ὢν
1098 562 1206 630 ἀγαθός
1225 579 1253 614 τε

133 651 180 701 καὶ
199 649 295 718 σοφός,
316 649 331 699 ὁ
349 647 381 700 δὲ
400 647 496 707 άάικος
514 649 628 719 ἀμαθής
652 667 680 702 τε
698 653 745 702 καὶ
762 651 850 709 κακός.
887 648 952 701 VIII
970 647 1054 702 554E
1078 651 1254 722 ὁμονοητικῆς

134 736 167 790 δὲ
185 739 234 790 καὶ
252 737 427 809 ἡρμοσμένης
444 745 489 803 τῆς
509 745 599 805 ψυχῆς
618 738 720 803 ἀληθὴς
738 737 824 808 ἀρετή.

80 1019 123 1061 2⁷6
199 1005 278 1087 Rep.
300 1004 348 1070 IV
372 1003 484 1070 4410.
534 1010 647 1068 Ταῦτα
670 1001 730 1086 μέν
753 1003 827 1092 άρα,
851 1001 888 1091 ήν
911 996 944 1068 δ’
964 1002 1036 1088 ἐγώ,
1057 1004 1153 1089 μόγις
1175 1004 1249 1069 δια-

132 1111 333 1194 νενεύκαμεν,
362 1108 420 1175 καί
449 1111 526 1198 ήμῖν
555 1108 710 1188 ἐπιεικῶς
733 1110 938 1194 ὁμολογεῖται
968 1112 1010 1174 τά
1033 1109 1116 1180 αὐτὰ
1138 1109 1197 1193 μέν
1220 1109 1253 1178 ἐν

131 1218 239 1298 πόλει,
262 1219 305 1282 τά
328 1215 411 1281 αὐτὰ
427 1205 459 1281 δ)
477 1215 510 1282 ἐν
533 1213 601 1294 ἐνὸς
626 1213 763 1282 ἑκάστου
785 1216 828 1306 τῇ
852 1216 940 1304 ψυχῇ
959 1214 1031 1304 γένη
1054 1216 1172 1282 ἐνεῖναι
1194 1215 1252 1282 καί

131 1322 191 1392 ἴσα
224 1326 282 1389 τὸν
317 1322 489 1411 άριθμόνῆ
528 1310 622 1387 ’Ἐστι
658 1334 770 1388 ταῦτα.
832 1322 954 1389 Οὐκοῦν
989 1321 1089 1388 ἐκεῖνό
1125 1346 1159 1408 γε
1193 1321 1252 1410 ήδη

133 1430 326 1515 ἀναγκαῖον,
357 1429 401 1507 ὡς
423 1428 523 1507 πόλις
545 1427 583 1517 ήν
605 1431 691 1518 σοφή
714 1428 770 1495 καί
794 1412 830 1516 ᾦ,
854 1431 938 1495 ούτω
962 1428 1019 1495 καὶ
1042 1430 1098 1495 τὸν
1121 1427 1253 1517 ἰδιώτην

132 1536 190 1603 καὶ
212 1537 317 1623 τούτῳ
346 1537 448 1624 σοφὸν
475 1527 577 1618 είναι,·
626 1534 667 1600 Τί
688 1537 768 1625 μήν,·
812 1534 882 1601 Καὶ
906 1519 934 1623 ᾦ
957 1537 996 1625 δή
1019 1535 1165 1624 άνδρεῖος
1188 1532 1253 1601 ἐόν

133 1644 219 1731 ώτης
234 1642 290 1709 καὶ
315 1645 367 1723 ὥς,
391 1643 495 1729 τούτῳ
517 1641 575 1708 καὶ
591 1643 690 1710 πόλιν
713 1639 1051 1736 άνόρείανὶκαὶυάτω,
1074 1640 1132 1708 καί
1148 1639 1253 1707 τᾶλλα

132 1749 244 1814 πάντα
268 1751 353 1837 πρὸς
375 1748 489 1837 άρετήν
511 1749 667 1828 ὡσαύτως
689 1748 858 1838 ἀμφότερα
882 1745 972 1830 ἐγειν.
1001 1737 1152 1837 Ἀνάγκη.
1181 1747 1252 1814 Καὶ

133 1854 295 1922 δίκαιον
318 1855 372 1944 δή,
407 1851 626 1937 αἰΓλαύκων,
662 1848 772 1940 οἶμαι,
807 1857 952 1944 φήσομεν
974 1854 1076 1942 ἄνδρα
1099 1847 1183 1921 εἶναι
1205 1857 1253 1942 τῷ

133 1961 223 2049 αὐτῷ
244 1962 359 2056 τρόπῳ
382 1946 473 2050 ᾧπερ
496 1961 554 2028 καὶ
578 1963 677 2041 πόλις
700 1960 738 2050 ήν
760 1959 883 2028 δικαία.
931 1960 1002 2027 Καί
1031 1973 1126 2028 τοῦτο
1156 1974 1252 2028 πᾶσα

133 2068 263 2158 ἀνάγκη.
306 2057 400 2134 Ἀλλ’
419 2066 511 2134 ούπω
533 2070 596 2157 μήν
618 2079 714 2134 τοῦτο
738 2066 995 2155 ἐπιλελήσμεθα,
1020 2067 1070 2133 ότι
1094 2065 1196 2156 ἐκείνη
1219 2092 1253 2153 γε

132 2177 181 2263 τηί
203 2177 241 2242 τὸ
265 2173 381 2241 ἐαυτοῦ
402 2173 539 2241 ἕκαστον
562 2174 595 2241 ἐν
619 2173 703 2264 αὐτῇ
726 2174 884 2262 πράττειν
915 2187 1014 2261 τριῶν
1036 2171 1136 2240 όντων
1158 2188 1254 2260 γενῶν

133 2279 247 2348 δικαία
270 2279 317 2370 ήν.
368 2280 414 2348 O'o'
441 2306 500 2368 μοι
531 2282 700 2366 δοκοῦμεν,
725 2277 803 2370 ἐφη,
833 2280 1067 2369 ἐπιλελῆσθαι.
1112 2286 1253 2368 Μνημο-

132 2387 256 2455 νευτέον
285 2388 349 2477 άρα
373 2391 449 2477 ἡμῖν
477 2389 528 2454 ότι
557 2387 614 2455 καὶ
638 2391 727 2477 ήμῶν
749 2385 903 2468 ἕκαστος,
939 2388 1014 2454 ὅτου
1037 2389 1076 2453 ἂν
1098 2389 1140 2453 τὰ
1155 2388 1254 2454 αὑτοῦ

133 2493 271 2562 ἕκαστον
299 2509 364 2561 τῶν
395 2494 428 2562 ἐν
457 2494 545 2582 αύτῷ
576 2496 720 2584 πράττη,
755 2489 847 2573 οὗτος
870 2491 998 2573 δίκαιός
1021 2519 1056 2561 τε
1080 2491 1172 2560 ἔσται
1196 2492 1253 2559 καὶ

133 2603 175 2668 τὰ
198 2603 298 2667 αυτοῦ
321 2601 485 2690 πράττων.
533 2599 603 2668 Καὶ
626 2601 725 2684 μάλα,
749 2599 769 2689 ή
791 2589 823 2666 δ’
843 2601 888 2681 ὅς,
911 2599 1151 2689 μνημονευτέον.
1189 2599 1253 2666 Οὐ-

132 2718 208 2773 κοῦν
241 2707 289 2794 τῷ
322 2707 383 2792 μέν
411 2709 587 2795 λογιστικῷ
619 2707 726 2796 άρχειν
755 2708 929 2795 προσήκει,
965 2707 1060 2794 σοφηῖ
1093 2703 1162 2771 όυτι
1195 2703 1253 2772 καί

55 2874 58 2878 ,
130 2809 238 2896 ’ἐήοντι
260 2817 318 2902 τὴν
341 2813 423 2902 ύπέρ
447 2815 579 2903 ἁπάσης
603 2825 663 2902 της
686 2826 791 2902 ψυχης
813 2815 1035 2900 προμήθειαν,
1058 2810 1106 2898 τῷ
1129 2810 1166 2877 δέ
1187 2817 1252 2876 θυ-

132 2921 258 3004 μοειδεῖ
280 2921 415 3008 ὑπηκόῳ
438 2913 521 2986 εἶναι
544 2919 603 2986 καὶ
627 2919 782 3006 ξυμμάχῳ
806 2920 942 3001 τούτους
986 2918 1081 2983 Πάνυ
1105 2941 1148 3004 γε.
1174 2903 1250 3006 Ἆρ’

133 3023 187 3092 σύν
210 3025 266 3108 ούχ
289 3029 400 3114 ὥσπερ
430 3025 595 3112 ἐλέγομεν,
627 3025 801 3115 μουσικήςθ
818 3024 874 3092 καί
898 3035 1116 3113 γυμναστικῆς
1138 3035 1254 3112 κρᾶσις

133 3131 290 3220 ξύμφωνα
320 3131 402 3198 αὐτὰ
425 3135 575 3221 ποιήσει,
610 3135 649 3200 τὸ
677 3132 736 3217 μέν
764 3129 974 3198 ἐπιτείνουσα
992 3130 1061 3214 Ικαί
1087 3129 1252 3218 τρέφουσα

132 3238 241 3324 λόγοις
264 3263 300 3306 τε
321 3241 435 3318 καλοῖς
457 3239 514 3306 καί
536 3241 728 3328 μαθήμασι,
759 3240 797 3304 τὸ
820 3237 856 3305 δέ
880 3237 1006 3304 ἀνιεῖσα
1030 3242 1251 3322 παραμυθου-

131 3343 227 3434 μένη,
262 3347 423 3433 ήμερυῦσα
450 3343 590 3433 ἁρμονίᾳ
621 3369 657 3411 τε
685 3343 742 3410 καί
765 3342 902 3432 ρυθμηῖς
946 3341 1080 3431 Κομιόή
1103 3365 1150 3426 γε,
1173 3339 1194 3429 ή
1217 3331 1248 3406 δ’

132 3451 176 3529 ὅς.
223 3450 294 3516 Καὶ
326 3453 430 3518 τούτω
460 3452 499 3540 όή
531 3453 613 3518 ούτω
639 3449 798 3539 τραφέντε
820 3448 877 3515 καί
902 3450 947 3528 ὡς
970 3448 1105 3536 άληθῶς
1127 3449 1170 3512 τὰ
1193 3448 1251 3512 αὑ-

132 3568 196 3622 τῶν
218 3557 365 3641 μαθόντε
387 3556 443 3623 καί
467 3555 687 3623 παιδευθέντε
709 3557 975 3646 προστατήσττον
1004 3565 1062 3620 τοῦ
1085 3552 1252 3642 ἐπιθυμη-

131 3672 233 3744 τικοῦ,
257 3659 276 3728 ὃ
299 3664 338 3752 δή
362 3664 517 3730 πλεῖστον
539 3676 597 3752 της
620 3676 725 3752 ψυχης
747 3662 781 3728 ἐν
804 3659 931 3748 ἐκάσιιμ
955 3659 1025 3727 ἐστὶ
1047 3658 1104 3725 καί
1125 3659 1252 3748 χρημά-

131 3793 196 3834 των
218 3770 313 3857 φύσει
337 3767 602 3859 ἀπληστότατον·
648 3767 666 3836 ὃ
688 3770 869 3858 τηρήσετον,
892 3770 937 3856 μή
959 3765 1007 3853 τῷ
1029 3757 1253 3849 πίμπλασθαι

131 3888 197 3940 τῶν
226 3874 303 3963 περὶ
331 3877 370 3942 τὸ
404 3890 500 3960 σῶμα
527 3875 734 3960 καλουμένων
763 3877 884 3964 ήύονῶν
913 3874 999 3940 πολύ
1034 3869 1092 3937 καί
1126 3867 1253 3957 ἰσχυρὸν

130 3981 299 4067 γενόμενον
321 3981 379 4049 ούκ
402 3979 443 4048 αὖ
464 3984 507 4048 τά
531 3984 630 4049 αὑτοῦ
652 3983 798 4070 πράττη,
821 3981 907 4047 άλλὰ
930 3977 1252 4046 καταδουλώσασθαι

132 4088 190 4156 καί
214 4089 322 4177 άρχειν
345 4088 531 4178 ἐπιχειρήσῃ
556 4085 600 4155 ὧν
623 4088 660 4156 ού
683 4101 849 4176 προσηκον
873 4086 962 4174 αὐτῷ
985 4084 1075 4171 γένει,
1098 4081 1156 4149 καί
1172 4083 1252 4166 ξύμ-

131 4221 246 4264 παντα
277 4197 333 4262 τόν
360 4193 433 4280 βίον
462 4196 597 4262 πάντων
626 4193 803 4282 άνατρέήηγ.
850 4193 946 4258 Πάνυ
980 4190 1039 4275 μὲν
1072 4187 1144 4271 οὖν,
1179 4185 1251 4278 ἐφη.

127 4288 206 4394 'Ao'
225 4301 295 4383 οὖν,
327 4289 416 4390 ήνά
436 4301 513 4388 ἐγώ,
545 4301 603 4368 καί
632 4303 707 4380 τοὺς
734 4296 859 4380 ἔξωθεν
888 4295 1065 4382 πολεμίους
1086 4295 1190 4362 τούτω
1214 4296 1252 4360 λλν

128 4409 295 4478 ’κάλλιστα
323 4406 543 4498 φυλαττοίτην
574 4406 657 4496 ὑπὲρ
680 4406 812 4494 ἁπάσης
842 4419 899 4495 της
922 4416 1029 4493 ψυχης
1057 4400 1171 4470 τεκαὶ
1194 4412 1253 4468 τοῦ
