3156 4988
562 331 675 401 Seeptiei
693 331 861 400 antiquiores.
1219 327 1274 390 369

99 511 143 550 εει
219 492 310 574 Diog.
338 492 386 555 IX
411 500 483 557 103.
529 490 614 578 Περὶ
646 489 706 575 μὲν
737 485 782 556 ὧν
815 492 859 570 ὡς
893 489 1070 578 ἀνθρωποι
1104 489 1271 574 πάσχομεν
1322 544 1356 582 m
1381 501 1402 529 ¹³

152 599 368 683 ὁμολογοῦμεν
392 593 638 684 (ἀποκρίνονται
661 594 692 663 οἱ
709 594 914 681 Σκεπτικοί)·
937 595 995 662 καὶ
1018 599 1079 684 γὰρ
1102 597 1154 662 ὅτι
1170 595 1272 684 ἡμέρα

152 702 223 770 ἐστὶ
246 701 304 768 καὶ
327 703 378 768 ὅτι
401 703 505 785 ζῶμεν
528 703 585 769 καὶ
609 703 693 769 ἀλλα
718 704 828 770 πολλά
858 717 922 768 τῶν
945 702 977 769 έν
1000 702 1048 790 τῷ
1069 701 1133 789 βίην
1157 727 1273 792 φαινο-

151 809 255 893 μένων
278 811 561 895 διαγιγνώσκομεν·
602 809 682 899 περὶ
706 799 739 876 δ’
757 805 802 875 ὧν
826 807 857 876 οἱ
881 809 1075 896 δογματικοὶ
1100 811 1272 894 διαβεβαι-

152 927 265 982 οῦνται
287 915 334 1002 τῷ
349 915 444 1002 λόγῳ,
468 915 606 1004 φάμενοι
623 917 860 1005 κατειλῆφθαι,
884 915 962 1004 περὶ
978 911 1273 999 τούτων’ἒπέγομεν

152 1024 196 1101 ὡς
219 1022 355 1110 ἀδήλων,
378 1022 463 1105 μόνα
487 1021 524 1088 δὲ
545 1025 588 1087 τά
611 1022 711 1111 πάθη
733 1024 956 1108 γιγνώσκομεν.
1003 1024 1041 1088 τδ
1063 1021 1123 1105 μὲν
1145 1024 1205 1111 γὰρ
1222 1022 1273 1088 δτι

152 1130 276 1216 ὁρῶμεν
309 1129 523 1213 ὁμολογοῦμεν
557 1128 614 1195 καὶ
643 1131 681 1195 τὸ
710 1130 761 1194 δτι
792 1129 866 1196 τδδε
895 1141 1026 1213 νοοῦμεν
1048 1130 1272 1214 γιγνώσκομεν,
1326 1201 1337 1218 .

152 1249 226 1313 πῶς
255 1223 287 1300 δ’
305 1235 428 1322 δρῶμεν
464 1236 484 1323 ἢ
515 1249 588 1314 πῶς
624 1246 754 1320 νοοῦμεν
788 1236 975 1322 ἀγνοοῦμεν·
1022 1235 1080 1302 καὶ
1113 1236 1165 1302 ὅτι
1200 1235 1273 1302 τόδε

152 1341 264 1406 λευκὸν
292 1337 447 1427 φαίνεται
477 1342 720 1430 διηγηματικῶς
750 1341 899 1428 λέγομεν,
930 1341 967 1408 ού
990 1343 1273 1427 διαβεβαιούμενοι

151 1444 182 1513 εἰ
209 1445 267 1514 καὶ
297 1445 396 1525 ὅντως
425 1445 505 1514 ἐστι’.
536 1485 578 1496 -
610 1457 684 1516 105.
709 1449 787 1514 ὅθεν
816 1447 914 1515 καὶὸ
942 1446 1052 1532 Τίμων
1074 1447 1109 1515 ἐν
1130 1447 1178 1535 sni
1200 1448 1273 1512 Πύ-

152 1551 239 1619 θωνί
266 1575 347 1643 φησι
375 1555 420 1642 μη
451 1553 659 1643 ἐκβεβηκέναι
692 1557 749 1644 τὴν
771 1556 954 1645 συνήθειαν.
986 1554 1043 1621 καὶ
1066 1551 1100 1622 ἐν
1122 1559 1194 1633 τοῖς
1213 1544 1273 1619 Ἰν-

152 1661 300 1743 δαλμοῖς·
314 1661 397 1726 ούτω
421 1658 520 1743 λέγει·

217 1775 320 1850 Ἀλλά
342 1785 379 1850 τὸ
403 1784 598 1884 φαινόμενον
619 1785 726 1874 πάντη
750 1783 862 1852 σθένει
884 1779 985 1871 οὗπερ
1009 1786 1048 1850 ἀν
1069 1781 1182 1874 &beyn

152 1890 210 1957 καὶ
233 1891 266 1957 έν
287 1895 357 1968 τοῖς
380 1889 458 1978 περὶ
482 1886 669 1979 αἰσθήσεων
692 1889 788 1980 φησί·
839 1893 884 1958 Tb
906 1890 982 1975 μέλι
1007 1891 1058 1956 δτι
1081 1888 1152 1957 ἐστὶ
1175 1891 1272 1976 γλοκδ

153 1997 189 2064 οά
205 1995 335 2086 τίθημι,
351 1998 389 2063 τὸ
405 1995 441 2062 δὲ
457 1997 505 2062 ὅτι
523 1995 677 2085 φαίνεται
694 1998 849 2082 ὁμολογῶ.
887 2006 959 2064 106.
977 1995 1034 2063 καί
1050 1993 1272 2085 Αἰνεσίδημος

152 2103 186 2170 ἐν
216 2103 264 2189 τῷ
292 2105 415 2190 πρώτῳ
444 2117 509 2168 τῶν
530 2101 746 2191 Πυρρωνείων
776 2104 879 2190 λόγων
909 2101 1001 2169 οὐδέν
1032 2125 1131 2191 φησιν
1154 2101 1272 2190 ὁρίζειν

150 2212 207 2276 τὸν
230 2209 390 2297 Πύρρωνα
413 2209 619 2295 δογματικῶς
634 2209 691 2275 διά
713 2211 771 2298 τὴν
785 2207 979 2295 ἀντιλογίαν,
1002 2212 1073 2288 τοῖς
1095 2207 1132 2274 δὲ
1154 2233 1272 2297 φαινο-

150 2315 260 2400 μένοις
283 2315 506 2382 ἀκολουθεῖνί.

223 2474 252 2515 ει.
278 2457 315 2514 cf.
334 2459 404 2513 Sext.
423 2459 508 2513 Man.
527 2459 579 2512 VII
596 2461 639 2514 30.

223 2582 252 2638 b.
277 2583 425 2636 Veritatem
442 2600 570 2637 eonenrsn
588 2599 665 2653 quem
685 2583 744 2652 quis
762 2583 858 2637 dixerit
876 2599 1001 2636 sensnum
1020 2585 1099 2652 alque
1117 2581 1271 2636 intellectus

151 2671 249 2740 percipi
267 2687 344 2740 pesse
361 2672 477 2740 negabat
494 2672 547 2724 iam
565 2671 639 2724 'l'inno
664 2671 766 2725 dnobus
785 2671 944 2726 testimoniis
968 2671 1098 2738 ambiguis
1117 2670 1159 2746 nil
1183 2673 1271 2723 ratum

151 2757 208 2812 fieri
225 2762 441 2827 argumentatus:
459 2760 536 2828 Diog.
555 2760 594 2812 IX
614 2760 666 2813 114
685 2765 795 2830 συνεχές
814 2757 839 2814 τ’
855 2764 993 2830 ἐπιλέγειν
1010 2763 1102 2814 εἰώθει
1121 2762 1190 2832 πρὸς
1208 2761 1272 2820 τοὺς

152 2848 201 2908 τάς
224 2849 369 2915 αἰσθήσεις
390 2845 454 2920 μετ’
477 2851 731 2923 ἐπιμαρτυροῦντος
757 2860 807 2902 τοῦ
830 2860 881 2902 νοῦ
904 2852 1091 2922 ἐγκρίνοντας
1129 2851 1272 2916 Σενηλθεν

10 2973 12 2996 ,
149 2930 285 3005 Ἀτταγας
303 2955 331 2990 τε
349 2942 396 2990 καὶ
416 2940 581 3010 Νουμήνιος,
601 2938 633 2990 ‹le
652 2954 703 3007 que
721 2938 856 3007 proverbio
874 2957 898 2992 v.
917 2937 1105 3003 Wechsmulh‚
1125 2936 1180 2990 Sill.
1201 2937 1234 2990 16
1251 2937 1270 2990 ¹.
1304 2917 1313 2932 ’

11 3013 13 3056 l
62 3063 64 3070 .
151 3021 262 3094 Seepliei
290 3041 342 3078 nen
360 3041 407 3094 pre
434 3029 506 3079 eerbo
535 3025 704 3079 affirmabant
730 3042 814 3095 neque
841 3026 1010 3094 intelligibile
1037 3043 1120 3095 neque
1148 3025 1271 3080 sensibile

151 3129 240 3166 verum
267 3129 332 3179 esse,
360 3113 406 3166 sed
433 3114 601 3168 haesitabant
628 3114 660 3167 de
688 3117 820 3184 utreque:
848 3115 923 3182 Diog.
942 3115 981 3167 IX
1001 3116 1035 3169 76
1063 3126 1117 3168 τῶν
1140 3117 1193 3188 μὲν
1217 3117 1272 3185 γὰρ
1301 3141 1302 3144 “

152 3205 326 3276 πραγμάτων
350 3202 578 3274 διαφωνούντων,
604 3215 658 3257 τῶν
683 3204 714 3257 δὲ
733 3205 822 3274 λόγων
841 3207 1064 3258 ἰσοσθενούντων
1082 3206 1207 3274 ἀγνωσία
1226 3213 1272 3270 τῆς

144 3281 283 3356 ’ἀληθείας
300 3293 488 3344 ἐπακολουθεῖ.

13 3519 14 3522 ’
104 3535 140 3575 ³⁶¹
218 3519 310 3600 Diog.
345 3519 393 3583 IX
429 3529 480 3586 61.
541 3519 641 3587 Oleli
675 3523 736 3609 γάρ
770 3517 911 3610 ἔφασκεν
945 3521 976 3607 (ὁ
1010 3521 1162 3608 Πύρρων)
1197 3518 1270 3586 ούτε
1297 3516 1418 3610 ffist'gf:
1451 3539 1464 3562 ·

152 3624 251 3690 καλὸν
281 3612 350 3689 αὕτ’
370 3621 502 3712 αἰσχρὸν
529 3625 601 3693 ούτε
631 3625 759 3694 δίκαιον
789 3618 857 3694 οὔτ’
877 3627 1007 3694 ἀδικον·
1060 3627 1118 3694 καὶ
1147 3623 1271 3711 δμοίως

151 3729 212 3797 ἐπὶ
229 3730 368 3796 ’πάντων
382 3731 482 3820 μηδὲν
496 3725 580 3799 εἶναι
602 3732 646 3823 τῇ
669 3733 820 3823 ἀληθείη,
844 3735 931 3821 νόμῳ
948 3732 984 3799 δὲ
1000 3733 1057 3799 καὶ
1070 3730 1143 3800 ἔθει
1159 3733 1270 3798 πάντα

151 3839 226 3915 τοὺς
249 3835 447 3926 ἀνθρώπους
462 3839 637 3926 πράττειν·
669 3838 707 3906 ού
730 3843 790 3929 γάρ
813 3841 937 3924 μᾶλλον
960 3840 1034 3906 τύδε
1056 3841 1075 3928 ἢ
1098 3839 1172 3905 τόδε
1186 3827 1273 3906 εἶναί

151 3940 296 4009 ἕκαστον.

223 4085 261 4140 Cf.
281 4085 352 4140 Sext.
370 4086 455 4142 Mnlh.
474 4088 511 4140 XI
532 4088 584 4143 140
609 4094 671 4143 ούτε
690 4092 803 4158 ἀγαθόν
821 4095 849 4142 τί
865 4092 924 4144 ἔστι
943 4093 1026 4161 φύσει
1046 4093 1106 4142 οὔτε
1126 4088 1215 4152 κακόν,

363 4171 441 4230 Ἀλλὰ
461 4179 528 4248 πρὸς
547 4179 703 4250 ἀνθρώπων
726 4189 814 4231 ταῦτα
839 4180 919 4246 νόῳ1
938 4184 1058 4250 κέκριται

152 4265 222 4316 κατὰ
242 4265 291 4316 τὸν
313 4268 433 4335 Τίμωνα,
454 4295 487 4304 -
506 4265 582 4334 Diog.
597 4265 635 4319 IX
654 4267 689 4321 83
708 4269 740 4320 τδ
758 4277 826 4336 γοῦν
845 4268 913 4319 αὐτὸ
932 4262 1000 4340 παρ’
1023 4261 1062 4326 οἷς
1079 4266 1133 4338 μὲν
1151 4266 1269 4326 δίκαιον,

225 4441 252 4506 1)
270 4441 396 4513 νόμιμοί.
415 4441 516 4520 Hirzeb
