3130 4980
295 359 351 424 268
817 365 902 422 Plato.

297 522 418 612 ίίφρονε
451 523 637 610 ξυμβούλω,
672 527 781 608 θυμὸν
814 524 852 593 δέ
884 526 1202 614 δυσπαραμύθητον,
1236 524 1360 594 ἐλπίδα
1383 517 1420 593 δ’

297 628 545 718 εύπαροίγωγον·
591 627 748 720 αἰσθήσει
782 629 819 698 δέ
853 631 959 720 ἀλόγῳ
989 630 1047 699 καί
1074 630 1265 722 ἕπιχειρητῇ
1293 635 1423 713 παντὸς

297 731 395 824 έρωτι
430 737 704 826 συγκερασάμενοι
740 749 845 804 ταῦτα
879 737 1065 824 ἀναγκαίως
1098 739 1136 804 τὸ
1169 740 1292 828 θνητὸν
1329 737 1421 826 γένος

297 840 490 923 ξυνέθεσαν·
534 841 593 910 καί
622 844 679 910 διὰ
707 855 811 910 ταῦτα
838 845 878 933 δὴ
901 845 1069 930 σεβόμενοι
1090 841 1233 929 μιαίνειν
1254 846 1293 911 τὸ
1314 850 1420 929 θεῖον,

296 948 371 1015 ότι
392 951 438 1038 μή
468 959 563 1016 πᾶσα
594 946 792 1039 ήνάνάγκη,
824 949 924 1038 χωρίς
953 948 1075 1018 ἐκείνου
1104 947 1345 1032 κατοικίζουσιν
1373 949 1422 1032 είς

297 1053 397 1144 ἀλλην
430 1065 489 1123 τοῦ
521 1055 674 1140 σώματος
700 1053 828 1146 οἴκησιν
848 1058 888 1124 τὸ
921 1056 1058 1147 θνητόν,
1093 1053 1217 1141 ἰσθμὸν
1254 1057 1312 1124 καί
1346 1059 1423 1147 όρον

296 1162 603 1253 διοικοδομήσαντες
631 1175 690 1251 τῆς
717 1187 753 1230 τε
774 1163 919 1252 κεφαλῆς
948 1161 1007 1230 καί
1028 1173 1088 1230 τοῦ
1108 1163 1268 1252 στήθους,
1303 1163 1418 1247 αάγένα

295 1269 418 1353 μεταξὺ
439 1267 596 1351 τιθέντες,
618 1269 673 1335 ἵνα
695 1265 745 1358 είη
766 1267 873 1358 χωρίς.
920 1269 954 1336 ἐν
975 1271 1015 1359 δή
1038 1274 1109 1348 τοῖς
1131 1271 1270 1360 στήθεσι
1291 1270 1350 1338 καί
1372 1271 1419 1358 τῷ

296 1374 484 1463 καλουμένῳ
518 1375 673 1464 utta-eu
695 1377 734 1443 τὸ
767 1389 825 1465 τῆς
864 1389 972 1465 ψυχῆς
1006 1378 1128 1466 θνητὸν
1161 1375 1252 1464 γένος
1285 1375 1418 1444 ἐνέδουν.

296 1481 355 1548 καί
389 1481 504 1571 ἐπειδὴ
538 1483 576 1550 τό
608 1480 668 1566 μέν
701 1481 831 1566 ἀμεινον
865 1481 963 1571 αὐτῆς
992 1484 1031 1550 τὸ
1060 1482 1098 1550 δέ
1124 1487 1232 1572 χεῖρον
1254 1482 1420 1572 ἐπεφύκει,

297 1588 541 1671 διοικοδομούσι
570 1589 609 1655 τὸ
637 1599 696 1655 τοῦ
724 1589 881 1678 θώρακος
910 1587 951 1656 αδ
983 1591 1093 1672 κύτος,
1128 1587 1323 1678 διορίζοντες
1352 1579 1421 1656 οἷον

297 1708 472 1781 γυναικῶν,
506 1697 563 1784 τήν
585 1693 623 1762 δὲ
650 1694 775 1784 ἀνδρῶν
794 1695 894 1784 χωρίς
917 1691 1060 1786 οἴκησιν,
1095 1699 1155 1776 τὰς
1189 1695 1309 1785 φρένας
1344 1695 1418 1761 διό-

297 1824 435 1890 φραγμα
457 1797 505 1880 είς
526 1802 566 1868 τδ
587 1799 687 1885 μέσον
715 1801 822 1868 αὐτῶν
850 1800 1008 1882 τιθέντες.
1054 1804 1093 1871 τὸ
1123 1801 1256 1888 μετέχον
1285 1798 1340 1868 οὖν
1362 1814 1421 1891 τῆς

296 1920 404 1997 ψυχῆς
426 1905 575 1996 ἀνδρείας
597 1906 656 1974 καί
677 1913 803 1993 θυμοῦ,
827 1908 1010 1997 φιλόνεικον
1032 1907 1084 1991 όν,
1115 1905 1303 1997 κατῴκισαν
1326 1907 1418 1994 ἐγγυ-

297 2013 381 2103 τέρω
404 2026 462 2103 τῆς
484 2014 627 2104 κεφαλῆς
649 2015 772 2099 μεταξύ
801 2029 866 2081 τῶν
893 2028 1018 2104 φρενῶν
1044 2014 1159 2082 τεκαὶ
1183 2011 1329 2098 αὐχένος,
1364 2015 1419 2080 ἵνα

297 2132 356 2188 τοῦ
377 2120 473 2206 λόγου
495 2121 656 2209 κατήκοον
683 2121 719 2188 δν
747 2120 841 2212 κοινῇ
868 2113 941 2206 μετ’
968 2119 1089 2189 ἐκείνου
1110 2119 1170 2210 βίᾳ
1192 2123 1231 2188 τδ
1252 2134 1318 2188 τῶν
1341 2119 1420 2188 ἐπι-

296 2233 427 2312 θυμιῶν
449 2225 580 2309 κατέχοι
595 2225 694 2313 γένος,
717 2218 817 2295 ὁπότ’
836 2226 873 2296 ἐκ
895 2240 953 2316 της
976 2227 1187 2317 ἀκροπόλεως
1208 2226 1256 2314 τῷ
1279 2225 1419 2312 ἐπιτάγ-

297 2345 378 2418 ματι
400 2331 459 2399 καὶ
487 2332 572 2419 λόγῳ
594 2332 733 2422 μηδαμῇ
755 2331 943 2402 πείθεσθαι
965 2331 1038 2401 ἑκδν
1061 2333 1183 2401 ἐθέλοι.
1233 2335 1298 2422 Τήν
1320 2333 1357 2400 δέ
1379 2335 1420 2422 δή

297 2436 436 2527 καρδίαν
465 2440 558 2523 όμμα
594 2451 659 2506 τῶν
685 2440 815 2528 φλεβῶν
843 2438 901 2506 καί
930 2442 1037 2529 πηγήν
1070 2451 1129 2506 τοῦ
1162 2438 1421 2528 περιφερομένου

297 2547 384 2612 κατὰ
407 2544 583 2611 πάντατὰ
605 2543 687 2634 μέλη
712 2547 863 2635 σφοδρῶς
886 2547 1027 2629 αἵματος
1054 2543 1101 2624 είς
1122 2547 1180 2635 τὴν
1203 2547 1422 2635 δορυφορικήν

298 2649 425 2741 οἴκησιν
447 2649 658 2740 κατέστησαν,
680 2651 752 2734 ἵνα,
775 2652 829 2718 ue
851 2651 952 2733 ζέσειε
973 2653 1011 2719 τὸ
1033 2663 1092 2719 τοῦ
1113 2657 1224 2736 θυμοῦ
1244 2651 1339 2737 μένος
1361 2663 1421 2720 τού

298 2759 393 2845 λόγου
428 2754 709 2847 παραγγείλαντος
743 2759 787 2836 ὥς
820 2781 871 2836 τις
905 2757 1018 2838 ἄδικος
1051 2757 1130 2847 περὶ
1164 2756 1248 2824 αὐτὰ
1277 2756 1420 2844 γίγνεται

297 2865 420 2952 πρᾶξις
443 2860 567 2944 έξωθεν
589 2861 684 2952 ἢκαί
705 2888 757 2942 τις
779 2863 848 2930 ἀπὸ
870 2879 935 2930 τῶν
950 2861 1084 2932 ἐνδοθεν
1099 2860 1297 2949 ἐπιθυμιῶν,
1320 2863 1422 2945 ὀξέως

298 2972 354 3037 διὰ
377 2970 512 3036 πέπων
534 2983 599 3037 τῶν
621 2982 794 3036 στενωπῶν
815 2981 893 3052 πᾶν,
918 2972 992 3038 ὅσον
1008 2968 1205 3060 αἰσθητικὸν
1226 2969 1261 3037 ἐν
1282 2970 1331 3058 τῷ
1354 2973 1421 3036 σώ-

297 3101 389 3161 ματι,
411 3089 477 3142 τῶν
499 3099 535 3142 τε
557 3077 822 3164 παρακελεύσεων
844 3077 903 3143 καὶ
931 3077 1077 3144 ἀπειλῶν
1109 3074 1346 3161 αἰσθανόμενον
1369 3075 1422 3162 γί-

297 3205 406 3269 γνοιτο
430 3181 571 3271 ἐπήκοον
593 3182 651 3248 καί
674 3181 790 3249 ἕποιτο
813 3183 921 3272 πάντη
944 3183 1002 3250 καί
1024 3185 1063 3250 τὸ
1077 3181 1247 3268 βέλτιστον
1262 3185 1364 3261 οὕτως
1388 3182 1425 3250 ἐν

299 3287 411 3367 αὐτοῖς
433 3300 536 3354 πᾶσιν
558 3290 721 3376 ήγεμονεῖυ
743 3283 817 3378 ἐῴη.

369 3429 398 3469 α.
424 3412 666 3470 Cic.Tuse.120.
702 3413 786 3468 Pluto
809 3413 942 3484 triplicem
962 3416 1046 3482 [iuuit
1064 3414 1191 3483 animum,
1219 3415 1298 3468 cuiue
1317 3414 1423 3482 priuci-

259 3550 261 3556 ,
296 3509 406 3572 petum,
433 3501 464 3557 id
482 3507 522 3558 est
539 3501 687 3569 rationem,
709 3501 741 3556 iu
759 3502 848 3570 capite
866 3503 939 3557 sieut
956 3502 987 3557 iu
1005 3519 1066 3557 ανοο
1085 3503 1177 3572 posuit
1194 3508 1220 3558 τι
1238 3502 1309 3558 duae
1323 3509 1424 3571 partes
1541 3505 1544 3514 ’

297 3590 323 3644 ei
351 3607 451 3658 parere
481 3589 581 3654 uoluit,
613 3590 683 3644 iram
710 3595 736 3644 et
767 3589 956 3658 cupiditatem,
989 3608 1058 3660 quas
1087 3591 1154 3646 tocie
1184 3591 1252 3658 suis,
1288 3592 1357 3646 irum
1390 3593 1422 3646 iu

294 3683 403 3747 ρατιονε
440 3677 616 3746 cupiditatem
651 3677 745 3732 subter
777 3678 951 3747 praecordia,
980 3679 1084 3734 locavit.
1129 3678 1229 3733 Divisit
1252 3679 1320 3734 enim
1343 3680 1424 3735 Plato

298 3767 385 3818 tetum
405 3764 520 3818 animum
544 3766 572 3820 in
614 3765 680 3820 duas
703 3768 808 3838 pertesi,
837 3770 869 3821 τὸ
893 3771 1104 3840 λογιστικὸν
1127 3769 1155 3821 et
1178 3770 1209 3821 τὸ
1228 3773 1338 3838 όλογον,
1359 3786 1423 3840 quo-

297 3869 356 3906 rum
375 3852 488 3906 alterum
507 3869 599 3908 rursus
617 3854 645 3908 in
664 3855 696 3908 τὸ
713 3858 869 3927 θυμικὸν
887 3859 915 3910 et
933 3859 965 3910 τὸ
983 3859 1246 3930 ἐπιθυμητικὸν
1263 3857 1422 3928 discriptum

297 3939 394 4008 voluit,
423 3957 447 3995 v.
466 3941 532 4011 Rep.
550 3941 588 3994 IV
605 3941 791 4010 436-4410‚
819 3943 864 3998 ubi
883 3945 946 4014 quid
970 3945 1042 3999 inter
1059 3947 1200 4016 utrumque
1217 3945 1366 4000 intercedat
1384 3948 1424 4002 sio

297 4029 445 4100 explicatur
463 4028 561 4086 440A:
592 4032 698 4086 Οὔκουν
720 4035 767 4086 καὶ
792 4035 904 4101 ἄλλοθι,
934 4035 1016 4106 ἔφην,
1045 4037 1189 4105 πολλαχοῦ
1212 4039 1423 4110 αἰσθανόμεθα,

298 4119 366 4173 ὅταν
392 4122 540 4186 βιάζωνταί
566 4138 628 4172 τινα
655 4121 732 4192 παρὰ
761 4123 811 4174 τὸν
837 4125 975 4196 λογισμὸν
998 4125 1157 4197 ἐπιθυμίαι,
1185 4124 1368 4196 λοιδοροῦντά
1393 4145 1422 4180 τε

298 4209 384 4261 αὑτὸν
399 4212 446 4262 καὶ
463 4209 646 4281 θυμούμενον
663 4211 701 4277 τῷ
718 4212 871 4283 βιαζομένῳ
889 4213 919 4266 ἐν
938 4213 1019 4281 αὐτῷ,
1037 4215 1085 4266 καὶ
1102 4210 1195 4288 ὥσπερ
1208 4211 1290 4266 δυοῖν
1304 4230 1423 4267 στασιω

299 4297 404 4357 ζύντοιν
423 4297 573 4369 ξύμμαχον
596 4299 633 4366 τῷ
657 4298 729 4366 λόγῳ
748 4301 915 4372 γιγνόμενον
933 4303 982 4354 τὸν
1005 4303 1100 4373 θυμὸν
1118 4311 1170 4355 τοῦ
1186 4304 1315 4356 τοιούτου
1322 4325 1332 4366 ,·
1361 4309 1423 4364 ταῖς

298 4379 329 4438 δ’
347 4385 512 4456 ἐπιθυμίαις
531 4387 616 4439 αὐτὸν
633 4389 848 4454 κοινωνήσαντα,
869 4392 1013 4464 αἱροῦντος
1032 4391 1117 4460 λόγου
1129 4391 1169 4464 μὴ
1183 4390 1251 4454 δεῖν,
1270 4391 1422 4463 ἀντιπράτ-

298 4489 356 4526 τειν
375 4472 456 4543 οἶμαί
474 4490 505 4527 σε
525 4475 573 4528 οὐκ
592 4477 627 4526 ἀν
653 4477 742 4545 φάναι
760 4481 913 4551 γενομένου
940 4479 1008 4533 ποτὲ
1035 4479 1066 4532 ἐν
1094 4482 1188 4548 σαυτῷ
1214 4488 1265 4532 τοῦ
1290 4479 1423 4531 τοιούτου
1543 4525 1544 4562 1
