3130 4980
683 271 784 352 sniis.
1240 293 1294 354 εει

171 459 346 518 κατοικίζειν·
385 457 512 530 διαφέρει
531 457 563 510 δὲ
583 457 666 510 οὐδὲν
684 462 737 509 εἴτε
762 476 819 509 που
844 458 920 510 ἔστιν
938 461 991 510 εἴτε
1016 457 1102 510 ἔσται.
1141 454 1216 520 Quod
1235 473 1296 509 cave

171 546 211 598 ite
229 546 341 616 eeeipias
359 563 389 598 ae
407 545 430 599 si
449 546 529 598 talem
554 541 687 598 eivitnte'm
705 544 809 598 omnino
832 561 884 597 nen
908 561 985 614 pesse
1003 544 1128 597 exsistere
1152 545 1293 614 putaverit,

172 635 204 689 ci.
223 635 288 704 Rep.
307 634 331 685 V
348 634 400 688 471
412 633 440 701 C,
459 634 497 686 VI
515 634 567 688 499
577 633 609 698 Β,
627 633 680 687 502
688 632 719 698 Β,
739 633 790 685 VH
808 633 862 687 540
870 633 904 687 D.
941 633 1023 696 (Idem
1037 633 1110 686 cedit
1122 633 1151 686 in
1163 633 1295 686 iustitiam

172 726 201 776 et
218 724 303 776 virnm
323 723 431 789 iustum,
461 723 493 776 ef.
511 722 574 775 ibid.
593 721 618 772 V
637 721 721 774 472ss
736 722 785 790 sq)
821 721 914 789 Hegel,
936 722 1031 775 Geseh.
1047 721 1073 775 d.
1088 721 1138 774 Ph.
1158 721 1292 775 [1269-

172 811 234 866 295.
270 811 361 877 zellen,
391 812 417 864 ά.
443 811 511 879 piat.
539 809 619 865 Stant
646 809 750 876 (Verte.
769 827 797 862 ιι.
816 809 887 863 Abh.
907 810 974 874 14).
1021 809 1073 863 Pe.
1098 810 1124 864 d.
1144 808 1192 862 Gr.
1212 811 1295 863 111³
1337 879 1340 886 Ι

172 901 224 954 776
235 917 274 970 sq.
294 929 328 940 -
347 899 474 954 civitates
493 915 523 951 ee
540 899 612 966 leges
630 915 690 952 vere
707 899 864 951 exsistentes
882 899 967 965 magis
986 897 1126 967 respiciens
1152 898 1183 952 de
1202 899 1294 953 multis

171 990 250 1042 rebus
268 989 347 1042 aliter
364 988 465 1041 iudicet
483 987 510 1040 in
528 987 604 1040 libris
624 987 656 1040 de
673 987 794 1054 Legibus,
814 987 858 1056 qui
877 1003 893 1039 a
912 986 1012 1040 seniore
1030 987 1167 1056 compositi
1182 987 1293 1041 necdum

171 1077 279 1146 abipso
298 1076 363 1129 editi
381 1078 464 1129 erant.
484 1074 522 1129 Cf.
537 1075 564 1128 Z.
579 1075 655 1128 111³
674 1074 828 1141 805-8353
848 1074 935 1128 Bruns
953 1075 971 1128 l.
986 1075 1003 1128 l.
1022 1079 1065 1128 BP
1084 1076 1174 1143 244b3
1194 1076 1291 1144 Bergk,

171 1164 230 1218 Ρλε
249 1164 364 1218 Gesetze
384 1166 412 1230 (5
432 1163 661 1233 Abhdlyn,1ips.
681 1165 770 1229 1883).

119 1427 161 1468 ²81
238 1413 313 1495 Leg.
335 1414 382 1478 IX
399 1415 512 1480 874Ε.
559 1412 690 1496 Νόμους
713 1413 907 1500 ἀνθρώποις
930 1414 1105 1500 ἀναγκαῖον
1128 1412 1292 1480 τίθεσθαι

171 1517 229 1583 καὶ
252 1518 307 1606 ζήν
330 1521 416 1584 κατὰ
439 1519 564 1602 νόμους,
589 1521 609 1608 ἢ
631 1519 924 1608 μηδένδιαφὲρειν
952 1535 1016 1586 τῶν
1040 1520 1147 1609 πάντη
1171 1520 1292 1608 ἀγριω-

170 1624 277 1689 τάτων
298 1621 434 1712 θηρίων.
466 1628 485 1713 ἦ
509 1624 545 1691 δέ
568 1621 660 1690 αἰτία
676 1627 798 1691 τούτων
821 1627 884 1716 ήδε,
909 1627 960 1692 ὅτι
983 1628 1082 1715 φύσις
1104 1627 1293 1714 ἀνθρώπων

170 1730 295 1808 οὐδενὸς
319 1727 412 1819 ἱκανή
435 1733 553 1818 φύεται
576 1735 659 1798 ὥστε
683 1732 803 1818 γνῶναί
824 1758 860 1799 τε
874 1736 917 1798 τὰ
932 1733 1138 1821 συμφέροντα
1163 1734 1294 1821 ἀνθρώ-

169 1861 249 1914 ποις
271 1833 318 1914 εἷς
340 1834 513 1902 πολιτείαν
536 1837 594 1902 καὶ
610 1849 726 1923 γνοῦσα
750 1841 789 1904 τὸ
811 1838 981 1920 βέλτιστον
1004 1838 1054 1904 ἀεὶ
1078 1837 1244 1905 δύνασθαί
1258 1865 1293 1906 τε

169 1942 231 2012 καλ
250 1939 377 2008 ἐθέλειν
400 1943 565 2031 πράττειν.
612 1959 729 2029 γνῶναι
752 1945 812 2028 μὲν
834 1948 894 2033 γάρ
918 1959 1050 2033 πρῶτον
1071 1946 1215 2027 χαλεπὸν
1242 1947 1293 2011 ότι

169 2050 328 2137 πολιτικῇ
350 2048 408 2115 καί
431 2049 552 2138 ἀληθεῖ
567 2049 657 2138 τέχνη
681 2050 718 2116 οὐ
732 2056 771 2117 τὸ
786 2048 872 2118 ἴδιον
888 2051 971 2116 ἀλλά
994 2053 1154 2117 τὸκοινόν
1170 2051 1292 2140 ἀνάγκη

167 2154 343 2238 μέλειν-
366 2158 403 2221 τὸ
425 2155 485 2238 μὲν
509 2159 569 2244 γάρ
592 2159 700 2222 κοινὸν
723 2157 837 2238 ξονδεῖ,
861 2160 899 2223 τὸ
923 2157 958 2223 δὲ
981 2154 1067 2223 ἴδιον
1089 2158 1219 2245 διασπᾷ
1233 2160 1293 2236 τὰς

169 2261 283 2338 πόλεις
307 2299 349 2308 -—
372 2262 429 2327 καὶ
465 2263 516 2327 ότι
551 2261 707 2350 ξυμφέρει
740 2262 789 2348 τῷ
818 2263 916 2348 κοινῷ
946 2287 981 2328 τε
1010 2263 1067 2328 καὶ
1098 2260 1188 2349 ἰδίην,
1223 2267 1293 2328 τοῖν
1402 2323 1404 2327 .

168 2367 292 2454 ἀμφοῖν
326 2368 363 2455 ἣν
397 2369 434 2433 τὸ
468 2370 575 2434 κοινόν
609 2359 748 2456 τιθῆται
783 2369 891 2446 καλῶς
925 2369 1050 2452 μᾶλλον
1081 2370 1101 2457 ἢ
1130 2371 1167 2435 τό
1190 2365 1292 2434 ἴδιον·

167 2475 315 2560 δεύτερον
345 2472 396 2553 δέ,
428 2473 483 2538 έάν
512 2473 577 2561 ὐίρα
612 2474 669 2540 καὶ
699 2476 737 2540 τὸ
767 2472 885 2559 γνῶναί
915 2500 965 2552 τις
996 2475 1047 2540 ὅτι
1076 2487 1180 2540 ταῦτα
1209 2477 1292 2542 οότω

167 2578 296 2668 πέφυκε
318 2579 402 2668 λάβη
427 2576 546 2658 ἱκανῶς
575 2580 608 2645 έν
638 2579 746 2669 τέχνη,
769 2583 853 2664 μετὰ
884 2580 920 2646 δὲ
951 2591 1048 2646 τοῦτο
1072 2581 1292 2660 ἀνυπεύθυνός

166 2685 283 2752 τεκαὶ
308 2685 517 2773 αὐτοκράτωρ
541 2685 621 2776 άρξη
644 2688 789 2769 πόλεως,
825 2687 882 2753 οὐκ
905 2687 944 2752 άν
972 2711 1055 2753 ποτε
1077 2688 1208 2753 δύναιτο
1232 2688 1291 2771 ἒμ-

165 2796 276 2876 μεῖναι
299 2792 403 2877 τούτῳ
426 2791 473 2878 τῷ
489 2792 628 2877 δόγματι
652 2793 709 2858 καί
733 2795 909 2877 διαβιῶναι
924 2795 963 2859 τὸ
985 2797 1044 2876 μέν
1066 2796 1173 2860 κοινὸν
1198 2795 1291 2883 ήγού-

165 2923 262 2982 μενον
291 2897 419 2986 τρέφων
443 2897 475 2963 έν
498 2898 540 2987 τῇ
565 2900 668 2980 πόλει,
699 2902 736 2965 τὸ
759 2899 796 2965 δέ
825 2896 910 2965 ἴδιον
933 2898 1090 2983 ἑπόμενον
1113 2900 1159 2987 τῷ
1183 2901 1290 2987 κοινῷ,

167 2993 238 3068 ἀλλ’
263 3003 322 3069 ἐπὶ
353 3002 541 3083 πλεονεξίαν
570 3005 628 3071 καὶ
657 3001 871 3094 ἰδιοπραγίαν
895 3010 913 3095 ή
936 3010 1041 3096 θνητή
1072 3008 1170 3095 φύσις
1194 3005 1291 3072 αὐτὸν

166 3111 303 3199 ὁρμήσει
334 3110 385 3176 ἀεὶ
414 3112 577 3198 φεύγουσα
607 3111 667 3196 μέν
696 3113 821 3198 ἀλόγως
849 3116 906 3202 τήν
938 3115 1044 3202 λύπην
1067 3115 1231 3179 διώκουσα
1255 3111 1292 3178 δὲ

165 3220 224 3306 τήν
247 3217 367 3305 ἡδονήν,
391 3217 508 3282 τοῦδέ
530 3217 734 3306 δικαιοτέρου
758 3219 873 3286 τεκαὶ
896 3217 1060 3302 ἀμείνονος
1083 3217 1292 3306 ἐπίπροσθεν

166 3323 270 3411 ἀμφω
292 3323 395 3387 τούτω
419 3325 650 3412 προστήσεται,
675 3325 732 3390 καὶ
748 3326 865 3404 σκότος
890 3324 1136 3413 ἀπεργαζομένη
1160 3321 1193 3390 έν
1209 3325 1291 3412 αὐτῇ

166 3431 300 3496 πάντων
330 3443 438 3495 κακῶν
467 3429 627 3519 ἐμπλήσει
657 3433 741 3519 πρὸς
770 3435 808 3497 τὸ
838 3431 930 3510 τέλος
961 3433 1058 3520 αὐτήν
1088 3456 1123 3497 τε
1151 3430 1210 3497 καὶ
1233 3432 1290 3518 τήν

165 3537 266 3602 πόλιν
289 3535 372 3624 ὅλην.
412 3535 486 3601 ἐπεὶ
508 3548 613 3602 ταῦτα
636 3535 670 3602 εί
690 3537 775 3603 ποτέ
788 3563 839 3616 τις
855 3537 1042 3625 ἀνθρώπιον
1059 3539 1153 3626 φύσει
1171 3534 1289 3618 ἱκανός,

164 3639 246 3729 θείᾳ
269 3640 369 3730 μοίρᾳ
393 3641 568 3731 γεννηθείς,
593 3645 799 3730 παραλαβεῖν
822 3645 958 3722 δυνατὸς
980 3640 1044 3732 εἴη,
1069 3644 1173 3728 νόμιον
1196 3643 1287 3710 οὐδὲν

165 3748 205 3812 ἀν
228 3745 335 3814 δέοιτο
357 3763 422 3814 τῶν
445 3749 607 3837 ἀρξόντων
630 3745 760 3816 ἑαυτοῦ·
808 3746 991 3838 ἐπιστήμης
1015 3753 1075 3838 γάρ
1100 3750 1171 3816 οὐτε
1193 3751 1288 3833 νόμος

165 3851 239 3918 οὐτε
261 3853 355 3932 τάξις
385 3852 519 3937 οὐδεμία
548 3852 718 3942 κρείττων,
754 3855 828 3922 οὐδὲ
851 3855 952 3940 θέμις
975 3855 1045 3921 ἐστὶ
1068 3867 1140 3921 νοῦν
1162 3854 1288 3932 οὐδενὸς

164 3960 310 4048 ὑπήκοον
333 3960 406 4026 οὐδὲ
436 3961 550 4027 δοῦλον
578 3961 662 4026 ἀλλά
692 3963 825 4028 πάντων
859 3962 998 4050 άρχοντα
1032 3955 1132 4042 εἶναι,
1168 3961 1287 4048 ἐάνπερ

164 4065 323 4153 ἀληθινὸς
347 4064 516 4155 ἐλεύθερός
538 4091 574 4133 τε
603 4065 703 4146 ὅντως
726 4055 749 4157 ᾖ
771 4072 856 4134 κατὰ
879 4069 1004 4156 φύσιν.
1051 4078 1105 4133 νῦν
1128 4066 1164 4134 δέ
1187 4106 1229 4116 -
1252 4067 1288 4152 οὐ

164 4171 227 4258 γάρ
259 4171 347 4238 ἐστιν
376 4172 519 4257 οὐδαμοῦ
547 4172 714 4256 οὐδαμῶς,
750 4164 863 4263 ἀλλ’ἢ
886 4177 972 4240 κατὰ
995 4176 1115 4261 βραχύ·
1172 4174 1224 4240 διὸ
1248 4174 1287 4260 δή

163 4279 203 4343 τὸ
227 4279 372 4367 δεύτερον
395 4277 555 4367 αἱρετέον,
587 4281 681 4359 τάξιν
711 4306 747 4348 τε
768 4281 827 4346 καὶ
849 4283 963 4365 νόμον,
995 4279 1078 4369 &ee
1101 4280 1220 4364 τὸμὲν
1244 4281 1288 4359 ὡς

164 4382 225 4448 ἐπὶ
248 4387 286 4450 τὸ
309 4387 394 4451 πολὺ
417 4386 479 4473 δρᾷ
501 4385 559 4451 καὶ
580 4385 708 4471 βλέπει,
731 4390 770 4452 τὸ
793 4377 827 4452 δ’
846 4387 904 4454 ἐπὶ
927 4398 996 4452 πάν
1019 4386 1178 4453 ἀδυνατεῖ.
