3156 4988
321 305 377 370 bl‘l
635 327 643 344 ·
797 309 964 366 Aristoteles.

323 464 427 550 ούσία,
443 467 527 534 ἀλλὰ
542 469 627 534 κατά
642 467 775 535 πολλῶν
789 469 808 534 ὸ
823 467 1003 556 άνθρωπος
1018 466 1218 554 λέγεταικαὶ
1233 470 1272 535 τὸ
1287 467 1377 556 ζῷον.
1396 507 1442 518 -

324 582 366 642 4⁸
391 583 441 641 10.
465 572 625 640 Μάλιστα
648 571 685 640 δὲ
706 569 791 641 litos
812 587 870 663 της
892 571 1005 653 οὐσίας
1027 575 1116 641 δοκεῖ
1144 565 1228 642 εἶναι
1257 575 1297 642 τὸ
1323 573 1441 641 ταύτὸν

325 677 384 746 καὶ
405 673 440 746 ἓν
461 673 598 768 ἀριθμῷ
612 679 648 746 ὸν
669 693 734 746 των
756 678 910 748 ἐναντίων
932 673 1016 748 εἶναι
1031 680 1186 762 δεκτικόν,
1211 670 1279 748 οἷον
1302 679 1361 748 ἐπὶ
1382 679 1442 764 μὲν

322 797 388 876 tuly
409 783 517 852 ὸίλλων
539 784 598 854 ούκ
620 786 659 851 bv
681 781 749 868 ἐγοι
771 811 823 865 τις
846 787 885 854 τὸ
906 797 1036 854 τοιοῦτο
1060 790 1277 873 προενεγκεῖν,
1306 786 1367 852 ὅσα
1395 787 1440 874 μή

323 887 405 958 οἶσιν
427 889 555 973 ούσίαι,
584 889 603 958 ὃ
625 886 660 958 ἓν
682 891 820 979 άριθμῷ
847 892 883 958 ὸν
905 905 970 958 τῶν
992 889 1145 958 ἐναντίων
1175 893 1322 959 δεκτικόν
1344 891 1440 973 ἐστιν,

323 988 392 1066 οἷον
413 999 452 1065 τὸ
472 1011 597 1086 χρῶμα,
621 998 641 1064 ό
662 996 750 1066 ἐστιν
764 994 806 1064 -tb
828 996 887 1064 καί
909 997 1027 1066 ταύτὸν
1042 999 1090 1086 τῷ
1106 997 1250 1088 άριθμηῖ,
1274 997 1333 1066 ούκ
1348 994 1440 1064 ἔσται

322 1104 435 1171 λευκὸν
456 1103 514 1170 καί
535 1101 653 1187 μέλαν,
685 1093 795 1193 ούὸή
818 1103 899 1193 αὕτη
921 1104 1044 1192 πρᾶξις
1066 1103 1124 1171 καί
1151 1102 1213 1189 μία
1236 1103 1284 1192 τῷ
1306 1101 1440 1192 ἀριθμῷ

323 1209 381 1278 ούκ
403 1206 498 1277 ἔσται
520 1209 629 1299 φαύλη
652 1208 710 1276 καὶ
732 1207 917 1277 σποσόαία·
963 1210 1118 1290 ὡσαύτως
1149 1209 1186 1277 όὸ
1214 1209 1272 1278 καὶ
1296 1209 1441 1276 ἐπὶτῶν

323 1315 439 1398 άλλων,
469 1315 531 1383 ὅσα
554 1317 599 1404 μή
622 1313 706 1383 εἰσιν
728 1314 847 1384 ούσίαι.
894 1315 973 1406 ἡὸὲ
994 1340 1029 1402 γε
1051 1314 1147 1384 οὸσία
1176 1312 1211 1384 ἓν
1238 1314 1296 1383 καὶ
1326 1314 1440 1382 ταύτὸν

323 1421 460 1510 ἀριθμῷ
481 1422 518 1490 ὸν
540 1423 687 1490 όικτικὸν
708 1436 773 1488 τῶν
796 1420 949 1490 ἐναντίων
971 1420 1074 1504 ἐστίν,
1106 1414 1173 1491 οἷον
1195 1424 1214 1490 ό
1236 1422 1287 1502 τίς
1310 1422 1439 1512 άνθρω-

325 1552 399 1610 πος,
423 1518 469 1607 εἷς
492 1525 550 1594 καὶ
572 1528 591 1595 ὸ
613 1527 711 1607 αὐτὸς
733 1526 786 1610 άίν,
816 1527 873 1595 ὁτὲ
898 1527 959 1612 μὲν
980 1529 1091 1608 λευνός
1114 1528 1169 1597 ὁτὲ
1197 1528 1234 1596 δὲ
1260 1527 1363 1612 μέλας
1391 1526 1440 1615 γί-

326 1657 445 1720 γνεται,
468 1632 528 1700 καὶ
542 1635 665 1722 θερμὸς
687 1633 746 1702 καὶ
769 1635 902 1724 ψυχρός,
925 1634 984 1702 καὶ
1006 1637 1131 1724 φαῦλος
1153 1634 1211 1702 καὶ
1233 1637 1439 1714 σπουδαῖος·.

395 1859 424 1901 α.
450 1845 621 1914 Desingulie
639 1845 671 1900 cf.
690 1844 913 1915 Trendelenburg,
933 1845 1031 1902 (λαιάν.
1051 1847 1078 1902 ό.
1097 1846 1197 1916 Kateq.
1216 1847 1251 1902 L.
1268 1865 1295 1918 p.
1314 1848 1440 1918 53sq.-

323 1933 478 1989 Aristotelis
503 1933 538 1987 <le
560 1933 712 1987 substantia
736 1934 856 1988 doctrina
881 1935 1001 2005 opposite
1031 1938 1074 1988 est
1101 1935 1251 1990 Platonicae
1279 1937 1442 1990 substantiae

240 2093 242 2098 ,
323 2025 430 2094 praeter
447 2039 490 2076 res
509 2021 647 2075 sensibiles
666 2039 723 2076 esse
742 2023 881 2090 statuenti,
901 2024 933 2077 ef.
951 2029 996 2076 BP
1013 2024 1099 2078 313b.
1136 2024 1201 2078 Met.
1220 2024 1273 2078 VII
1292 2026 1334 2080 16.
1354 2025 1442 2080 1040b
1465 2021 1473 2036 ”

324 2111 360 2167 25
387 2112 428 2166 ἔτι
455 2113 487 2165 τὸ
513 2110 544 2165 ἓν
570 2113 696 2185 πολλαχῇ
724 2113 773 2165 οὐκ
796 2115 832 2164 άν
854 2117 896 2179 εἴη
921 2114 995 2185 ἅμα,
1023 2115 1055 2166 τὸ
1074 2113 1106 2167 ὸὸ
1123 2115 1216 2167 καινὸν
1240 2115 1300 2186 άμα
1319 2117 1443 2188 πολλαχῇ

324 2203 458 2272 ὑπάρχει·
495 2198 565 2254 ὥστε
588 2199 673 2266 δῆλον
691 2200 734 2254 ότι
760 2200 844 2254 ούθὸν
862 2211 917 2254 των
939 2203 1063 2254 καθόλου
1082 2204 1200 2275 ὑπάρχει
1224 2203 1301 2272 παρά
1319 2205 1354 2256 τά
1372 2200 1439 2256 καθ’

325 2288 428 2344 ἕκαστα
443 2293 541 2362 χωρίς
579 2283 640 2341 ἀλλ’
662 2291 690 2342 οἱ
707 2289 742 2342 τά
768 2289 828 2356 ελύη
853 2292 979 2359 λέγοντες
997 2293 1029 2362 τῇ
1047 2290 1100 2362 μὲν
1119 2292 1208 2363 ὀρθῶς
1230 2293 1344 2360 λέγουσι
1358 2296 1443 2364 χωρί·

326 2379 415 2438 ζοντες
434 2377 512 2441 αὐτά,
532 2380 609 2448 είπερ
628 2377 721 2432 ούσίαι
740 2380 810 2442 εἰσί·
822 2380 855 2448 τῇ
874 2367 903 2432 ’δ’
921 2381 971 2432 οὐκ
989 2380 1092 2450 ὀρθῶς,
1112 2379 1155 2432 ότι
1173 2381 1205 2432 τὸ
1223 2379 1252 2432 ἓν
1270 2380 1318 2433 ἐπὶ
1336 2383 1444 2433 πολλῶν

325 2463 399 2526 ελόος
416 2467 552 2534 λέγουσιν.
590 2469 680 2518 αἴτιον
697 2461 727 2519 δ’
744 2466 787 2520 ότι
807 2469 855 2520 οὐκ
873 2467 985 2536 ἔχουσιν
1003 2467 1163 2521 άπούοθναι
1180 2471 1250 2528 τίνες
1269 2471 1300 2520 αἱ
1317 2479 1444 2524 τοιαῦται

327 2553 421 2607 οὐσίαι
449 2555 480 2606 αἱ
507 2557 650 2626 άφθαρτοι
672 2556 749 2626 παρά
774 2557 824 2616 τάς
845 2551 912 2609 καθ’
935 2555 1036 2610 ἕκαστα
1060 2559 1107 2609 καλ
1134 2559 1276 2622 αἰσθητάς.
1314 2559 1444 2612 ποιοῦσίν

326 2637 375 2696 οὖν
393 2651 442 2703 τάς
461 2643 545 2703 αὐτάς
564 2644 602 2711 τῷ
620 2641 688 2696 εἴδει
705 2649 763 2704 τοῖς
782 2649 920 2732 φθαρτοῖς
937 2645 1050 2710 (ταύτας
1068 2645 1122 2715 γάρ
1140 2645 1239 2716 ἴσμεν),
1267 2645 1444 2721 αύτοάνθρω·

325 2750 382 2785 πον
398 2733 446 2784 καὶ
464 2731 630 2794 αὐτόϊππον,
650 2734 846 2802 προστιθέντες
863 2737 922 2792 τοῖς
941 2735 1086 2799 αἰσθητοῖς
1100 2734 1132 2785 τὸ
1145 2733 1219 2805 ῥῆμα
1229 2734 1260 2785 τὸ
1271 2734 1345 2786 αύτό.
1355 2762 1391 2771 -
1401 2735 1444 2789 ὅτι

324 2819 379 2892 μὲν
403 2815 453 2873 οὖν
476 2821 538 2873 alre
563 2828 617 2872 τῶν
642 2820 767 2872 καθόλου
784 2823 939 2892 λαγομένων
958 2821 1043 2875 οὐθὲν
1060 2823 1155 2886 οὐσία,
1185 2817 1245 2874 οὔτ’
1266 2822 1343 2875 ἐστὶν
1361 2824 1444 2876 οὸσία

326 2906 446 2979 οὐδεμία
464 2908 493 2969 ἐξ
513 2909 622 2971 οὐσιῶν,
641 2906 734 2975 δῆλον.
771 2907 852 2962 Ponit
868 2907 953 2976 igitur
975 2909 1096 2976 generale
1114 2925 1205 2962 verum
1223 2925 1292 2972 esee,
1319 2909 1445 2980 sineque

325 3010 388 3048 vera
405 2993 515 3048 seientia
532 3011 589 3048 esse
607 2997 729 3064 nequeat,
748 2998 780 3048 ut
798 3013 864 3066 quae
883 3013 985 3066 semper
1002 2999 1122 3050 versetur
1134 2996 1163 3050 in
1175 2997 1305 3065 generali;
1323 2999 1445 3066 generale

325 3098 386 3135 vero
404 3098 457 3135 non
475 3082 584 3152 reperiri
601 3084 715 3153 putabet
732 3084 785 3138 nisi
802 3084 831 3138 in
849 3085 927 3138 rebus
946 3085 1066 3153 singulis.
1094 3085 1171 3139 Auel.
1190 3087 1259 3155 poet.
1278 3086 1343 3140 111.
1360 3088 1445 3142 77²5

326 3169 387 3237 εἴδη
403 3170 457 3243 μὲν
482 3167 531 3224 οὖν
554 3171 626 3225 εἶναι
650 3171 714 3238 liin
732 3193 759 3226 τι
780 3174 856 3246 παρά
880 3175 1023 3226 τὰπολλὰ
1049 3175 1098 3226 οὐκ
1117 3175 1235 3242 ἀνάγκη,
1260 3179 1284 3228 εἰ
1303 3175 1446 3238 ἀπόδειξις

327 3257 417 3323 ἔσται,
443 3257 514 3312 ελναι
537 3263 635 3332 μέντοι
654 3260 684 3314 ἓν
705 3263 776 3314 κατὰ
801 3263 910 3314 πολλῶν
935 3262 1035 3328 ἀληθὲς
1062 3266 1152 3315 εἰπεῖν
1177 3264 1296 3331 ἀνάγκη·
1334 3265 1367 3317 οὐ
1391 3266 1447 3337 γάρ

326 3345 406 3400 ἔσται
423 3347 456 3400 τό
473 3348 603 3412 καθόλου,
623 3351 662 3401 ἄν
678 3351 718 3420 μὴ
736 3359 819 3402 τοῦτο
837 3342 867 3422 ᾖ
904 3350 953 3402 ἐάν
971 3350 1004 3403 «ll
1022 3352 1054 3402 τὸ
1071 3351 1195 3404 καθόλου
1211 3352 1252 3423 μὴ
1269 3343 1293 3423 ᾖ,
1313 3353 1345 3404 τὸ
1356 3357 1447 3424 μέσον
1484 3401 1489 3408 .

327 3436 376 3490 οὐκ
390 3435 476 3500 ἔσται,
491 3433 556 3490 ὥστ’
576 3433 639 3490 οὐδ’
658 3437 808 3500 ἀπόδειξις.
833 3437 998 3506 Sequebatur
1015 3440 1047 3490 ut
1060 3440 1171 3506 negaret
1184 3455 1241 3492 eam
1259 3438 1445 3506 substantiam,

327 3539 394 3592 quae
411 3522 528 3576 cernitur
545 3523 574 3576 in
591 3523 657 3594 ipsis
675 3525 754 3577 rebus
772 3527 801 3578 et
817 3525 955 3578 mutabilis
973 3528 1030 3592 est,
1056 3525 1090 3578 ad
1108 3542 1196 3579 veram
1215 3525 1351 3579 seientiam
1368 3526 1446 3580 infor·

326 3611 393 3663 mari
411 3627 495 3680 posse.
531 3611 571 3665 Ib.
590 3628 612 3665 ο.
631 3613 657 3666 8.
681 3611 735 3666 75¹³
754 3613 788 3666 21
818 3615 939 3688 φανερὸν
963 3613 994 3668 <ll
1018 3617 1065 3667 καὶ
1088 3614 1138 3668 ἐὰν
1163 3613 1232 3668 ὦσιν
1250 3617 1280 3666 αἱ
1298 3618 1446 3689 προτάσεις

327 3701 450 3754 καθόλου
468 3701 497 3762 ἐξ
521 3694 559 3752 ὧν
578 3703 593 3753 ό
612 3703 811 3774 συλλογισμός,
837 3702 879 3755 ὅτι
898 3703 1003 3772 ἀνάγκη
1027 3704 1123 3756 καὶτὸ
1142 3706 1334 3776 συμπέρασμα
1353 3703 1446 3756 άίύιον

328 3788 398 3843 ελναι
422 3797 468 3856 τῆς
492 3791 620 3856 τοιαύτης
643 3789 811 3852 ἀποδείξεως
836 3793 884 3843 καὶ
902 3799 948 3858 τῆς
967 3793 1060 3851 άπλως
1078 3795 1167 3844 εἰπεῖν
1187 3791 1360 3852 άπούείξεως.
1398 3793 1446 3844 οίιι

327 3877 404 3932 ἔστιν
431 3881 484 3948 ἄρα
509 3877 652 3940 άπόόειξις
675 3888 729 3931 τῶν
754 3885 888 3952 φθαρτῶν
907 3875 971 3932 οὐύ’
988 3879 1125 3950 ἐπιστήμη
1145 3880 1249 3943 ἁπλῶς,
1279 3876 1338 3932 ἀλλ’
1361 3880 1447 3941 οὕτως

328 3963 421 4040 ὥσπερ
438 3967 508 4020 κατὰ
528 3967 708 4038 συμβεβηκός,
737 3966 779 4018 ὅτι
805 3967 837 4020 οὐ
860 3967 983 4020 καθόλου
1008 3969 1095 4020 αὐτοῦ
1112 3963 1201 4031 ἔστιν,
1227 3968 1295 4020 ἀλλὰ
1314 3968 1381 4022 ποτὲ
1399 3971 1447 4022 καὶ

328 4064 393 4115 πως.
430 4052 468 4108 cf.
487 4053 550 4107 Met.
568 4053 609 4106 Ill
626 4053 652 4108 4.
672 4055 743 4108 999ε
761 4055 804 4108 26.
848 4053 1099 4109 verumenimvero
1126 4055 1239 4124 putebat
1269 4055 1350 4108 etiam
1374 4055 1447 4108 aliud

327 4141 448 4210 generals
467 4140 651 4210 statuendum,
679 4141 749 4211 qued
772 4145 844 4196 esset
860 4141 1027 4212 intelligibile
1052 4145 1080 4198 et
1098 4145 1242 4196 aeternum.
1278 4141 1343 4197 Met
1361 4141 1446 4199 1114.

329 4227 437 4282 999b1
466 4234 491 4283 εἰ
516 4230 570 4301 μὲν
598 4226 647 4283 οὖν
664 4233 756 4302 μηθέν
776 4231 839 4284 ἳστι
857 4233 934 4302 παρά
959 4233 993 4284 τά
1021 4227 1088 4286 καθ’
1110 4229 1220 4296 ἕκαστα,
1250 4231 1334 4285 οὐθὲν
1352 4234 1388 4284 ev
1406 4237 1447 4300 εἴη

329 4318 428 4382 νοητὸν
446 4317 515 4370 ἄλλά
534 4319 626 4372 πάντα
647 4319 767 4385 αἰσθητά
785 4321 833 4372 καὶ
851 4318 989 4391 ἐπιστήμη
1008 4321 1135 4385 οὐθενός,
1155 4323 1180 4373 ελ
1196 4321 1237 4392 μή
1255 4339 1295 4381 τις
1313 4319 1385 4374 εἶναι
1404 4324 1447 4376 λέ-

329 4421 373 4473 γει
391 4405 439 4470 τὴν
458 4409 592 4473 αἴσθησιν
609 4407 770 4480 ἐπιστήμην.
807 4408 848 4461 ἔτι
866 4402 897 4460 ‹5’
920 4403 984 4462 οὐδ’
1006 4408 1100 4462 άίόιον
1119 4408 1203 4462 οὐθὲν
1223 4404 1286 4464 οὐδ’
1304 4409 1447 4476 ἀκίνητον·
