3148 4984
651 344 818 398 Plutarchus.
1241 342 1295 406 000

176 507 263 564 άλλως
283 499 331 556 ὑπ’
351 506 448 570 ἀλλων,
468 504 552 564 οὕτως
569 503 629 564 ἑνὸς
653 505 737 574 λόγου
764 514 814 558 τοῦ
841 514 928 558 ταῦτα
956 515 1127 578 κοσμοῦντος
1152 511 1201 560 καὶ
1227 518 1295 580 μιᾶς

177 597 311 665 προνοίας
335 594 573 666 ἐπιτροπευούσης
595 596 642 646 καὶ
667 591 815 666 δυνάμεων
842 595 986 665 ὑπουργῶν
1005 595 1053 648 ἐπὶ
1072 599 1180 658 πάντας
1199 615 1295 665 τεταγ-

176 686 268 753 μένων
292 681 382 752 ἕτεραι
407 677 476 752 παρ’
500 681 602 752 ἑτέροις
623 683 693 735 κατὰ
718 683 823 754 νόμους
851 684 985 759 γεγόνασι
1015 688 1096 755 τιμαὶ
1119 689 1165 738 καὶ
1189 703 1294 756 προση-

176 775 277 842 γορίαι.
313 768 407 838 Neque
425 785 486 824 vero
504 785 556 824 non
574 769 711 839 purganda
730 786 788 824 esse
805 769 870 824 haec
889 786 963 824 sacra
981 771 1117 826 existimat
1134 773 1295 842 maximeque

175 859 261 912 instat
279 857 521 928 superstitionibus,
540 875 606 928 quae
624 859 725 914 animos
743 859 878 914 hominum
901 859 1029 930 impleant
1047 861 1135 916 servili
1152 864 1226 914 metu
1241 863 1295 914 stu·

119 997 126 1022 s
175 947 289 1017 pilaque
312 947 510 1017 obsequentia,v
525 950 558 1000 ut
583 947 640 1018 ipse
663 947 809 1002 atheismus
833 948 857 1001 ei
882 948 919 1002 sit
938 949 1125 1018 superstitione
1148 950 1294 1020 probatior:

175 1037 215 1090 De
232 1036 351 1106 Superat.
372 1037 405 1090 11
425 1054 450 1106 p.
471 1037 524 1091 170
548 1039 596 1091 οὐκ
621 1041 708 1092 οἴεται
726 1040 809 1098 θεοὺς
833 1038 903 1092 εῖναι
922 1041 937 1092 ὁ
957 1043 1053 1100 iterur·
1074 1042 1089 1092 ὁ
1107 1038 1139 1094 δὲ
1158 1039 1294 1094 δεισιδαί-

172 1143 237 1198 μων
255 1127 288 1188 ού
304 1128 440 1193 βούλεται,
460 1128 584 1180 πιστεύει
603 1125 635 1180 δὲ
654 1129 740 1180 axos·
761 1128 891 1180 ἀπιστεῖν
908 1129 962 1201 γάρ
982 1133 1117 1198 φοβεῖται.
1153 1127 1295 1198 Propterea

175 1213 366 1284 philosophiam
394 1214 565 1284 interpretem
588 1215 726 1270 memoriae
752 1215 902 1286 rituumque
927 1233 1059 1270 sacrorum
1078 1232 1134 1270 esse
1154 1216 1232 1270 dicit:
1256 1217 1295 1270 De

174 1303 210 1357 Ie.
229 1305 258 1357 et
275 1301 320 1358 08.
339 1305 375 1359 68
393 1320 419 1373 p.
439 1304 492 1358 378
512 1304 558 1357 διὸ
577 1304 623 1358 δεῖ
638 1307 763 1378 μάλιστα
783 1307 851 1379 πρὸς
870 1315 956 1359 ταῦτα
975 1307 1060 1374 λόγον
1078 1306 1106 1359 ἔκ
1125 1307 1295 1377 φιλοσοφίας

175 1395 364 1465 μυσταγωγὸν
390 1395 581 1460 ἀναλαβόντας
604 1396 686 1454 ὁσίως
709 1394 888 1448 διανοεῖσθαι
914 1405 968 1447 τῶν
986 1398 1142 1467 λεγομένων
1159 1399 1206 1448 καὶ
1224 1395 1295 1466 δρω-

174 1485 266 1554 μένων
285 1479 415 1536 ἕκαστον·
445 1484 491 1534 ἵνα
509 1483 602 1554 μὴ-
622 1481 639 1534 ἀ
658 1485 748 1543 καλῶς
767 1485 795 1536 οἱ
812 1484 896 1554 νόμοι
915 1486 977 1554 περὶ
996 1484 1045 1544 τὰς
1061 1487 1164 1543 θυσίας
1181 1486 1229 1536 καὶ
1247 1484 1295 1544 τὰς

175 1571 272 1642 ἑορτὰς
289 1571 390 1633 ἔταξαν
409 1571 504 1643 ἑτέρως
524 1572 769 1642 ὑπολαμβάνοντες
787 1573 990 1646 ἐξαμάρτωμεν.

246 1693 277 1750 b.
297 1692 465 1748 tribianum
484 1695 607 1748 caelestia
623 1695 706 1748 mixte
724 1712 781 1749 esse
800 1695 879 1749 dicit:
896 1693 1294 1766 DeAnim.Procr.28p.1026

176 1793 222 1851 τῆς
247 1784 278 1838 δὲ
304 1784 403 1851 διπλῆς
427 1789 572 1846 κοινωνίας
597 1787 696 1852 ταύτης
722 1786 783 1849 (τοῦ
801 1791 959 1852 παθητικοῦ
976 1789 1023 1838 καὶ
1043 1795 1092 1838 τοῦ
1109 1785 1170 1850 νοῦ)
1196 1785 1295 1850 ocuti}

176 1877 239 1944 περὶ
260 1874 308 1925 τὸν
327 1875 445 1947 οὐρανόν
464 1875 635 1940 ἀπήλλακται
655 1876 745 1944 φύσις.

247 1991 273 2033 c.
293 1978 386 2048 Itaque
405 1977 550 2033 Stoicorum
570 1978 601 2032 de
620 1978 712 2032 mundi
730 1977 865 2049 principiis
884 1978 1030 2032 doctrinam
1054 1977 1224 2046 (1113984)
1248 1979 1295 2031 lm·

175 2069 288 2136 pugnat:
307 2067 346 2120 De
366 2065 452 2122 Anim.
467 2067 555 2122 Procr.
571 2069 595 2134 6,
612 2068 627 2120 7
642 2083 667 2137 p.
684 2066 753 2120 1015
773 2071 804 2120 αἱ
821 2069 875 2140 γάρ
894 2071 1014 2120 Στωϊκαλ
1032 2071 1294 2139 καταλαμβάνουσιν
1375 2116 1380 2126 ,

174 2159 247 2228 ἡμᾶς
266 2158 382 2228 ἀπορίαι
401 2159 433 2209 τὸ
451 2159 536 2210 κακὸν
553 2159 582 2210 ἐκ
601 2165 651 2209 τοῦ
676 2158 716 2228 μή
735 2160 814 2216 ὄντος
833 2159 961 2218 ἀναιτίως
979 2159 1026 2210 καὶ
1047 2158 1183 2226 ἀγενήτως
1201 2157 1293 2210 ἔπεισ-

176 2249 300 2314 άγοντες·
320 2247 381 2300 ἐπεὶ
397 2255 451 2298 τῶν
468 2241 499 2315 γ’
517 2249 603 2299 όντων
622 2249 682 2300 οὔτε
702 2247 734 2298 τὸ
753 2247 864 2314 ἀγαθόν
883 2250 945 2299 οὔτε
963 2247 995 2298 τό
1015 2249 1118 2299 ἀποιον
1135 2247 1206 2306 εἰκός
1219 2248 1294 2300 ἔστιν

177 2335 275 2388 οὐσίαν
292 2344 378 2388 κακοῦ
394 2338 441 2388 καὶ
459 2340 568 2404 γένεσιν
586 2341 748 2408 παρασχεῖν.
785 2333 824 2388 Cf.
843 2333 940 2389 Comm.
959 2333 1046 2388 Notis.
1065 2333 1114 2401 34,
1135 2336 1150 2388 1
1170 2352 1195 2404 p.
1216 2335 1293 2388 1076.

174 2421 234 2492 Ipse
253 2422 367 2476 alterum
385 2422 460 2490 illud,
480 2439 511 2476 ex
529 2440 580 2493 quo
598 2422 713 2476 mundus
732 2438 748 2476 a
767 2422 815 2476 dco
834 2425 945 2489 creatur,
965 2423 1095 2492 duplicem
1113 2425 1235 2476 naturam
1249 2423 1294 2476 ha-

174 2511 235 2564 bere
253 2513 350 2578 censet,
369 2514 401 2564 ut
419 2513 447 2564 et
465 2512 581 2566 nondum
599 2512 740 2565 formatum
755 2511 799 2578 sit,
818 2511 916 2566 haheat
929 2515 1017 2566 tamen
1031 2512 1185 2565 facultatem
1199 2512 1294 2565 formae

175 2599 328 2669 divinaeque
352 2601 494 2670 potestatis
519 2599 547 2654 in
572 2617 600 2654 ee
624 2600 817 2668 admittendae,
846 2603 874 2654 et
893 2602 1044 2654 substantia
1062 2601 1090 2654 in
1109 2617 1138 2654 eo
1156 2601 1222 2654 insit
1241 2601 1294 2654 ani·

175 2705 258 2754 mans,
277 2705 343 2758 quae
361 2688 476 2742 motione
496 2688 608 2758 quadam
625 2687 776 2742 inordinata
794 2689 926 2743 renitatur
943 2690 1023 2742 bono:
1053 2687 1159 2754 Quaest.
1180 2689 1248 2742 Plat.
1268 2689 1293 2755 4,

175 2777 192 2830 2
210 2795 236 2847 p.
256 2777 325 2831 1003
345 2781 361 2843 ή
379 2779 411 2830 τό
430 2779 561 2837 πολλάκις
581 2773 629 2848 ὑφ’
647 2780 725 2850 ήμῶν
743 2779 892 2850 λεγόμενον
911 2780 1009 2845 ἀληθές
1028 2779 1115 2843 &oraru
1141 2781 1157 2845 ή
1174 2780 1294 2852 μὲνγὰρ

176 2869 259 2926 ἀνους
278 2867 354 2936 ψυχὴ
373 2869 419 2918 καὶ
439 2867 471 2918 τὸ
491 2869 621 2938 ἀμορφον
641 2877 721 2939 σῶμα
741 2875 920 2939 συνυπῆρχον
939 2868 1063 2933 ἀλλήλοις
1082 2867 1123 2921 ἀεὶ
1148 2871 1194 2921 καὶ
1216 2867 1293 2921 οὐδέ-

176 2971 253 3023 τερον
278 2955 369 3006 αὐτῶν
393 2958 502 3023 γένεσιν
526 2955 607 3026 ἔσχεν
632 2951 695 3008 οὐδ’
720 2957 813 3028 ἀρχήν.
851 2954 891 3008 De
908 2953 959 3008 An.
978 2955 1068 3010 Procr.
1088 2954 1118 3022 5,
1137 2955 1155 3010 4
1179 2973 1204 3026 p.
1224 2956 1294 3010 1014

176 3044 300 3114 ἀκοσμία
325 3044 380 3114 γὰρ
404 3042 437 3110 ἦν
462 3045 496 3096 τά
522 3046 576 3114 πρὸ
601 3053 647 3111 τῆς
672 3054 721 3097 τοῦ
744 3046 853 3113 κόσμου
876 3048 1017 3112 γενέσεως·
1047 3047 1170 3117 ἀκοσμία
1196 3045 1227 3098 δὲ
1247 3047 1295 3098 οὐκ

176 3132 324 3203 ἀσώματος
344 3127 407 3184 οὐδ’
425 3133 551 3198 ἀκίνητος
566 3127 629 3186 οὐδ’
648 3136 765 3203 ἀψυχος,
785 3129 846 3186 ἀλλ’
865 3137 996 3208 ἀμορφον
1008 3135 1062 3206 μὲν
1075 3138 1121 3186 καὶ
1137 3135 1294 3188 ἀσύστατον

176 3220 207 3272 τό
226 3221 391 3292 σωματικόν,
411 3221 568 3293 ἔμπληκτον
586 3220 616 3275 δὲ
636 3225 682 3274 καὶ
702 3225 805 3291 ἀλογον
823 3224 855 3275 τὸ
872 3223 1009 3289 κινητικόν
1027 3224 1144 3292 ἔχουσα·
1165 3231 1247 3276 τοῦτο
1261 3217 1289 3276 δ’

176 3306 209 3374 ἦν
233 3310 409 3383 ἀναρμοστία
435 3319 525 3380 ψυχῆς
550 3309 598 3363 ούκ
623 3311 740 3380 ἐχούσης
762 3311 859 3380 λόγον’
889 3313 976 3384 ὁγὰρ
998 3313 1062 3371 θεὸς
1081 3313 1142 3364 οὔτε
1163 3322 1243 3383 σῶμα
1263 3313 1294 3364 τὸ

176 3398 327 3468 ἀσώματον
346 3401 407 3450 ούτε
428 3399 521 3468 ψυχὴν
539 3400 571 3452 τὸ
590 3403 703 3469 ίίψυχον
721 3401 858 3465 ἐποίησεν,
878 3395 940 3452 ἀλλ’
958 3398 1051 3468 ὥσπερ
1077 3401 1227 3471 ἁρμονικόν
1246 3403 1293 3452 άν-

175 3485 229 3559 δρα
248 3490 294 3539 καλ
313 3487 451 3560 ῥυθμικὸν
471 3488 503 3540 ού
522 3489 616 3558 φωνήν
634 3488 811 3550 ποιεῖνούδὲ
829 3493 944 3556 κίνησιν,
963 3489 1067 3560 ἐμμελῆ
1085 3488 1117 3542 δὲ
1136 3489 1230 3559 φωνὴν
1247 3492 1293 3542 καὶ

174 3577 282 3641 κίνησιν
301 3577 442 3648 εύρυύμον
461 3576 606 3645 ἀξιοῦμεν,
635 3578 719 3637 οὕτως
738 3579 753 3629 ὁ
772 3579 836 3638 θεὸς
856 3579 917 3629 οὔτε
937 3587 988 3628 τοι)
1007 3578 1136 3650 σώματος
1155 3578 1187 3629 τὸ
1206 3579 1294 3630 ἁπτὸν

174 3665 221 3714 καὶ
250 3663 403 3716 ἀντίτυπον
431 3666 492 3717 ούτε
522 3673 568 3731 τῆς
596 3673 686 3734 ψυχῆς
714 3667 746 3718 τὸ
770 3666 959 3736 φανταστικὸν
981 3669 1028 3718 καὶ
1053 3667 1188 3731 κινητικὸν
1213 3667 1294 3725 αὐτὸς

176 3751 316 3817 ἐποίησεν·
346 3753 508 3823 ἀμφοτέρας
533 3751 565 3805 δὲ
590 3754 639 3812 τὰς
658 3753 746 3823 ἀρχὰς
765 3753 938 3825 παραλαβών,
963 3753 1012 3818 τὴν
1030 3754 1082 3806 ιιὲν
1100 3754 1231 3827 ἀμυδρόν
1248 3757 1293 3806 καὶ

176 3841 317 3906 σκοτεινὴν
339 3841 388 3906 τὴν
413 3840 445 3894 δὲ
469 3841 616 3915 ταραχώδη
640 3845 687 3894 καὶ
711 3843 834 3908 ἀνόητον,
860 3843 963 3902 ἀτελεῖς
981 3841 1013 3894 δὲ
1037 3851 1087 3894 τοῦ
1110 3843 1294 3914 προσήκοντος

176 3929 337 4002 ἀμφοτέρας
354 3933 401 3984 καὶ
421 3930 575 4003 ἀορίστους,
594 3931 671 3992 ἔταξε
689 3933 736 3984 καὶ
755 3930 920 4003 διεκόσμησε
938 3934 985 3984 καί
1004 3931 1161 4002 συνήρμοσε
1180 3931 1212 3984 τό
1229 3933 1293 3984 κάλ·

175 4019 270 4071 λιστον
295 4018 525 4092 ἀπεργασάμενος
547 4023 594 4072 καὶ
618 4021 789 4073 τελειότατον
811 4021 840 4080 ἐξ
864 4021 954 4072 αὐτῶν
979 4021 1052 4088 ζῷον.
1090 4017 1129 4070 De
1146 4017 1182 4071 Is.
1202 4021 1230 4071 et
1249 4016 1292 4072 0s.

175 4103 210 4158 49
228 4121 253 4174 p.
272 4104 324 4159 371
343 4111 502 4178 μεμιγμένη
521 4108 575 4178 γάρ
594 4109 609 4172 ἡ
628 4107 710 4160 τοῦδε
729 4115 780 4160 τοῦ
796 4109 905 4179 κόσμου
923 4111 1029 4176 γένεσις
1047 4111 1094 4159 καὶ
1113 4109 1247 4168 σύστασις
1266 4109 1294 4170 ἐξ

175 4193 307 4246 ἐναντίων
330 4196 364 4246 οὐ
385 4195 444 4265 μὴν
467 4199 620 4249 ἰσοσθενῶν
645 4195 805 4268 δυνάμεων,
834 4196 901 4248 ἀλλά
928 4205 973 4262 τῆς
991 4197 1129 4262 βελτίονος
1147 4196 1178 4248 τὸ
1196 4199 1295 4269 κράτος

175 4281 262 4335 ἐστίν·
292 4283 450 4356 ἀπολέσῆαι
475 4283 508 4337 δὲ
532 4285 581 4350 τὴν
605 4285 713 4354 φαύλην
736 4287 919 4338 παντάπασιν
938 4283 1092 4350 ἀδύνατον,
1122 4285 1295 4356 πολλὴν-μὲν

175 4371 369 4441 ἐμπεφυκυῖαν
387 4374 424 4439 τῷ
444 4373 561 4444 σώματι,
581 4374 684 4439 πολλὴν
702 4373 733 4427 δὲ
753 4376 785 4444 τή
805 4376 881 4446 ψυχή
900 4382 950 4425 τοῦ
967 4374 1072 4433 παντὸς
1093 4376 1140 4426 καὶ
1159 4375 1228 4448 πρὸς
1247 4375 1294 4440 τὴν

174 4460 299 4524 βελτίονα
325 4461 368 4512 ἀεὶ
392 4461 617 4536 δυσμαχοῦσαν,Ι
640 4460 678 4515 Cf.
697 4461 737 4514 De
754 4460 861 4514 Virtute
879 4459 945 4514 Mor.
964 4461 981 4514 3
999 4477 1024 4529 p.
1044 4459 1096 4514 441
1122 4478 1188 4531 quae
1207 4461 1294 4531 dispu-
