3146 4982
313 355 367 418 464
691 359 859 430 Philosophia
877 359 1060 413 Romanorum.

314 521 522 604 reipublicae,
552 522 642 586 cuius
665 522 791 603 partem
813 539 873 584 nec
898 522 1017 584 norunt
1039 519 1140 584 ullam
1163 538 1267 601 neque
1291 537 1439 601 unquam

313 647 408 692 nosse
439 629 624 704 voluerunt,
658 627 820 710 paulisper
849 626 1011 691 facessant
1040 625 1218 707 rogemusb.
1262 625 1439 690 Perturba-

314 735 427 800 tricem
458 737 566 798 autem
595 735 712 798 harum
742 733 886 798 omnium
908 751 1016 796 rerum
1039 732 1261 808 Academiam,
1288 733 1372 796 hanc
1398 734 1438 796 ab

313 842 457 910 Arcesila
481 844 514 905 et
537 839 700 906 Carneade
724 841 894 914 recentem,
917 857 1082 904 exoremus
1105 840 1144 902 ut
1168 839 1279 912 sileat;
1307 855 1386 902 nam
1410 839 1438 900 si

313 947 467 1012 invaserit
488 948 522 1012 in
544 947 632 1023 haec,
657 965 737 1027 quae
762 946 840 1010 satis
865 946 942 1010 scite
965 945 1055 1009 nobis
1072 945 1231 1010 instructa
1254 947 1287 1008 et
1310 963 1438 1028 compo-

314 1053 377 1118 sita
392 1052 549 1129 videntur,
571 1053 688 1116 nimias
704 1051 777 1116 edet
799 1052 927 1134 ruinas;
952 1069 1050 1134 quarn
1074 1050 1203 1133 quidem
1227 1069 1284 1132 ego
1307 1051 1437 1134 placare

313 1159 414 1242 cupio,
438 1177 636 1224 summovere
659 1177 723 1222 uon
746 1157 855 1222 audeo.

385 1296 413 1336 a.
433 1281 521 1336 Sermo
547 1285 588 1336 ast
613 1282 645 1334 da
668 1281 785 1336 moribus
803 1284 831 1336 ct
849 1281 907 1334 rita
925 1281 1002 1347 cirili,
1028 1281 1174 1350 dequibus
1193 1279 1310 1334 Ciceroni
1329 1297 1438 1334 consen·

314 1371 365 1424 tire
389 1370 512 1424 videntur
530 1370 671 1424 Academia
693 1373 769 1424 vetus
793 1373 822 1423 et
839 1369 1009 1440 Peripatetici
1031 1369 1074 1435 (de
1093 1367 1137 1422 Or.
1157 1367 1198 1420 111
1216 1369 1265 1434 67;
1290 1367 1337 1422 Ac.
1356 1369 1370 1420 Ι
1392 1369 1437 1432 17)

313 1459 429 1528 itemque
447 1457 542 1522 Stoici,
567 1459 689 1513 nimirum
707 1459 865 1513 recentiores
892 1457 959 1525 (rin.
978 1457 1091 1524 IV15);
1119 1474 1180 1511 nam
1199 1456 1373 1528 Chrysippum
1398 1457 1438 1510 ita

313 1546 385 1615 loqui
404 1545 482 1612 dicit,
512 1563 542 1600 ac
560 1547 584 1600 si
603 1550 707 1601 statuat
724 1547 838 1601 hominis
856 1549 979 1600 naturam
997 1547 1065 1600 nihil
1083 1545 1135 1600 nisi
1154 1547 1266 1600 animam
1284 1563 1343 1600 essa
1367 1545 1436 1612 (Fin.

314 1633 352 1687 IV
371 1635 425 1700 28).
460 1635 501 1688 De
519 1635 643 1689 Aristona
661 1651 685 1689 v.
704 1642 748 1688 BP
766 1637 826 1690 386.

384 1739 416 1795 b.
434 1741 475 1794 Da
493 1739 691 1808 Cyrenaicorum
710 1745 738 1795 at
755 1740 886 1812 Aristippi
905 1741 1025 1795 doctrina
1043 1741 1074 1794 ci.
1093 1700 1232 1811 praeterea
1246 1739 1296 1795 Off.
1311 1740 1370 1808 15;
1390 1741 1437 1794 Au.

313 1829 425 1896 11139;
444 1829 500 1884 Fin.
519 1829 546 1882 Π
565 1831 608 1884 74.

263 2019 275 2046 ³
380 2009 471 2074 Tusc.
495 2009 524 2074 V
552 2019 580 2074 1.
625 2009 755 2074 Placere
779 2009 837 2074 tibi
861 2009 1035 2074 admodum
1059 2009 1144 2072 sensi
1168 2011 1201 2073 et
1224 2027 1261 2072 er
1285 2027 1322 2072 eo
1346 2010 1436 2086 libro,
1446 2025 1486 2064 4⁵⁵
1558 2061 1560 2072 .

314 2134 410 2198 quem
433 2115 473 2180 ad
496 2134 548 2180 me
566 2116 804 2180 accuratissime
821 2116 1005 2200 scripsisti³‚
1029 2117 1062 2180 et
1085 2133 1122 2179 ex
1145 2114 1256 2178 multis
1281 2117 1437 2180 sermoni·
1558 2111 1559 2116 ’

312 2223 372 2287 bus
406 2224 472 2286 tuis
504 2222 658 2288 virtutem
688 2221 729 2286 ad
751 2223 842 2286 beate
866 2222 1037 2286 vivendum
1062 2239 1095 2284 se
1118 2222 1189 2304 ipsa
1212 2239 1281 2285 esse
1306 2225 1437 2286 conten-

274 2371 275 2376 κ
312 2331 389 2392 tam.
436 2327 527 2406 Quod
557 2329 617 2392 etsi
650 2327 776 2393 difficile
808 2331 859 2392 est
881 2329 1016 2410 probatu
1046 2329 1176 2410 propter
1198 2330 1267 2390 tam
1290 2329 1380 2392 varia
1404 2333 1437 2394 et

312 2437 381 2498 tam
403 2435 507 2498 multa
530 2436 691 2498 tormenta
714 2433 876 2510 fortunae,
906 2434 971 2497 tale
996 2436 1104 2497 tamen
1136 2435 1185 2497 est
1209 2437 1246 2497 ut
1269 2435 1437 2499 elaboran-

314 2540 390 2604 dum
414 2540 534 2622 sitque
558 2540 683 2605 facilius
707 2541 873 2625 probatum
896 2540 977 2602 nihil
1000 2541 1050 2603 est
1074 2541 1160 2604 enim
1176 2541 1328 2618 omnium,
1353 2559 1436 2622 quae

312 2647 345 2710 in
374 2647 574 2729 philosophia
603 2649 800 2723 tractantur,
837 2645 920 2726 quod
955 2646 1084 2726 gravius
1113 2645 1435 2728 magnificentiusque

230 2811 233 2816 .
313 2753 446 2818 dicatur.
481 2791 523 2798 —
561 2761 590 2818 3.
624 2752 783 2834 Equidem
816 2771 869 2816 eos
894 2769 1003 2828 casus,
1033 2751 1067 2814 in
1091 2752 1206 2832 quibus
1230 2771 1281 2815 me
1305 2751 1437 2816 fortuna

311 2859 516 2924 vehementer
547 2859 701 2936 exercuit,
730 2877 857 2924 mecum
886 2858 954 2942 ipse
986 2857 1191 2922 considerans
1220 2857 1296 2922 huic
1319 2843 1435 2942 incipio

313 2965 490 3028 sententiae
521 2964 665 3028 diffidere
688 2964 851 3028 interdum
874 2965 907 3027 et
928 2964 1062 3028 humani
1086 2965 1210 3044 generis
1233 2965 1436 3030 imbecillita

312 3071 378 3133 tem
406 3068 676 3151 fragilitatemque
707 3071 920 3134 extimescere.
973 3068 1094 3134 Vereor
1124 3071 1208 3133 enim
1237 3089 1277 3134 ne
1307 3073 1434 3147 natura,

312 3195 385 3240 cum
409 3193 540 3258 corpora
568 3177 659 3240 nobis
689 3176 816 3240 infirma
841 3176 982 3240 dedisset
1004 3175 1108 3257 iisque
1139 3179 1172 3240 et
1198 3177 1325 3242 morbos
1349 3179 1435 3242 insa-

311 3281 425 3348 nabilis
450 3285 482 3346 et
498 3283 619 3347 dolores
635 3283 843 3347 intolerabilis
860 3281 1064 3360 adiunxisset,
1089 3283 1211 3347 animos
1236 3302 1363 3364 quoque
1380 3285 1435 3348 de-

311 3389 395 3454 derit
425 3388 458 3452 et
488 3407 655 3470 corporum
686 3389 846 3452 doloribus
876 3390 1081 3470 congruentis
1111 3393 1144 3454 et
1167 3391 1342 3473 separatim
1367 3391 1433 3454 suis

312 3496 482 3576 angoribus
504 3497 538 3558 et
559 3494 714 3558 molestiis
737 3496 924 3577 implicatos.
971 3503 1000 3559 4.
1026 3495 1090 3560 Sed
1105 3497 1139 3560 in
1154 3497 1214 3560 hoc
1229 3515 1280 3560 me
1296 3498 1366 3579 ipse
1383 3515 1435 3560 ca·

312 3601 410 3682 stigo,
441 3599 526 3682 quod
550 3619 587 3664 ex
611 3601 746 3664 aliorum
776 3604 810 3666 et
832 3619 870 3666 en
892 3605 1003 3666 nostra
1032 3603 1167 3667 fortasse
1190 3603 1341 3679 mollitia,
1369 3622 1433 3666 non

311 3725 348 3772 ex
376 3709 446 3790 ipsa
474 3708 593 3771 uirtute
626 3707 664 3770 de
697 3708 827 3772 virtutis
850 3709 960 3773 robore
984 3711 1151 3774 existumo.
1195 3709 1257 3772 llla
1280 3709 1382 3786 enim,
1407 3714 1433 3772 si

309 3814 403 3878 modo
434 3817 483 3877 est
512 3814 579 3877 ulla
602 3814 720 3890 uirtus,
745 3833 841 3895 quam
865 3815 1096 3880 dubitationem
1121 3817 1296 3880 avunculus
1326 3814 1432 3892 tuusl’,

310 3921 421 3997 Brute,
445 3921 586 3997 sustulit,
609 3921 716 3984 omnia
732 3939 814 4001 quae
838 3919 950 3986 cadere
973 3923 1006 3984 in
1029 3921 1190 3986 hominem
1206 3925 1341 4004 possunt
1358 3923 1433 3986 sub·

310 4029 359 4090 ter
395 4045 428 4090 se
458 4027 557 4090 habet
588 4045 688 4107 eaque
724 4026 900 4108 despiciens
936 4045 1030 4092 casus
1065 4029 1240 4092 contemnit
1273 4029 1432 4092 humanos

311 4134 466 4216 culpaque
495 4133 579 4196 omni
611 4151 722 4196 carens
752 4135 880 4214 praeter
908 4147 941 4197 se
971 4134 1075 4216 ipsam
1097 4133 1177 4196 nihil
1200 4136 1309 4198 censet
1333 4134 1373 4198 ad
1398 4153 1431 4198 se

309 4239 477 4320 pertinere.
523 4238 589 4301 Nos
614 4240 723 4302 autem
752 4239 858 4302 omnia
882 4239 1016 4304 adversa
1046 4257 1120 4304 cum
1151 4240 1312 4304 venientia
1341 4243 1431 4304 metu

311 4333 465 4425 augentes
499 4347 570 4407 tum
610 4363 754 4409 maerore
789 4347 971 4428 praesentia
1005 4365 1112 4411 rerum
1145 4347 1297 4410 naturam
1334 4363 1430 4430 quam

311 4467 448 4513 errorem
470 4453 615 4514 nostrum
639 4453 791 4515 damnare
814 4453 1003 4517 malumst
