3146 4982
635 336 789 392 Carneades.
1221 335 1275 396 445

155 518 299 577 σιτττιος,
328 495 386 562 οὐκ
409 496 447 560 δν
470 493 507 584 ἦν
530 494 622 582 e'yet‘.
652 535 694 544 -
725 506 775 564 65.
801 495 887 586 Φησὶ
910 495 947 562 δὲ
968 485 1219 584 Ἀπολλόδωρος
1242 496 1276 563 ἐν

156 607 332 690 Χρονικοῖς
361 601 521 668 ἀπελθεῖν
553 601 649 668 αὐτὸν
672 601 708 682 ἐξ
730 602 919 690 ἀνθρώπων
949 599 1013 669 ἔτει
1043 603 1188 691 τετάρτῳ
1217 615 1275 691 τῆς

156 707 307 798 δευτέρας
329 707 386 774 καὶ
410 704 585 797 ἑξηκοστῆς
607 707 665 774 καὶ
689 707 866 797 ἑκατοστῆς
886 697 1113 800 Ὀλυμπιάδος
1137 711 1177 796 (a.
1196 708 1275 798 129)

154 815 321 900 βιώσαντα
351 810 406 904 ἔτη
437 811 534 880 πέντε
564 817 649 903 πρὸς
680 819 752 894 τοῖς
786 813 1011 906 ὀγδοήκοντα)
1054 813 1209 905 φέρονται
1239 815 1259 881 δ
1265 805 1272 828 '

156 919 256 988 αὐτοῦ
289 920 465 988 ἐπιστολαὶ
496 922 581 1009 πρὸς
600 911 808 1010 Ἀριαράθην
841 923 897 988 τὸν
927 919 1179 1000 Καππαδοκίας
1212 928 1275 1006 βα-

154 1027 249 1094 σιλέα
283 1030 348 1114 (Ar.
368 1029 398 1092 V
422 1048 508 1110 regn.
539 1048 566 1093 a.
593 1031 806 1113 loa-130).
851 1031 893 1093 τὰ
921 1027 958 1094 δὲ
988 1029 1093 1095 λοιπὰ
1123 1027 1222 1104 αὐτοῦ
1244 1024 1274 1094 ci

155 1133 309 1222 μαθηταὶ
340 1133 564 1222 συνέγραψαν·
599 1133 696 1214 αὐτὸς
728 1135 772 1201 δὲ.
787 1134 964 1201 κατέλιπεν
988 1134 1106 1201 οὐδέν).
1194 1163 1197 1174 ·

227 1259 395 1332 Scripserunt
420 1259 452 1314 de
471 1259 603 1314 Carneade
624 1263 656 1314 'et
675 1259 850 1316 Clitomacho:
880 1257 995 1326 Goders,
1018 1259 1050 1313 de
1069 1259 1202 1314 Arcesilae
1221 1277 1277 1312 sue-

156 1348 315 1416 cessoribus,
336 1349 410 1404 Gott.
437 1349 515 1404 1845.
552 1347 657 1415 Hirzel,
683 1349 844 1419 111162sq.
881 1349 926 1402 Br.
946 1347 988 1402 ΙΙΙ
1005 1349 1031 1414 2,
1051 1349 1104 1402 184
1114 1366 1152 1418 sq.
1190 1347 1216 1402 Z.
1236 1347 1277 1401 111

156 1435 194 1490 1⁸
213 1435 316 1508 497sq.
353 1437 392 1492 Cf.
412 1438 492 1492 etiam
510 1443 553 1490 ΕΡ
572 1438 625 1492 449
644 1455 682 1508 sq.
703 1437 735 1491 de
754 1437 884 1492 Cicerone.
919 1513 920 1516 Ἴ

228 1558 256 1597 a.
281 1543 386 1597 Dicitur
411 1542 492 1597 etiarn
509 1543 653 1611 Diogenem
672 1543 789 1598 Stoicum
808 1543 925 1597 audisse:
954 1543 1070 1598 CicAc.
1090 1543 1178 1598 1198.
1216 1542 1277 1596 Suo

156 1633 311 1700 cessionem,
336 1649 388 1702 qua
412 1636 518 1686 secutus
536 1636 579 1690 est
597 1633 712 1704 reliquos
729 1633 910 1706 Academicos,
936 1633 1041 1688 exhibet
1060 1633 1112 1690 Cic.
1131 1632 1177 1688 Ac.
1196 1632 1223 1688 Π
1243 1633 1277 1686 16

156 1719 325 1788 (Carneades)
344 1727 383 1776 cat
402 1727 520 1791 quartae
539 1723 574 1776 ab
592 1723 736 1792 Amasim,-
754 1723 867 1777 aedicit
885 1723 957 1778 emim
976 1721 1011 1776 H
1013 1723 1203 1792 coccinum,
1228 1722 1278 1790 qai

156 1807 364 1864 Euandrum
386 1811 519 1864 audierat
537 1809 649 1881 Lacydi
674 1809 858 1880 discipulam,
885 1827 946 1865 eam
964 1811 1104 1865 Arcesilae
1122 1809 1278 1880 Lacydes

157 1897 261 1963 fuisset.
419 1907 421 1912 '

229 1986 259 2041 b.
285 1986 336 2041 Cic.
365 1985 428 2040 ibid.
453 1987 512 2055 ipse
531 1987 689 2042 Carneadea
715 1987 765 2040 dia
793 1989 899 2054 tacuit,
934 2005 1001 2042 κσνκ
1024 1987 1182 2056 caecatam
1206 1987 1279 2040 eiecit

157 2091 254 2129 ακκυι.
291 2074 367 2130 Anno
386 2075 438 2130 156
457 2078 511 2142 (BP
529 2075 593 2140 444)
620 2076 729 2130 Romam
756 2076 939 2145 peregrinatus
964 2079 1007 2132 est
1033 2077 1061 2130 iu
1079 2075 1177 2144 legatis
1195 2074 1278 2132 Athe-

157 2163 295 2230 niensium,
314 2164 360 2218 ubi
379 2164 491 2218 famosas
509 2165 577 2226 istas
596 2164 789 2234 disputationes
808 2164 917 2230 habuit,
946 2165 1041 2234 quibus
1060 2167 1087 2216 et
1105 2163 1233 2218 laudabat
1250 2167 1279 2216 et

157 2253 292 2306 evertebat
309 2253 455 2320 iustitiam,
483 2271 506 2306 v.
526 2253 646 2308 Lactsut.
670 2253 737 2307 inst.
757 2253 781 2305 V
800 2254 849 2319 14,
869 2254 939 2307 3-5
964 2252 1026 2319 (Cic.
1047 2253 1078 2308 de
1097 2253 1162 2324 Rep.
1181 2251 1222 2306 III
1241 2253 1277 2326 9).

156 2341 196 2394 De
215 2341 364 2412 eloquentia
382 2341 523 2396 Carneadis
542 2343 574 2396 cf.
589 2335 646 2397 Cic.
666 2342 698 2396 de
717 2341 790 2397 Orat.
810 2342 824 2394 I
842 2341 877 2398 45
896 2343 1030 2396 damiatem
1048 2342 1171 2396 omnium
1189 2341 1221 2394 ι’νι
1236 2339 1278 2394 δι’·

158 2429 250 2498 mado,
268 2437 303 2484 at
319 2429 454 2498 rtretaat,
473 2433 638 2484 acerrimum
656 2437 683 2484 et
701 2431 932 2500 copiosissimam,⁸
951 2427 1019 2484 Geli.
1038 2429 1076 2483 VI
1095 2429 1166 2498 (Vll)
1187 2431 1228 2496 14,
1243 2431 1280 2484 10
1350 2487 1352 2492 ,

36 2562 38 2568 .
157 2519 278 2572 violenta
296 2525 324 2572 ct
340 2519 447 2587 rapida
465 2519 624 2574 Carneadea
643 2519 760 2574 dicebat.

229 2637 256 2678 c.
280 2624 337 2678 Hoc
364 2625 502 2681 confirmat
529 2626 605 2694 Diog.
634 2626 716 2691 11c;
743 2627 815 2680 Plut.
841 2627 874 2680 de
890 2625 964 2680 Alex.
993 2625 1065 2680 Fert.
1090 2626 1139 2680 14
1166 2643 1192 2696 p.
1211 2625 1278 2691 3283

158 2711 249 2776 Calon.
270 2713 301 2766 de
320 2711 382 2783 Opt.
402 2714 491 2768 Docta.
511 2731 532 2768 c.
552 2715 569 2768 2
588 2732 613 2784 p.
633 2715 710 2768 4511.
746 2715 821 2768 Inter
839 2714 981 2784 discipulos
999 2713 1062 2780 (Cic.
1077 2714 1123 2768 Ae,
1137 2714 1164 2766 ll
1178 2715 1226 2779 16;
1247 2714 1279 2768 de

158 2799 313 2867 01.14‚5),
341 2801 387 2870 qui
414 2801 529 2857 doctoris
557 2803 655 2872 placita
680 2803 787 2873 scriptis
805 2803 1015 2870 celebraverunt,
1044 2802 1276 2858 Clitomachus
1305 2803 1456 2845 clitomachus

157 2889 387 2958 Karthaginiensis
408 2890 484 2944 facile
509 2891 630 2961 princeps
649 2895 723 2945 erat:
751 2891 828 2960 Diog.
847 2892 885 2946 IV
904 2892 952 2958 6,7;
972 2891 1024 2946 Cic.
1043 2892 1089 2946 Ac.
1108 2892 1197 2946 1198.
1218 2893 1278 2946 102.

158 2978 306 3034 Carneades
324 2979 356 3032 de
375 2979 494 3048 qualibet
512 2996 540 3034 re
559 2980 599 3034 ita
618 2980 755 3050 disputare
775 2981 884 3047 solebat,
904 2984 936 3034 ut
954 2997 1010 3034 cam
1030 2984 1140 3050 poneret
1157 2981 1279 3050 primum,

158 3068 251 3124 deiude
268 3068 388 3122 tolleret:
407 3068 476 3122 unde
496 3067 674 3123 Clitomachus
693 3069 756 3135 (Cic.
771 3069 815 3124 Ac.
830 3069 857 3124 11
872 3071 935 3134 139)
953 3069 1118 3136 adfimoabat
1135 3087 1279 3138 κακρααισ

158 3172 185 3212 ae
203 3158 356 3226 inteileaere
370 3157 504 3226 potuisse,
523 3158 592 3226 qaid
611 3159 753 3214 Carneadi
767 3159 945 3227 prebaretur.
983 3157 1021 3212 Cf.
1036 3157 1088 3212 Cio.
1103 3158 1135 3213 de
1149 3159 1207 3211 Diu.
1222 3158 1279 3212 162

159 3245 317 3302 carmadas
327 3247 542 3302 concertationis
552 3246 647 3302 stadio
664 3247 744 3302 οιοδο
757 3248 806 3302 lsoc
824 3247 905 3300 ινιοδο
919 3247 993 3300 illua
1011 3247 1069 3312 ait;
1088 3247 1120 3300 de
1138 3246 1202 3316 ch.
1212 3245 1279 3299 mo

158 3333 236 3399 (Nou.
255 3352 281 3404 p.
300 3335 362 3400 263,
377 3336 422 3399 14)
439 3351 519 3403 saepe
538 3336 658 3404 optimae
676 3352 776 3390 causae
795 3336 902 3404 iaaeaii
921 3335 1063 3389 calameta
1078 3335 1220 3402 ludificari
1237 3351 1279 3390 ιο

158 3423 202 3476 let.
239 3423 356 3476 Acumen
379 3424 435 3476 eius
459 3423 530 3494 apud
552 3425 683 3478 Romanos
707 3425 734 3477 in
758 3423 923 3494 proverbium
948 3425 1061 3489 abierat,
1090 3442 1112 3477 v.
1131 3423 1212 3476 Lucil.
1238 3440 1278 3493 ap.

157 3511 278 3566 lactant.
292 3512 315 3563 V
330 3513 372 3566 lt.
393 3541 426 3550 -
445 3512 485 3568 of.
504 3517 640 3582 praeterea
656 3513 869 3566 Academicorum
883 3513 964 3566 Index
978 3511 1118 3566 Herculea.
1133 3529 1154 3566 c.
1165 3513 1284 3566 24-36.

5 3685 6 3688 ’
110 3709 149 3749 ια
227 3689 291 3756 Cio.
315 3690 354 3754 de
370 3690 463 3756 Deor.
481 3691 555 3754 Nat.
571 3691 622 3756 III
639 3701 686 3758 29¹¹
704 3692 899 3769 limantem,
924 3711 1005 3773 quae
1023 3691 1203 3758 Carneades
1225 3691 1279 3756 ad·

159 3796 301 3874 screbat
315 3815 411 3878 quem
435 3797 630 3880 admodum
654 3799 851 3864 dissolvitis?
882 3798 915 3862 Si
937 3799 1064 3862 nullum
1088 3816 1208 3882 corpus
1221 3798 1280 3862 irn-

158 3905 295 3971 mortale
319 3904 369 3980 sit,
392 3904 519 3968 nullum
543 3922 612 3968 esse
629 3921 745 3986 corpus
769 3905 1017 3986 sempiternum
1041 3922 1154 3986 corpus
1172 3907 1280 3970 autem

158 4011 339 4078 immortale
362 4011 489 4074 nullum
513 4028 591 4086 esse,
614 4029 654 4074 ne
678 4010 877 4084 individuum
896 4011 1034 4092 quidem,
1057 4029 1116 4074 uec
1132 4011 1217 4092 quod
1233 4011 1280 4074 di-

158 4117 231 4188 rimi
255 4117 428 4183 distrahive
451 4135 515 4182 non
535 4117 644 4199 possit.
691 4116 837 4198 Cumque
861 4136 952 4182 omne
973 4117 1092 4184 animal
1114 4117 1279 4199 patibilem

158 4226 310 4293 naturam
331 4223 459 4300 habeat,
481 4224 607 4288 nullum
631 4225 680 4288 eat
704 4243 813 4288 eorum
836 4223 919 4305 quod
944 4223 1076 4304 effug-iat
1099 4223 1280 4306 accipiendi
1399 4208 1405 4219 ’

160 4328 282 4410 aliquid
297 4329 494 4395 extrinsecus
515 4329 548 4394 id
573 4332 622 4394 est
639 4331 732 4411 quasi
755 4330 876 4396 ferendi
900 4332 933 4393 et
948 4329 1091 4412 patiendi
1106 4331 1279 4396 necessita-

160 4437 238 4513 tem,
261 4437 295 4502 et
318 4435 345 4500 si
368 4455 460 4504 omne
486 4437 605 4502 animal
627 4437 692 4502 tale
717 4439 774 4514 est,
798 4436 978 4500 immortale
1001 4437 1129 4500 nullum
1151 4439 1228 4500 σου.
