3130 4980
617 336 786 389 Xenocrates.
1208 333 1262 394 287

142 495 344 574 Ποσειδῶνα,
367 496 425 582 τῆν
448 493 484 558 δὲ
507 494 564 559 διά
580 507 637 582 τῆς
652 507 709 582 γῆς
724 493 933 582 φοτοσπάρον
948 495 1132 582 Δήμητραν.
1156 503 1261 560 ταῦτα

142 601 179 666 δὲ
199 603 379 690 χορηγήσας
402 605 471 678 τοῖς
487 604 645 678 Στωϊκοῖς
668 604 709 665 τά
733 601 877 687 πρότερα
901 602 994 687 παρὰ
1010 611 1069 664 τοῦ
1084 600 1262 677 Πλάτωνος

142 706 405 794 μεταπέφρακεν.

215 882 243 921 8.
265 866 345 921 Clem.
365 867 461 920 Strom.
481 867 505 916 V
525 867 559 920 14
577 885 602 936 p.
623 867 675 920 718
685 867 713 920 P.
756 869 923 940 Ξενοκράτης
946 897 980 904 -
1006 867 1053 918 τὸν
1076 865 1130 936 μὲν
1155 867 1263 917 ὕπατον

144 961 209 1022 Δία,
229 959 277 1008 τάν
296 956 327 1008 δὲ
346 960 444 1008 νέατον
461 959 551 1008 καλῶν
569 956 694 1027 ἔμφασιν
712 958 815 1027 πατρὸς
830 959 975 1008 ἀπολείπει
993 959 1036 1007 καὶ
1060 957 1126 1006 υἱοῦ.
1142 983 1176 992 -—
1190 954 1261 1007 Plut.

142 1044 212 1096 Plat.
232 1042 280 1108 Qu.
299 1044 338 1096 IX
357 1045 387 1109 1,
414 1044 475 1112 ip.
496 1044 564 1097 1007
589 1047 755 1118 Ξενοκράτης
774 1049 829 1096 Δία
856 1047 906 1096 τὸν
930 1046 960 1096 ἐν
983 1045 1035 1115 μὲν
1060 1049 1118 1104 τοῖς
1140 1045 1209 1096 κατά
1229 1045 1263 1095 τά

144 1135 214 1185 αὐτὰ
233 1137 279 1185 καὶ
299 1135 427 1192 ὡσαύτως
446 1134 558 1202 ἔχουσιν
584 1135 691 1186 ὕπατον
708 1136 796 1196 καλεῖ,
823 1138 921 1186 νέατον
939 1133 970 1186 δὲ
995 1135 1043 1186 τὸν
1069 1133 1124 1185 ὑπὸ
1143 1135 1262 1199 σελήνην.

142 1219 181 1272 bf.
201 1221 228 1274 Z.
248 1221 275 1272 H
296 1221 329 1273 13
348 1221 427 1274 8741.

214 1360 244 1415 b.
273 1361 383 1416 Tertull.
412 1362 445 1414 ad
465 1361 529 1416 Nat.
548 1362 610 1414 ΗΞ
639 1362 807 1429 Xenocrates
836 1361 1015 1416 Acade-micus
1036 1362 1170 1433 *bifariam
1196 1361 1264 1426 facit

143 1449 263 1514 (formam
281 1449 454 1516 divinitatis),
483 1449 624 1518 Olympios
652 1457 677 1504 ei
697 1450 835 1516 Titanius,
864 1451 912 1518 qui
937 1450 969 1503 de
988 1451 1061 1503 eaelo
1086 1456 1111 1504 et
1129 1456 1208 1504 terra.
1229 1478 1264 1488 -

143 1536 195 1590 Cic.
214 1537 292 1590 Debr.
316 1538 349 1591 N.
368 1539 382 1590 Ι
400 1540 436 1592 34
459 1539 489 1591 ire
514 1539 590 1591 tibris
608 1539 784 1604 (Xenocratis)
808 1540 856 1606 qui
880 1545 946 1592 surii
971 1538 1004 1592 ete
1027 1543 1129 1591 nature
1155 1539 1264 1592 deorum

143 1626 221 1678 υιιῑῖα
239 1627 342 1693 speeies
369 1627 462 1680 divina
482 1627 655 1680 describitur:
685 1627 747 1680 dees
767 1629 837 1680 enim
862 1633 921 1680 oete
950 1643 1007 1680 esse
1036 1626 1115 1693 dieii,
1144 1627 1264 1695 quinque

143 1715 261 1782 eossqui
288 1716 318 1768 ιἰι
342 1715 426 1770 stellis
451 1716 529 1783 οομίε
552 1717 745 1782 nominaretur,
770 1733 854 1768 ααιυο
873 1717 921 1783 qui
939 1732 972 1768 err
990 1717 1112 1768 omnibus
1130 1716 1265 1770 sideribus

143 1819 213 1869 quae
237 1804 325 1868 infixe.
349 1805 422 1857 eaelo
441 1811 507 1858 surii
530 1820 564 1857 ere
582 1805 716 1872 dispersis
734 1806 815 1872 quasi
839 1805 960 1858 membris
978 1805 1093 1872 simplem
1112 1806 1148 1858 sit
1163 1811 1265 1873 putar-

144 1889 197 1943 dus
216 1891 298 1958 deus:
317 1893 457 1960 septimum
468 1891 553 1947 Solem
571 1893 701 1960 adiueqii
719 1893 1017 1961 oetaeerrqreeburram.
1033 1923 1067 1930 -
1086 1892 1263 1947 blemerotr.
1349 1903 1352 1908 '

143 1979 161 2032 5
180 1997 205 2048 p.
224 1981 259 2033 58
269 1982 298 2034 P.
345 1983 510 2053 Ξενοκράτης
528 1983 598 2035 ἑπτά
616 1985 670 2054 μὲν
688 1985 771 2042 θεοὺς
789 1985 853 2043 τοὺς
872 1985 1017 2048 πλανήτας,
1044 1983 1148 2051 ὄγδοον
1166 1983 1198 2035 δὲ
1217 1985 1265 2034 τὸν

144 2069 173 2122 ἐκ
191 2081 246 2121 τῶν
264 2073 395 2124 ἀπλανῶν
410 2073 420 2109 ¹
440 2083 596 2126 συνεστῶτα
614 2073 721 2142 κόσμον
740 2077 896 2124 αἰνίττεται.

215 2225 241 2266 ο.
262 2211 406 2264 Daemones
425 2229 476 2265 non
496 2213 580 2265 solum
598 2214 679 2265 bonos
699 2212 843 2264 sedetiam
862 2211 944 2263 malos
958 2227 1014 2263 esse
1029 2209 1166 2262 statuebat
1184 2210 1264 2262 saen‘s

144 2299 256 2367 publicis
280 2301 421 2368 placandos
445 2301 527 2366 (Plut.
547 2301 578 2354 de
596 2301 636 2354 Js.
656 2300 699 2354 95.
719 2301 773 2364 26).
814 2299 865 2352 Sed
893 2299 995 2352 animus
1024 2315 1125 2367 quoque
1153 2298 1265 2352 hominis

144 2387 277 2440 daemonis
295 2389 351 2440 Ιοοο
370 2389 393 2440 si
412 2392 461 2454 est,
480 2389 511 2441 ei.
530 2388 576 2442 Ar.
596 2389 658 2458 Top.
677 2389 705 2440 Π
723 2389 835 2441 0112ιι
853 2389 895 2440 37.
934 2390 1099 2456 Ξενοκράτης
1118 2391 1203 2456 (μησὶν
1222 2389 1265 2439 εὐ-

144 2475 270 2546 δαίμονα
290 2477 359 2529 εἶναι
379 2479 426 2530 τὸν
446 2480 493 2544 τὴν
513 2480 606 2547 ψυχὴν
624 2480 723 2547 ἔχοντα
743 2477 917 2530 σπουδαίαν·
956 2479 1058 2541 ταύτην
1076 2477 1130 2546 γὰρ
1148 2477 1265 2528 ἑκάστου

144 2563 216 2615 εἶναι
234 2565 367 2635 δαίμονα.
406 2565 478 2619 Stob.
498 2566 567 2619 Flor.
589 2566 648 2631 104,
668 2566 717 2631 243
737 2565 768 2618 ci.
788 2564 940 2633 Ρ1α1.Βαρ.
960 2564 986 2616 X
1005 2563 1098 2616 6171).

94 2815 135 2853 sss
213 2794 298 2857 Plut.
322 2795 360 2858 de
384 2795 488 2858 Anim.
512 2795 617 2857 Proor.
643 2805 671 2869 1,
690 2803 707 2860 5
725 2815 754 2876 p.
774 2803 868 2858 1012.
911 2781 1004 2856 'Erebi
1028 2790 1064 2856 δὲ
1087 2803 1151 2856 τῶν
1174 2791 1265 2855 δοκι-

144 2899 306 2980 μωτάτων
347 2899 471 2984 ἀνδρῶν
503 2901 578 2976 τοὺς
615 2898 674 2981 μὲν
708 2898 906 2985 Ξενοκράτης
945 2896 1169 2984 προσηγάγετο
1209 2907 1267 2983 τῆς

145 3016 253 3092 ψυχῆς
276 3008 333 3093 τῆν
356 3002 467 3071 οὐσίαν
490 3005 633 3090 ἀριθμὸν
649 3003 746 3070 αὐτὸν
768 2993 826 3092 ὑφ)
847 3000 962 3069 ἑαυτοῦ
984 3003 1165 3085 κινούμενον
1180 3001 1266 3066 ἀπο-

145 3111 355 3198 φηνάμενοςῑῑ,
380 3107 410 3176 οἳ
436 3110 472 3176 δὲ
496 3110 661 3197 Κράντορι
690 3109 737 3196 τῷ
762 3111 872 3174 Σολιεῖ
895 3108 1098 3195 προσέθεντο
1121 3108 1267 3192 μιγνύντι

145 3217 204 3303 τῆν
228 3219 333 3304 ψυχὴν
356 3214 393 3282 be
415 3241 449 3281 τε
471 3230 529 3304 τῆς
548 3229 662 3304 νοητῆς
685 3215 743 3282 καὶ
765 3229 823 3302 τῆς
839 3215 916 3301 περὶ
938 3217 981 3278 τά
998 3211 1145 3301 αἰσθητὰ
1169 3213 1267 3292 δοξα-

145 3336 225 3410 στῆς
256 3325 397 3410 φάσεως,
432 3316 527 3406 οἶμαί
554 3349 586 3388 τι
616 3326 673 3410 τῆν
695 3324 816 3390 τούτων
840 3319 1136 3409 ἀνακαλυφθέντων
1159 3320 1266 3406 σαφή-

145 3453 234 3494 νειαν
257 3427 424 3512 ἐνδόσιμον
446 3432 522 3516 ἡμῖν
544 3427 705 3513 παρέξειν.
735 3467 777 3476 -
809 3439 837 3508 2,
863 3440 891 3492 1.
916 3424 947 3492 οἱ
970 3425 1111 3512 μὲνγὰρ
1135 3423 1268 3511 obbatis

146 3533 268 3621 γένεσιν
291 3536 436 3622 ἀριθμοῦ
458 3536 641 3623 δηλοῦσθαι
664 3531 831 3617 νομίζουσι
854 3532 896 3622 τῇ
911 3530 1000 3616 μίξει
1022 3544 1079 3619 τῆς
1095 3527 1267 3617 ἀμερίστου

146 3640 206 3708 καὶ
228 3655 381 3728 μεριστῆς
405 3639 532 3718 οὐσίας·
574 3639 748 3726 ἀμέριστον
770 3639 830 3723 μέν
857 3642 918 3725 γάρ
941 3632 1025 3703 εἶναι
1048 3639 1086 3722 ηδ
1110 3635 1151 3716 έν,
1175 3662 1267 3723 μερι-

146 3750 225 3813 στδν
253 3748 289 3813 δὲ
319 3751 357 3813 τὸ
387 3749 533 3835 πλῆθος,
571 3747 607 3812 ἐκ
641 3747 678 3812 δὲ
707 3747 829 3812 τούτων
852 3743 1023 3831 γίγνεσθαι
1046 3747 1102 3809 τὸν
1125 3744 1269 3830 ἀριθμὸν

147 3867 207 3921 τοῦ
231 3851 299 3933 {bbg
330 3852 492 3941 ὁρίζοντος
522 3855 560 3920 τὸ
584 3854 716 3940 πλῆθος
744 3851 803 3918 καὶ
832 3851 873 3939 τῇ
896 3847 1032 3937 ἀπειρίᾳ
1055 3848 1161 3936 πέρας
1184 3847 1268 3912 ἐντι-

146 3959 282 4041 θέντος,
311 3959 349 4049 ἣν
378 3960 435 4025 καὶ
459 3960 563 4026 δυάδα
586 3960 739 4024 καλοῦσιν
762 3958 939 4044 ἀόριστονθ.
963 3993 1008 4004 -
1031 3993 1072 4004 -·-
1103 3966 1132 4020 3.
1157 3965 1270 4019 τοῦτον

146 4067 185 4134 δὲ
214 4069 317 4155 μήπω
345 4069 451 4154 ψυχὴν
479 4069 535 4132 τὸν
564 4066 707 4152 ἀριθμὸν
729 4058 828 4130 εἶναι·
874 4066 997 4148 τὸγὰρ
1026 4061 1190 4149 κινητικὸν
1212 4058 1269 4124 καὶ

146 4176 186 4240 τδ
210 4175 338 4262 κινητὸν
361 4171 460 4238 ἐνδεῖν
484 4171 581 4258 αὐτῷ.
613 4182 670 4236 τοῦ
693 4169 728 4235 δὲ
751 4169 871 4234 ταύτοῦ
893 4168 950 4233 καὶ
973 4179 1031 4232 τοῦ
1055 4164 1164 4254 ἑτέρου
1188 4187 1270 4250 συμ-

223 4442 250 4505 1)
269 4452 322 4494 τῶν
340 4443 472 4494 ἀπλανῶν
491 4456 556 4492 corr.
576 4437 677 4491 Dawis:
697 4441 810 4492 πάντων
829 4437 919 4488 αὐτῶν
937 4434 1006 4502 vulg.
