3146 4982
655 343 800 412 Epictetus.
1238 340 1292 400 473

121 521 161 562 ιιι
239 503 340 587 Epiot.
364 505 450 568 Man.
474 524 499 568 υ.
517 511 568 570 52.
613 492 653 570 ‘0
668 517 802 591 πρῶτος
827 501 885 570 καὶ
908 503 1165 589 ἀναγκαιότατος
1187 503 1291 582 τόπος
1318 501 1473 608 llsslg'ffl‘

172 608 260 676 ἐστίν
283 606 316 676 ἐν
338 607 523 698 φιλοσοφίᾳ
546 609 564 675 6
586 621 643 698 της
664 611 806 699 χρήσεως
828 623 893 676 τῶν
915 610 1154 699 θεωρημάτων,
1185 601 1252 676 οἷον
1275 610 1292 676 6
1346 607 1448 661 ‘W‘

172 727 230 782 τοῦ
262 717 307 803 μὴ
343 717 536 804 ψεύδεσθαι,
594 717 612 782 6
647 717 792 804 δεύτερος
826 717 845 783 6
879 730 943 782 τῶν
977 714 1190 798 ἀποδείξεων,
1225 708 1293 783 οἷον

171 823 279 890 πόθεν
301 823 352 889 ὅτι
376 821 413 889 ού
435 823 485 888 δεῖ
508 823 712 908 pellatam,-
734 820 844 910 τρίτος
867 823 885 889 6
908 821 1013 888 αὐτῶν
1035 823 1158 889 τούτων
1179 829 1293 908 βεβαι-

172 930 290 1007 ωτικδς
314 928 372 996 καί
396 930 654 1018 διαρθρωτικός,
690 921 758 996 οἷον
781 929 889 996 πόθεν
911 930 963 996 ὅτι
985 941 1081 996 τοῦτο
1104 929 1294 1012 ἀπόδειξις,·

171 1034 207 1102 τί
230 1037 290 1123 γάρ
314 1035 402 1102 ἐστιν
425 1036 612 1118 ἀπόδειξις,·
634 1034 668 1102 τί
690 1034 891 1119 delavati,-
913 1034 948 1102 τί
968 1037 1073 1126 μάχης
1096 1034 1130 1102 τί
1152 1035 1294 1126 eleale,-

172 1139 206 1208 τί
236 1142 374 1229 ψεῦδοςς
408 1141 521 1210 οὐκοῦν
549 1142 648 1227 δμὲν
675 1142 785 1232 τρίτος
813 1144 917 1222 τόπος
947 1143 1123 1229 ἀναγκαῖος
1152 1145 1208 1210 διὰ
1237 1145 1295 1210 τὸν

173 1246 327 1338 δεύτερον,
352 1249 370 1317 6
393 1248 430 1316 δὲ
453 1250 600 1338 δεύτερος
623 1251 679 1316 διδ
702 1251 757 1318 τὸν
773 1265 913 1339 πρῶτον,
937 1251 955 1316 6
978 1249 1015 1316 δὲ
1037 1249 1294 1336 ἀναγκαιότατος

172 1356 230 1423 καί
261 1358 344 1424 ὅπου
374 1357 613 1426 ἀναπαύεσθαι
643 1360 693 1426 δεῖ
722 1359 740 1424 6
771 1369 933 1447 πρῶτος·.
967 1359 1058 1447 ἡμεῖς
1088 1355 1125 1423 δὲ
1149 1353 1295 1441 ἔμπαλιν

173 1473 338 1548 ποιοῦμεν.
381 1463 414 1530 ἐν
444 1467 505 1553 γδρ
535 1464 583 1552 τῷ
612 1462 713 1553 τρίτην
748 1465 843 1552 τόπῳ
879 1462 1088 1552 διατρίβομεν
1122 1463 1181 1530 καὶ
1215 1461 1295 1550 περὶ

173 1569 294 1638 ἐκεῖνόν
316 1570 405 1638 ἐστιν
427 1574 506 1660 ἡμῖν
529 1574 659 1660 ἡπᾶσα
674 1573 810 1661 σπουδή,
835 1583 894 1638 τοῦ
916 1571 953 1638 δὲ
967 1573 1101 1659 πρώτου
1125 1570 1294 1648 παντελῶς

173 1677 358 1761 ἀμελοῦμον.
381 1689 552 1766 τοιγαροῦν
575 1679 770 1764 ψευδόμεθα
792 1677 866 1762 μέν,
901 1691 975 1756 πῶς
1002 1676 1039 1744 δὲ
1061 1674 1294 1747 ἀποδείκνυται

173 1785 224 1850 ότι
247 1783 284 1850 οδ
307 1785 355 1851 δεῖ
378 1785 564 1871 ψεύδεσθαι
587 1786 759 1873 πρόχειρον
781 1782 920 1870 ἐγομενί.

245 1957 273 1997 ε.
293 1943 409 1997 Primum
427 1945 513 1998 locum
532 1949 642 2015 apparet
660 1945 762 1999 ethicae
780 1946 846 2012 dari,
865 1946 988 2016 physicae
1007 1945 1156 2010 seeundum,
1182 1943 1292 1996 tertium
1319 1939 1471 2035 imfiffiflu

173 2033 280 2100 logione,
294 2032 325 2086 ol.
335 2037 379 2085 ΒΡ
388 2033 450 2088 390.
461 2059 496 2072 —
510 2033 704 2087 Ptovidentiam
723 2033 765 2087 (lei
778 2034 898 2087 maximis
911 2033 1035 2087 laudibus
1049 2033 1166 2086 extollit:
1180 2031 1293 2085 Dissert.

173 2121 188 2174 I
206 2123 249 2188 16,
268 2122 301 2176 17
320 2126 410 2192 μίγας
429 2125 445 2176 6
463 2125 535 2186 θεός,
554 2124 598 2176 δτι
615 2125 684 2196 ἡμῖν
702 2128 842 2198 παρέσχεν
860 2127 966 2196 όργανα
986 2133 1109 2186 τοιαῦτα,
1133 2117 1174 2175 δι’
1186 2115 1230 2192 ὶὧν
1247 2122 1296 2187 τὴν

174 2219 226 2279 γῆν
252 2213 447 2282 ἐργασόμεθα·
471 2217 561 2284 μέγας
580 2215 595 2264 6
613 2214 689 2276 θεός,
718 2212 762 2266 ὅτι
781 2219 877 2286 χεῖρας
896 2213 1030 2276 δέδωκεν,
1059 2213 1101 2266 δτι
1128 2213 1294 2272 κατιίποσιν,

174 2301 217 2354 ὅτι
235 2302 351 2364 κοιλίαν,
371 2301 414 2354 ὅτι
433 2304 568 2362 αὔξεσθαι
587 2303 748 2370 λεληθότως,
768 2303 811 2356 ὃτι
828 2301 1019 2366 καθεύδοντας
1038 2303 1178 2354 ἀναπνεῖν.
1208 2308 1295 2354 ταῦτα

174 2384 221 2460 ἐφ’
239 2389 356 2442 ἐκιίστου
374 2392 509 2464 ἐφυμνεῖν
528 2391 584 2444 ἔδει
602 2395 649 2444 καὶ
669 2393 717 2444 τὸν
733 2395 870 2464 μεγιστου
887 2395 934 2444 καῖ
952 2392 1100 2444 θειότατον
1120 2391 1208 2460 ὕμνον
1228 2389 1295 2458 ἐφο-

173 2482 267 2548 μνεῖν,
297 2478 339 2530 ὅτι
365 2479 413 2544 τὴν
437 2479 561 2551 δύναμιν
584 2479 667 2533 ἔδωκε
687 2479 736 2546 τίγν
754 2479 1030 2552 παρακολουάητικὴν
1049 2479 1156 2538 τούτοις
1174 2479 1219 2530 καὶ
1239 2475 1296 2545 ὁδῷ

171 2568 327 2639 χρηστικήν.
347 2572 375 2620 τί
393 2563 456 2631 οίν;
481 2569 541 2621 ἐπεὶ
561 2571 589 2620 ολ
607 2570 704 2621 πολλοὶ
724 2570 976 2639 ἀποτετύιμλωσθε,
1002 2570 1050 2621 οὐκ
1069 2567 1125 2620 ἔδει
1145 2567 1206 2618 τινὰ
1225 2565 1295 2618 εῖναι

90 2655 93 2658 ’
175 2657 223 2706 τόν
241 2657 344 2722 ταύτην
361 2657 547 2730 ἐκπληροῦντα
566 2658 615 2722 τὴν
629 2659 726 2730 χώραν
743 2661 790 2710 καὶ
810 2658 877 2730 ὑπὲρ
892 2659 1004 2710 πάντων
1018 2651 1125 2724 ᾅδοντα
1145 2656 1193 2706 τόν
1209 2654 1296 2725 ὕμνον

176 2744 224 2796 τὸν
241 2747 280 2804 είς
298 2745 346 2796 τδν
364 2746 447 2809 θεόν,-
466 2741 495 2798 τί
511 2747 567 2818 γὰρ
585 2748 652 2798 ἀλλο
671 2746 798 2819 δύναμαι
815 2750 904 2817 γέρων
917 2747 1015 2815 χωλός,
1035 2749 1060 2798 εί
1077 2745 1118 2816 μὴ
1137 2745 1234 2814 ὑμνεῖν
1248 2743 1296 2794 τόν

174 2833 255 2896 θεόνς
275 2836 300 2886 ελ
317 2842 387 2901 γοῦν
405 2833 499 2894 ἀηδὼν
517 2838 597 2905 ἢμην,
616 2836 731 2888 ἐποίουν
749 2837 784 2888 τὰ
803 2843 849 2902 τῆς
867 2835 999 2901 ἀηδόνος,
1019 2838 1044 2888 εί
1060 2835 1168 2896 κύκνος,
1192 2832 1227 2884 τδι
1246 2839 1296 2884 τοῦ

175 2923 289 2974 κύκνου·
317 2931 367 2974 νῦν
386 2922 551 2991 δὲλεγικδς
568 2927 639 2994 είμι,
666 2925 762 2996 ὑμνεῖν
778 2943 815 2997 με
834 2923 880 2978 δεῖ
897 2925 946 2976 τόν
962 2925 1036 2977 θεόν.
1074 2921 1111 2976 Cf.
1130 2921 1165 2974 ib.
1184 2920 1198 2972 I
1216 2920 1240 2973 6.
1260 2947 1294 2957 -

175 3007 296 3064 Ethioam
314 3025 367 3064 non
386 3010 489 3064 tamin
507 3012 655 3081 praeseptis
673 3012 789 3082 ponebat
806 3029 884 3081 quam
902 3012 930 3066 in
949 3011 1034 3077 lactis,
1054 3009 1149 3079 quibus
1168 3022 1295 3078 quemque

176 3099 309 3166 oporteret
327 3098 464 3152 ostendere
481 3116 510 3152 se
529 3099 720 3170 philosophiam
738 3101 844 3170 penitus
862 3099 995 3153 hausisse:
1013 3099 1048 3152 ib.
1067 3099 1125 3164 14;
1144 3095 1295 3162 Menses

175 3187 236 3240 ἐπεὶ
259 3191 306 3240 καὶ
331 3189 365 3242 τὰ
391 3191 516 3260 πρόβατα
537 3191 570 3242 οὐ
588 3191 637 3243 τόν
651 3191 755 3264 χόρτον
772 3191 941 3260 ἐξεμίσαντα
965 3195 1023 3250 τοῖς
1041 3192 1174 3260 ποιμέσιν
1191 3184 1295 3239 ἐπιδει-

175 3277 249 3330 κνύει
269 3277 359 3332 πόσον
377 3278 488 3348 ἔφαγεν,
509 3279 578 3332 ἀλλὰ
597 3279 646 3345 τὴν
663 3280 752 3351 νομὴν
769 3279 824 3332 ἔσω
843 3283 974 3345 πέιγαντα
992 3279 1067 3349 ἔριον
1085 3278 1136 3338 ἔξω
1154 3279 1232 3348 φέρει
1247 3276 1295 3326 καὶ

175 3367 254 3432 γιίλα.
282 3370 329 3418 καῖ
355 3367 390 3420 σύ
408 3372 504 3420 τοίνυν
526 3369 567 3439 μὴ
585 3370 619 3422 τά
638 3370 805 3440 θεωρήματα
823 3373 881 3428 τοῖς
900 3367 1023 3428 ἐδαύταις
1040 3365 1206 3427 ἐπεδείκνυε,
1232 3355 1291 3414 ἀλλ’

176 3449 226 3506 ἀπ’
245 3455 336 3508 αὐτῶν
354 3461 520 3527 πεφθέντων
537 3458 572 3510 τά
590 3458 665 3526 ἔργα.
694 3455 762 3521 Quid
781 3456 874 3526 cuique
892 3455 1022 3524 agendum
1040 3454 1084 3521 sit,
1103 3456 1226 3506 naturam
1239 3465 1296 3504 oen-

176 3543 219 3594 sst
237 3542 304 3596 satis
323 3544 389 3598 bena
408 3544 514 3598 dooere:
537 3545 609 3598 Dies.
629 3545 643 3598 I
662 3545 687 3612 2,
705 3546 742 3600 30
759 3547 881 3600 ἐπύθετό
904 3565 946 3606 τις
970 3546 1059 3600 πόθεν
1082 3540 1132 3598 οὖν
1160 3539 1295 3607 oroeand-

174 3636 252 3700 μεόα
271 3641 322 3685 τοῦ
338 3635 410 3686 κατὰ
429 3635 581 3706 πρόσωπον
605 3634 731 3700 ἕκαστος
761 3637 850 3690 πόθεν
868 3630 898 3688 δ’
916 3637 932 3688 6
950 3644 1063 3706 ταῦρος,
1091 3634 1158 3704 ἔφη,
1186 3635 1296 3688 λέοντος

175 3720 341 3782 ἐπελθόντος
364 3723 452 3794 μόνος
479 3726 644 3778 αῖσόιίνεται
668 3733 714 3791 τῆς
743 3726 828 3777 αὑτοῦ
852 3733 1027 3797 παρασκευῆς
1049 3727 1096 3776 καὶ
1115 3721 1295 3796 προβέβληκεν

176 3807 276 3861 ἑαυτὸν
309 3811 377 3882 ὑπὲρ
409 3819 454 3873 τῆς
482 3813 579 3880 ἀγέλης
606 3814 710 3879 πάσης;
744 3811 759 3880 ἦ
787 3813 872 3879 δῆλον
899 3814 941 3866 ὅτι
969 3814 1052 3874 εὐθὺς
1082 3814 1141 3884 ἀμα
1176 3813 1213 3878 τῷ
1247 3808 1295 3874 τὴν

176 3899 352 3968 παρασκευὴν
392 3901 467 3970 ἔχειν
494 3903 606 3970 ἀπαντᾷ
640 3907 686 3954 καὶ
720 3907 903 3968 συναίσθησις
935 3903 1023 3968 αὐτῆς.
1056 3906 1102 3956 καὶ
1134 3903 1211 3971 ἡμῶν
1238 3904 1294 3950 τοί·

176 4007 226 4054 νιν
267 3989 343 4050 ὅστις
384 3991 419 4042 ἀν
460 3989 509 4062 ἔχη
552 3991 682 4058 τοιαύτην
723 3992 900 4062 παρασκευὴν
942 3991 990 4043 οὐκ
1028 3991 1158 4059 ἀγνοήσει
1197 3990 1293 4055 αὐτήν·

176 4079 257 4146 ίίφνω
289 4077 320 4130 δέ
353 4087 452 4150 ταῦρος
484 4080 516 4130 οὐ
544 4084 650 4147 γίνεται
683 4077 747 4132 οὐδὲ
786 4085 912 4148 γενναῖος
944 4083 1103 4153 ἀνδρωπος·
1150 4079 1218 4130 ἀλλὰ
1251 4077 1297 4130 δεῖ

172 4173 374 4235 χειμασκησαι,
403 4169 675 4236 παρασκευάσασθαι
698 4167 802 4240 καὶμὴ
821 4171 877 4242 εἰκῇ
896 4167 1065 4242 προσπηδιῐν
1088 4168 1134 4220 ἐπὶ
1153 4167 1187 4220 ul
1205 4165 1295 4234 μηδὲν

175 4254 357 4324 προσήκοντα.

246 4374 277 4431 1).
297 4375 358 4430 Non
377 4379 457 4449 semel
474 4379 595 4448 queritur
613 4378 714 4434 Stoicos
738 4381 787 4433 sibi
812 4381 933 4450 aequales
962 4380 1056 4433 sectari
1080 4379 1171 4451 inanes
1197 4379 1295 4448 dissep-

176 4465 306 4531 tationes3
325 4483 348 4520 v.
367 4465 437 4520 Diss.
457 4467 484 4520 11
504 4469 546 4521 12.
