3156 4988
313 394 368 456 362
724 398 877 454 Aristotelis
896 400 1023 470 discipuli.

315 553 371 646 ἔτη
395 555 492 624 πέντε
515 556 572 623 καὶ
595 555 800 646 ὀγδοήνωτα,
825 559 1004 650 ἐπειδήπερ
1034 557 1143 645 ὀλίγον
1165 559 1261 648 ἀνῆκε
1283 575 1349 626 τῶν
1371 561 1432 627 πό-

315 769 532 852 πάμπλειστα
539 771 561 835 ‘¹.

385 925 414 965 6.
442 912 649 964 Narratiuncula
667 913 828 982 lepidissima
847 914 892 966 sed
911 914 981 966 haud
1000 914 1050 967 fide
1070 914 1150 982 digna
1168 915 1200 968 de
1219 915 1364 968 Aristotele
1382 933 1434 968 ver-

313 1001 355 1056 bis
378 1003 464 1070 ἡδίων
487 1005 502 1054 ὁ
521 1006 642 1068 Λέσβιος
667 1018 840 1054 successorem
859 1001 1082 1072 Theophrastum,
1111 1020 1163 1056 non
1187 1003 1333 1056 Eudemum
1358 1005 1434 1072 signi·

313 1089 409 1144 ficaute
428 1092 469 1142 est
487 1090 557 1160 apud
576 1088 690 1144 Gellium
708 1089 742 1144 N.
762 1091 793 1144 A.
813 1091 879 1144 XIII
898 1091 922 1144 5.

384 1213 414 1268 h.
441 1213 516 1278 Quod
533 1213 692 1267 Aristoteles
711 1231 803 1268 nomen
822 1216 886 1281 eius,
906 1233 964 1268 cum
983 1219 1061 1269 antea
1079 1215 1174 1269 fuisset
1192 1216 1340 1284 Tyrtamus,
1361 1233 1434 1287 prop

314 1306 356 1356 ter
375 1302 491 1355 diuinum
509 1302 632 1372 loquendi
651 1303 762 1356 nitorem
781 1304 844 1370 (Cic.
863 1303 939 1357 Brut.
960 1303 1019 1358 121.
1040 1303 1151 1369 Quintil.
1170 1305 1237 1358 Inst.
1256 1305 1282 1358 X
1301 1307 1326 1371 1,
1345 1307 1390 1371 83)
1406 1306 1434 1358 in

314 1390 522 1460 Theophrastum
546 1393 663 1444 mutasse
688 1392 773 1444 fertur
796 1392 895 1458 (Strab.
915 1393 982 1446 XIII
1001 1393 1026 1460 2,
1052 1393 1113 1462 Ap.
1135 1395 1195 1448 618.
1234 1393 1286 1448 Cic.
1306 1397 1372 1448 orat.
1392 1395 1433 1448 62.

313 1479 390 1548 Diog.
409 1481 463 1547 38),
482 1479 537 1532 veri
556 1480 639 1533 simile
658 1497 710 1534 non
728 1485 777 1534 est.

385 1603 980 1672 smmnmamnmm.

244 1757 250 1784 1
268 1744 286 1784 ri
385 1727 415 1782 d.
445 1727 485 1781 De
503 1728 633 1781 indicibus
651 1728 777 1781 librorum
797 1746 812 1781 a
830 1729 946 1797 Diogene
965 1729 989 1780 V
1007 1731 1128 1784 42-50
1153 1747 1183 1782 ex
1202 1729 1347 1800 Hermippo
1366 1731 1435 1784 aliis-

314 1833 363 1886 que
382 1816 531 1886 compilatis
549 1817 581 1870 cl.
600 1817 708 1883 Usener,
727 1817 856 1870 Analecta
874 1818 1069 1888 Theophrastea
1087 1820 1108 1886 Ι,
1127 1819 1196 1888 Lips.
1217 1819 1295 1873 1858.
1333 1820 1434 1885 Ρ16611,

315 1905 411 1960 (166611.
431 1905 457 1959 d.
477 1903 545 1973 Lep.
563 1905 577 1957 I
595 1905 656 1960 350.
683 1937 716 1946 -
742 1905 781 1958 Ex
799 1907 901 1974 ingenti
920 1907 1093 1960 multitudiue
1112 1908 1237 1960 librorum
1264 1907 1342 1977 pauci
1365 1908 1434 1977 iique

312 1995 410 2065 partlm
435 1994 569 2064 depravati
594 1997 708 2047 aetatem
733 1995 869 2060 tulerunt,
895 1996 1014 2064 inprimis
1040 2017 1068 2050 π.
1090 2008 1185 2068 norbo
1208 2002 1331 2066 ἱστορίας
1349 1997 1367 2049 l.
1388 1995 1434 2074 IX,

313 2106 341 2137 rr.
358 2096 451 2156 φυτῶν
466 2090 563 2138 αἰτιῶν
576 2081 649 2137 1111.
678 2083 750 2148 Quae
764 2088 871 2138 exstant
884 2085 1022 2137 maximam
1036 2089 1138 2155 partem
1152 2086 1192 2138 ed.
1207 2085 1231 2138 J.
1243 2083 1273 2139 G.
1285 2085 1433 2156 Schneider,

310 2171 380 2242 Lips.
401 2173 554 2238 1818-21,
573 2172 601 2226 F.
621 2173 755 2238 Wimmer,
778 2175 847 2242 Lips.
873 2174 948 2238 1854,
968 2174 1050 2226 Paris.
1074 2175 1151 2228 1866.
1195 2173 1434 2242 Metaphysicorum

312 2261 404 2329 fragm.
433 2261 472 2314 ed.
502 2261 629 2327 Braudis,
664 2261 749 2314 Bercl.
777 2262 858 2326 1823;
891 2261 990 2315 emend.
1019 2260 1133 2327 Usener,
1161 2261 1231 2315 Mus.
1259 2261 1344 2314 Rhen.
1373 2261 1435 2315 XVI

312 2350 404 2415 (1861)
435 2367 460 2419 p.
489 2351 541 2404 259
549 2367 587 2420 sq.
633 2350 725 2403 Libros
760 2351 791 2402 de
819 2350 985 2419 physicorum
1018 2351 1183 2420 opinionibus
1215 2351 1376 2403 uberrimum
1406 2355 1435 2404 61

311 2437 365 2490 1616
388 2438 495 2492 unicum
525 2439 623 2491 fontem
651 2439 785 2491 doctrinae
813 2439 1038 2508 doxographorum
1070 2439 1200 2492 inferioris
1228 2439 1325 2492 aetatis
1354 2439 1434 2492 brisso

313 2526 503 2580 demonstravit
521 2529 549 2579 61
566 2527 678 2594 vestigia
696 2544 785 2580 eorum
805 2545 883 2597 quam
902 2519 1052 2595 longissimo
1070 2531 1223 2598 persecutus
1242 2528 1367 2598 reliquias
1385 2529 1435 2582 col·

313 2616 380 2684 legit
408 2618 487 2686 atque
514 2616 646 2668 recensuIt
673 2615 707 2669 H.
732 2616 805 2668 Diels
833 2617 860 2675 in
887 2616 1071 2686 Doxographis
1100 2614 1219 2683 Graecis,
1243 2617 1328 2669 Bercl.
1356 2617 1432 2671 1879.

314 2709 357 2756 ΒΡ
381 2704 425 2758 4*.
452 2703 517 2757 12*.
545 2704 636 2757 14B*.
661 2705 727 2757 lib.
754 2705 1088 2758 8891610261186.
1110 2706 1193 2758 1436.
1230 2703 1386 2774 Scriptionis
1404 2725 1433 2756 π.

313 2795 450 2860 εὐσεβείας
469 2793 582 2845 frustula
607 2809 638 2844 ex
656 2792 800 2861 Porphyrio
819 2793 966 2862 expiscatus
981 2795 1023 2845 681
1039 2792 1063 2846 J.
1078 2793 1194 2860 Bernays
1212 2792 1432 2860 (Theophrastos'

312 2879 415 2947 Schrist
438 2887 465 2934 11.
486 2880 692 2948 Frcmma'pkco't,
711 2879 796 2934 Bercl.
817 2882 903 2945 1866).
941 2881 980 2934 Ex
998 2881 1105 2934 moralis
1124 2881 1303 2951 philosophiae
1327 2881 1433 2951 scriptis

313 2969 424 3035 mansit,
464 2987 620 3039 quamquam
651 2971 679 3022 iu
711 2973 854 3037 angustum
886 2973 992 3022 coactus
1030 2971 1072 3036 (cf.
1105 2970 1193 3036 Diels,
1230 2969 1434 3040 Theophrastea,

312 3055 397 3110 Bercl.
427 3057 521 3123 1883),
548 3057 653 3110 libellus
682 3059 727 3128 qui
755 3058 909 3111 inscribitur
937 3061 1029 3124 ἠθικοὶ
1048 3069 1219 3132 χαρακτῆρες
1243 3059 1293 3124 (ed.
1317 3059 1430 3124 Diibncr,

312 3144 396 3198 Paris.
430 3145 513 3211 1842;
546 3145 627 3212 Foss,
660 3148 730 3216 Lips.
764 3147 847 3204 1858:
885 3148 1024 3212 Petersen,
1057 3148 1127 3217 Lips.
1163 3148 1249 3210 1859).
1295 3147 1335 3200 De
1367 3148 1433 3201 libro

314 3233 359 3302 qui
383 3234 526 3304 inscriptus
551 3237 608 3288 erat
632 3240 822 3303 Καλλισθένης
847 3241 862 3302 1)
887 3241 949 3307 περὶ
970 3241 1091 3297 πένθους
1110 3236 1140 3289 61.
1161 3235 1213 3290 Cic.
1233 3235 1309 3290 Tusc.
1329 3235 1432 3291 11121.

226 3311 1433 3395 'vmmmmwmwmmmmmmmd

312 3415 448 3481 praeterea
474 3413 570 3478 Zeller,
600 3413 625 3466 cl.
654 3412 737 3466 Streit
762 3413 825 3466 Tha
851 3429 911 3480 geg.
931 3413 1026 3465 Zenon
1055 3419 1081 3466 11.
1109 3413 1134 3466 cl.
1163 3411 1272 3480 Ewtgh.
1301 3413 1327 3466 d.
1354 3413 1434 3480 Wclt,

314 3499 429 3555 Hermes
448 3501 493 3568 XI,
512 3501 619 3571 raasq,
638 3501 723 3554 Bercl.
744 3501 822 3555 1876.
859 3501 940 3566 Idem,
961 3499 1077 3554 Hennes
1095 3500 1145 3552 XV
1163 3501 1255 3568 (1880)
1275 3503 1374 3572 13186.

380 3751 535 3816 Boethius
553 3750 795 3833 (16Ι61616161.2
816 3750 833 3814 Ι
848 3771 877 3833 p.
894 3757 957 3814 292
975 3749 1049 3812 Bas.
1068 3757 1117 3826 12,
1142 3757 1160 3814 3
1178 3749 1303 3814 Meiser.
1336 3752 1511 3816 Theo-eur
1562 3735 1563 3766 ³

312 3860 480 3942 phrastus,
511 3857 605 3921 utin
629 3857 700 3920 aliis
724 3857 812 3931 solet,
845 3875 918 3919 cum
942 3855 981 3919 de
1005 3856 1161 3919 similibus
1185 3857 1280 3920 rebus
1305 3859 1435 3935 tractat,

315 3984 395 4048 quae
420 3965 542 4029 scilicet
566 3963 605 4027 ab
629 3963 800 4028 Aristotele
826 3965 899 4026 ante
924 3963 1064 4026 tractata
1089 3963 1173 4038 sunt,
1196 3963 1230 4025 in
1252 3963 1332 4027 libro
1357 3983 1437 4046 quo·

314 4091 375 4154 que
404 4072 442 4136 de
474 4070 694 4134 adfirmatione
732 4072 764 4133 et
792 4069 961 4150 negatione
998 4067 1100 4132 isdem
1139 4069 1298 4149 aliquibus
1330 4071 1444 4134 verbio

313 4178 425 4254 utitur,
450 4177 565 4258 quihus
589 4176 649 4239 hoc
671 4175 751 4240 libro
775 4175 962 4239 Aristoteles
987 4194 1066 4239 usus
1090 4177 1148 4238 cst.
1167 4211 1207 4220 -
1231 4175 1265 4238 in
1288 4177 1435 4242 omuibus

313 4284 414 4360 enim,
446 4284 484 4347 de
516 4283 631 4365 quihus
661 4283 728 4365 ipse
753 4283 898 4365 disputat
927 4284 999 4365 post
1022 4283 1229 4364 magistrum,
1260 4282 1374 4347 leviter
1398 4301 1436 4348 66

315 4389 421 4471 tangit
451 4407 533 4470 quae
564 4390 614 4454 ab·
633 4389 806 4454 Aristotele
836 4389 922 4455 dieta
952 4391 1026 4452 ante
1057 4389 1217 4472 cognovit,
1249 4388 1330 4452 alias
1361 4407 1434 4453 vero

311 4495 497 4578 diligentins
521 4513 659 4561 resnou
684 4496 723 4559 ab
746 4496 917 4560 Aristotele
942 4496 1097 4560 tractatas
1123 4494 1334 4576 exsequitur⁸.
