3146 4982
273 310 328 371 itt)
652 313 821 384 Philosophia
838 313 1021 368 Romanorum.

276 491 358 556 quae
387 474 548 557 pertinent
578 473 618 536 ad
648 473 814 537 hominum
845 473 1035 550 utilitatem,
1073 491 1136 554 qua
1164 473 1245 536 nihil
1277 474 1402 539 homini

275 599 344 646 esse
369 579 464 645 debet
487 580 678 662 antiquius·.

345 737 373 778 a.
397 721 577 792 Disputautur
600 719 665 774 haec
687 719 812 774 adversus
837 719 1041 790 Peripateticos,
1069 737 1092 774 v.
1120 725 1163 774 a?
1182 721 1258 776 esea
1276 719 1322 772 fin.
1358 718 1404 774 Oi„

274 811 306 865 de
324 811 389 881 Rep.
407 810 422 864 1
442 811 475 864 12
502 825 589 878 aeque
617 809 689 864 caim
717 813 758 862 eat
782 808 844 864 aila
860 824 918 876 rea,
942 809 975 862 ia
993 825 1049 878 qua
1067 809 1188 879 propius
1214 807 1253 864 ad
1282 808 1403 862 deorum

263 898 375 954 'acmen
392 899 482 954 cirtae
501 897 616 954 accedat
634 897 772 965 humata,
797 914 880 966 qaam
898 898 1023 952 etaiam
1041 902 1091 951 aat
1109 897 1225 952 condere
1243 912 1329 952 acam
1347 901 1402 952 aut

273 1003 435 1044 coaeaeare
453 987 510 1042 iam
528 985 665 1040 conditae.
703 983 846 1040 civitatum
871 987 960 1038 autem
984 986 1061 1054 longe
1079 985 1269 1056 perfectissima
1287 1001 1344 1038 esse
1363 985 1401 1038 ri-

273 1077 352 1130 detur
364 1076 496 1130 Romana:
514 1075 549 1128 ib.
562 1075 603 1128 70.
640 1072 715 1128 Adde
734 1073 766 1128 de
785 1072 858 1128 Orat.
877 1073 957 1128 1195
975 1072 1097 1139 fremat
1110 1089 1202 1129 amaea
1216 1074 1286 1142 iicet,
1306 1073 1402 1130 dicam

274 1165 348 1234 qaod
366 1164 469 1220 scatio:
487 1163 662 1218 bibliothecas
679 1162 830 1216 mameae
849 1163 970 1216 amatam
986 1162 1214 1232 pbilosophorum
1236 1179 1312 1217 areas
1330 1164 1403 1226 mibi.

272 1253 385 1308 uidetur
399 1251 468 1306 XII
479 1253 639 1306 tabularum
653 1250 769 1318 libellas,
788 1250 814 1304 ai
831 1251 894 1319 qais
913 1251 1002 1321 tapam
1019 1251 1109 1317 scates
1127 1257 1154 1305 ct
1172 1251 1271 1320 capita
1287 1251 1402 1319 viderit,

275 1348 299 1395 ct
318 1341 498 1396 carteritatie
513 1341 637 1409 pondere
655 1345 682 1393 ct
699 1339 836 1394 utilitatis
854 1339 980 1394 abertate
998 1356 1136 1409 aepcrare.

181 1549 202 1578 ¹⁰
219 1549 242 1578 ⁰³
341 1538 395 1600 Ac.
418 1535 452 1600 Π
477 1543 550 1600 122.
595 1535 713 1600 Latent
735 1535 799 1600 ista
822 1536 943 1612 omnia,
972 1536 1121 1612 Luculle,
1152 1537 1268 1600 crassis
1293 1537 1451 1600 occul-⁴⁵⁸
1538 1544 1547 1605 t

274 1644 345 1707 tata
369 1644 401 1706 ct
424 1641 618 1706 circumfusa
640 1642 796 1718 tenebris,
825 1643 977 1706 utnulla
1000 1643 1083 1707 acies
1113 1643 1247 1706 humani
1278 1643 1401 1724 ingenii

275 1749 368 1812 tanta
391 1747 447 1824 sit,
481 1765 562 1828 quae
585 1749 754 1830 penetrare
776 1747 810 1810 in
834 1748 968 1825 eaelum,
991 1749 1111 1812 terram
1134 1749 1255 1812 intrare
1277 1749 1399 1831 possit;

276 1871 406 1936 corpora
428 1855 538 1918 nostra
560 1871 625 1918 nou
647 1854 811 1928 herimar,
843 1855 897 1934 qui
921 1855 986 1916 sint
1009 1855 1089 1918 situs
1112 1855 1271 1936 partium,
1299 1873 1400 1936 quarn

275 1960 340 2024 vim
372 1977 516 2041 quaeque
546 1977 621 2041 pars
651 1959 768 2024 habeat
798 1959 991 2040 ignoramus,
1035 1960 1151 2041 Itaque
1180 1960 1296 2024 medici
1327 1961 1403 2044 ipsi,

277 2085 412 2148 quorum
435 2067 589 2130 intererat
619 2084 657 2130 ca
679 2083 788 2141 nosse,
819 2068 1013 2148 aperuerunt
1042 2069 1080 2130 ut
1102 2066 1303 2140 viderentur;
1339 2085 1402 2132 nee

276 2191 312 2238 co
336 2175 446 2236 temen
470 2172 561 2236 aiunt
585 2171 727 2253 empirici
757 2171 882 2235 notiora
906 2173 1071 2248 caraille,
1106 2172 1182 2252 quia
1203 2173 1306 2254 possit
1328 2173 1401 2237 fien'

275 2281 314 2342 ut
342 2277 504 2361 patefacta
534 2279 568 2342 et
598 2277 724 2342 detecta
753 2279 930 2342 mutentur.
979 2277 1043 2342 Sed
1067 2279 1181 2359 ecquid
1204 2297 1261 2342 nos
1286 2279 1401 2344 eodem

275 2385 368 2448 modo
398 2403 505 2448 rerum
534 2386 668 2448 naturas
691 2402 871 2466 persecare,
894 2385 1031 2466 aperire,
1055 2385 1194 2449 dividere
1216 2405 1404 2468 possumus,

275 2493 313 2555 ut
342 2491 508 2555 videamus
537 2493 623 2554 terra
653 2490 822 2572 penitusne
855 2490 956 2554 defixa
986 2491 1030 2554 sit
1059 2493 1092 2554 et
1121 2491 1214 2572 quasi
1236 2491 1403 2556 radicibus

277 2597 343 2663 suis
366 2599 497 2662 haereat
520 2615 561 2660 au
583 2595 689 2660 media
712 2596 873 2678 pendeat?
897 2631 938 2644 -·-
966 2605 1038 2662 124.
1064 2596 1126 2660 Sed
1149 2597 1243 2662 redeo
1266 2598 1307 2661 ad
1332 2599 1402 2662 ani-

275 2725 365 2770 mum
389 2707 422 2769 et
446 2721 569 2786 corpus.
618 2701 744 2766 Satisne
768 2703 900 2766 tandem
923 2721 962 2767 ea
983 2705 1060 2767 uota
1084 2705 1160 2766 sunt
1182 2704 1291 2781 nobis,
1315 2723 1403 2786 quae

276 2831 447 2876 nervorum
470 2811 588 2873 natura
611 2809 662 2885 ait,
686 2827 767 2890 quae
786 2812 979 2872 ¹uenarum?¹
1005 2812 1194 2874 tenemusne
1223 2809 1304 2891 quid·
1332 2810 1403 2873 ani-

275 2937 349 2982 mus
374 2918 437 2981 sit?
471 2917 527 2980 ubi
551 2917 616 2980 sit?
651 2915 787 2996 denique
818 2916 901 2980 sitne
926 2935 983 2993 an,
1013 2919 1051 2980 ut
1073 2917 1268 2982 Dicaearcho
1292 2917 1403 2983 visum

278 3026 335 3100 cst,
359 3041 399 3087 ne
424 3023 467 3086 sit
490 3022 619 3103 quidem
642 3023 754 3086 ullus?
802 3021 837 3086 si
860 3024 919 3098 est,
941 3026 1048 3086 tresue
1071 3025 1179 3104 partes
1203 3024 1337 3100 habeat,
1360 3026 1404 3086 ut

276 3129 404 3194 Platoni
427 3129 558 3217 placuit,
587 3129 730 3206 rationia
753 3129 828 3205 irae,
852 3129 1046 3210 cupiditatis,
1077 3147 1117 3194 an
1142 3130 1277 3212 simplex
1299 3149 1401 3194 unus-

278 3255 338 3318 que
364 3236 429 3300 sit?
477 3235 511 3298 Si
535 3235 677 3318 simplex,
708 3237 818 3299 utrum
842 3235 885 3298 sit
907 3235 990 3316 ignis
1015 3253 1056 3298 an
1080 3236 1186 3299 anima
1209 3254 1249 3298 an
1265 3237 1403 3317 sanguis

277 3359 334 3417 an,
357 3344 395 3406 ut
417 3341 628 3418 Xenocrates,
659 3360 816 3405 numerus
836 3343 925 3406 nullo
950 3344 1102 3424 corpore?
1132 3341 1231 3424 (quod
1254 3343 1401 3424 intellegi

278 3450 371 3530 quale
403 3449 446 3512 sit
467 3449 519 3512 vix
533 3449 662 3530 potest)
691 3450 724 3512 et
747 3447 903 3530 quidquid
935 3450 984 3512 est
1006 3448 1140 3512 mortale
1165 3448 1208 3510 sit
1231 3467 1272 3512 an
1297 3451 1402 3512 aeter·

276 3558 377 3620 num?
410 3573 486 3618 nam
516 3557 687 3635 utramque
717 3555 750 3617 in
781 3559 910 3637 partem
940 3555 1044 3618 multa
1068 3554 1226 3620 dicuntur.
1272 3555 1400 3619 Horum

277 3660 398 3742 aliquid
434 3663 559 3724 vestro³
594 3661 729 3744 sapienti
764 3663 891 3725 certum
926 3659 1071 3724 videtur:
1111 3663 1284 3724 nostrone
1321 3659 1400 3742 quid

276 3767 413 3832 maxime
438 3766 567 3847 quidem
589 3767 752 3849 probabile
776 3767 819 3831 sit
834 3767 989 3838 occurrit;
1012 3767 1059 3830 ita
1082 3769 1159 3830 sunt
1181 3767 1215 3830 iu
1236 3767 1401 3849 plerisque

278 3874 509 3938 contrariarum
532 3873 692 3938 rationum
715 3873 805 3954 paria
827 3875 1000 3938 momenta.
1029 3909 1071 3920 -·
1103 3879 1175 3938 127.
1199 3873 1267 3938 Nec
1288 3876 1400 3938 tamen

276 3981 356 4046 istas
374 3979 575 4060 quaestiones
598 3979 803 4061 physicorum
827 3971 1083 4043 exterminandas
1106 3981 1193 4062 puto.
1238 3979 1299 4042 lest
1314 3979 1399 4044 enim

279 4087 458 4150 animorum
481 4085 745 4166 ingeniorumque
768 4086 915 4148 naturale
941 4085 1100 4166 quoddam
1125 4087 1217 4168 quasi
1243 4087 1399 4169 pabulum

279 4192 486 4256 consideratio
511 4191 799 4274 contemplatioque
823 4193 974 4266 naturue3
998 4192 1160 4274 erigimur,
1184 4192 1314 4256 altiores
1329 4191 1398 4256 fieri

278 4297 438 4375 ridemur,
482 4299 624 4362 humana
652 4278 844 4381 despicimus
875 4299 1115 4380 cogitantesque
1145 4317 1263 4382 supera
1300 4301 1399 4379 atque

278 4403 429 4468 caelestia
458 4404 538 4469 hacc
572 4407 682 4468 nostra
712 4407 749 4469 ut
778 4406 891 4487 exigua
925 4407 958 4469 et
986 4405 1121 4469 minima
1154 4405 1398 4470 contemnimus.
