3156 4988
280 325 333 386 302
754 328 920 384 Aristoteles,

174 510 252 543 nomen
281 489 345 543 οὐδὲ
364 492 514 561 ἀπόφασις.
551 488 635 544 Ib.·2.
656 489 709 543 10Ι
727 491 761 544 19
780 493 897 562 ὄνομα
920 491 974 561 μέν
992 487 1042 542 οὖν
1066 491 1125 544 ἐστι
1149 492 1226 560 φωνὴ
1245 491 1400 558 σημαντικὴ

280 581 350 630 κατὰ
369 579 508 645 συνθήκην
527 582 593 632 άνευ
609 579 722 650 χρόνον,
747 573 778 645 ἧς
804 578 893 650 μηδὲν
920 582 1004 650 μέρος
1022 579 1081 632 ἐστὶ
1100 581 1269 650 σημαντικὸν
1286 597 1399 651 κεχωρι-

164 681 252 722 verbum
281 671 394 739 σμένον·
422 695 456 706 ···
483 669 573 741 ῥῆμα
600 667 636 721 δέ
651 669 710 722 ἐστι
729 670 760 720 τὸ
785 673 998 740 προσσημαῖνον
1013 669 1133 740 χρόνον,
1162 659 1196 720 οὑ
1211 669 1297 740 μέρος
1315 665 1399 718 οὐδέν

280 761 408 828 σημαίνει
423 761 515 830 χωρίς,
535 759 582 809 καὶ
600 756 676 810 ἔστιν
694 757 737 809 άελ
755 767 810 808 τῶν
827 753 895 809 καθ’
912 756 1006 830 ἑτέρου
1024 758 1179 828 λεγομένων
1198 760 1320 825 σημεῖον.
1357 751 1398 805 De

278 843 371 896 oeteris
390 843 516 898 orationis
529 843 651 913 partibus
665 843 732 898 dixit
745 843 817 898 Poet.
828 844 871 898 20.
882 843 1025 899 1456120.
1050 843 1088 898 Of.
1099 843 1215 910 Classen,
1234 842 1266 896 de
1281 840 1397 896 Gramm.

279 929 323 984 Gr.
343 932 419 1002 prim.
439 950 464 1002 p.
485 933 519 986 59
530 949 569 1002 sq.
597 931 751 998 Schssmann,
771 933 797 988 δ.
812 930 901 986 Lehre
920 949 943 986 ν.
960 933 985 986 δ.
1005 928 1195 999 Βιδιίλειλικ,
1212 931 1299 984 ΒετοΙ.
1320 929 1397 984 1862.

349 1069 376 1110 υ.
402 1055 501 1109 Rerum
520 1057 670 1110 substantia
683 1057 787 1110 iudiciis
801 1057 900 1110 nostris
918 1073 970 1111 non
984 1055 1106 1123 afficitur,
1125 1055 1171 1110 sod
1184 1055 1282 1109 veritas
1296 1056 1398 1108 nostro·

276 1161 335 1197 rum
354 1144 508 1199 iudiciorum
526 1145 642 1200 cernitur
659 1145 688 1199 in
705 1162 743 1212 εο,
762 1148 795 1198 ut
812 1146 937 1214 eogitatio
955 1146 1040 1216 ipsam
1053 1147 1148 1215 aequet
1161 1147 1284 1198 naturam
1301 1159 1396 1209 rerum,

276 1232 340 1286 Met.
364 1232 403 1285 IX
423 1235 465 1288 10.
486 1232 575 1288 105112
595 1235 610 1287 1
630 1237 662 1287 τὸ
679 1237 833 1308 κυριώτατα
858 1238 889 1288 ὂν
913 1235 1012 1302 ἀληθὲς
1036 1237 1052 1300 ἢ
1076 1234 1180 1302 ψεῦδος
1207 1262 1241 1272 -
1268 1234 1317 1286 ίπὶ
1344 1243 1398 1286 τῶν

278 1325 452 1396 πραγμάτων
475 1325 535 1376 ἐστὶ
560 1327 597 1392 τῷ
617 1330 782 1394 συγκεῖσθαι
801 1327 817 1390 ἢ
836 1324 994 1396 διῃρῆσθαι,
1020 1322 1090 1378 ὥστε
1113 1325 1241 1390 ἀληθεύει
1258 1323 1313 1392 μέν
1331 1325 1346 1374 ὁ
1366 1324 1398 1374 τὸ

278 1410 444 1483 διῃρημένον
471 1414 597 1484 οἰόμενος
625 1413 776 1486 διηρῆσθαι
798 1416 845 1465 καὶ
870 1414 902 1466 τδ
921 1418 1103 1484 συγκείμενον
1122 1416 1295 1481 συγκεῖσθαι,
1315 1411 1397 1477 ἔψευ-

277 1515 342 1552 στυι
369 1499 401 1552 δέ
429 1502 444 1552 δ
472 1501 600 1561 ἐναντίως
628 1502 699 1572 έχων
724 1505 739 1566 ἢ
765 1503 798 1555 τά
824 1504 985 1574 πράγματα.
1013 1535 1049 1544 -
1077 1502 1110 1554 οδ
1129 1502 1183 1572 γάρ
1207 1500 1256 1554 διὰ
1275 1501 1307 1552 τὸ
1324 1501 1397 1572 ἡμᾶς

278 1591 389 1640 οἴεσθαι
422 1590 529 1654 άληθῶς
561 1606 592 1643 σε
623 1592 718 1643 λευκὸν
749 1589 820 1643 εἶναι
857 1590 883 1643 εί
917 1591 953 1643 σὺ
984 1591 1090 1653 λευκός,
1128 1590 1196 1642 ἀλλὰ
1224 1589 1272 1641 διά
1300 1591 1332 1641 τδ
1366 1588 1398 1642 σέ

278 1675 348 1728 εἶναι
372 1678 467 1730 λευκδν
493 1680 572 1749 ἡμεῖς
599 1680 627 1731 οἱ
651 1681 752 1748 φάντες
780 1688 863 1732 τοῦτο
890 1680 1069 1750 ἀληθεύομεν.
1106 1676 1145 1731 Cf.
1173 1676 1205 1730 de
1228 1676 1343 1746 Interpr.
1371 1677 1396 1730 9.

278 1762 393 1819 18137.

122 1983 248 2067 ‘propositio
342 1979 471 2061 Analyt.
494 1998 540 2061 pr.
563 1978 580 2042 I
605 1987 632 2043 1.
658 1985 720 2043 24·
738 1988 788 2046 16.
819 1977 1034 2066 Πρότασις
1055 1977 1115 2062 μέν
1138 1973 1192 2044 οὑν
1214 1973 1285 2044 ἐστι
1300 1977 1478 2062 λόχοςαοεκ

275 2085 504 2174 καταφατικδς
533 2083 786 2173 ἢάποφατικός
815 2109 903 2164 τινος
930 2085 1017 2152 κατά
1040 2096 1154 2164 τινος1.
1200 2079 1294 2162 οὗτος
1316 2081 1396 2170 δέῆ

275 2191 423 2258 καθόλου
446 2191 467 2280 ἢ
490 2189 523 2256 έν
552 2189 644 2278 μέρει
673 2190 867 2277 άδιόριστος.
914 2190 997 2277 λέχω
1027 2189 1064 2257 δέ
1096 2190 1244 2258 καθόλου
1274 2187 1335 2273 μέν
1357 2189 1395 2254 τδ

275 2296 378 2362 παντὶ
405 2298 426 2386 ἢ
454 2295 567 2385 μηδενὶ
589 2297 760 2385 ὑπάρχειν,
791 2296 825 2362 έν
846 2295 938 2384 μέρει
968 2296 1004 2364 δέ
1026 2299 1066 2364 τὸ
1089 2295 1154 2363 τινὶ
1176 2298 1197 2386 ἢ
1218 2298 1263 2385 μὴ
1286 2293 1352 2361 τινὶ
1375 2295 1395 2383 ἢ

274 2405 319 2492 μὴ
343 2401 446 2468 παντὶ
468 2402 632 2490 ὑπάρχειν,
656 2403 842 2491 άδιόριστον
871 2403 967 2470 δὲτὸ
991 2404 1145 2491 ὑπάρχειν
1176 2403 1262 2492 ἢμὴ
1285 2400 1394 2489 ὑπάρ-

273 2533 340 2592 χειν
364 2509 437 2575 άνευ
459 2519 517 2575 τοῦ
539 2509 695 2590 καθόλου,
718 2510 739 2598 ἢ
762 2512 847 2575 κατὰ
869 2509 977 2597 μέρος,
1005 2500 1073 2576 οἷον
1094 2511 1133 2576 τδ
1155 2523 1220 2574 τῶν
1242 2505 1395 2574 ἐναντίων

274 2609 440 2704 εἶναιτὴν
470 2614 568 2704 αὐτὴν
593 2614 777 2703 ἐπιστήμην
806 2617 887 2705 ij&
910 2618 968 2705 τὴν
990 2616 1103 2704 ἡδονὴν
1131 2617 1176 2704 μὴ
1205 2607 1289 2680 εἶναι
1312 2613 1394 2699 ἀχα-

274 2722 346 2788 θόν.
393 2721 544 2810 διαφέρει
567 2720 603 2787 δὲ
625 2723 644 2808 ἡ
668 2721 883 2811 ἀποδεικτικὴ
907 2721 1071 2810 πρότασις
1099 2735 1156 2811 τῆς
1179 2722 1393 2808 διαλεκτικῆς,

274 2828 326 2892 δτι
350 2829 368 2915 η
391 2826 451 2911 μέν
480 2827 763 2916 ἀποδεικτικὴ
793 2828 896 2916 λῆψις
918 2827 1062 2916 θατέρου
1085 2826 1199 2917 μορίου
1222 2841 1280 2916 της
1303 2827 1393 2893 άντι-

273 2933 405 3020 φάσεάις
428 2932 517 2998 ἐστιν
540 2932 589 3018 (οὐ
612 2935 673 3021 χδρ
690 2932 806 3022 ἐρωτᾷ,
829 2929 924 3000 άλλά
938 2935 1097 3020 λαμβάνει
1113 2936 1131 3001 ὑ
1149 2933 1392 3018 ἀποδεικνύων),

273 3037 353 3124 ἡδὲ
376 3037 621 3128 διαλεκτικὴ
652 3035 808 3128 ἐρώτησις
836 3040 1041 3130 ἀντιφάσεώς
1070 3041 1185 3108 έστινθ.
1236 3039 1328 3107 οὐδέν
1356 3037 1393 3105 δέ

273 3140 390 3210 διοίσει
420 3147 505 3232 πρὸς
534 3147 573 3211 τὸ
603 3145 758 3231 γενέσθαι
786 3148 843 3213 τὸν
872 3143 1025 3236 ἑκατέρου
1056 3147 1284 3234 συλλογισμόν·
1335 3144 1393 3212 καὶ

273 3251 333 3337 χδρ
363 3251 381 3316 ὑ
410 3251 632 3318 ἀποδεικνύων
665 3253 722 3319 καὶ
751 3253 769 3318 δ
797 3252 926 3341 ἐρωτῶν
960 3252 1183 3340 συλλοχίζεται
1216 3253 1326 3337 λαβών
1359 3277 1393 3318 τι

272 3357 358 3423 κατά
380 3382 468 3436 τινος
491 3359 648 3446 ὑπάρχειν
676 3360 696 3449 ἢ
725 3362 770 3448 μὴ
793 3359 976 3448 ὑπάρχεινθ.
1022 3363 1104 3426 ὥστε
1128 3356 1222 3426 ἔσται
1245 3359 1391 3425 συλλο-

273 3466 442 3553 χιστικὴ
464 3463 524 3548 μέν
547 3465 710 3553 πρότασις
726 3467 842 3544 ἁπλῶς
865 3467 1054 3555 κατάφασις
1076 3463 1283 3556 ἣάπόφασίς
1305 3489 1392 3543 τινος

273 3571 360 3635 κατά
383 3595 471 3649 τινος
493 3574 549 3638 τδν
572 3569 737 3661 εἰρημένον
758 3573 896 3660 τρόπον,
921 3573 1134 3662 ἀποδεικτικὴ
1158 3571 1209 3654 δέ,
1234 3571 1289 3638 ἐὰν
1312 3572 1391 3661 άλη-

271 3679 337 3765 θὴς
358 3663 380 3764 ᾗ
403 3677 462 3744 καὶ
486 3679 542 3743 διὰ
564 3691 629 3743 τῶν
651 3677 686 3758 ἐξ
710 3678 806 3768 ἀρχῆς
829 3678 1020 3747 ὑποθέσεων
1042 3677 1226 3768 εἰλημμένη,
1261 3680 1391 3745 διαλεκ·

272 3785 346 3871 τικὴ
371 3783 408 3850 δέ
431 3784 667 3872 πυνθανομένῳ
689 3785 749 3869 μέν
772 3785 928 3875 ἐρώτησις
950 3786 1167 3876 ἀντιφάσεως,
1202 3784 1356 3870 συλλοχιζ
1374 3823 1391 3834 -

270 3888 355 3978 μένῳ
391 3890 427 3956 δέ
462 3891 565 3979 λῆψις
598 3901 656 3956 τοῦ
682 3890 878 3980 φαινομένου
907 3891 965 3959 καὶ
994 3893 1136 3974 ἐνδόξου,
1171 3891 1329 3978 καθάπερ
1359 3888 1391 3956 έν

270 4000 340 4074 τοῖς
367 4000 527 4075 Τοπικοῖς
549 3991 704 4085 ε’ίρηταιᾱ.

98 4227 229 4279 principium
337 4211 414 4276 Μελ.
437 4210 484 4274 IV
516 4220 545 4276 3.
577 4210 682 4276 1005¹³
708 4221 758 4278 19.
808 4212 853 4277 Τὸ
876 4209 956 4276 αύτδ
985 4213 1055 4294 δίμα
1084 4209 1239 4299 ὑπάρχειν
1268 4234 1304 4276 τε
1333 4206 1440 4276 κολεοῦ
1456 4225 1476 4266 B

74 4281 255 4322 ⁸⁰¹¹m⁶¹⁰t¹⁰⁰¹⁵
269 4317 314 4402 μὴ
338 4315 492 4403 ὑπάρχειν
514 4316 671 4384 άδόνατον
694 4316 741 4403 τῷ
765 4315 934 4403 αὐτῷκαὶ
957 4319 1042 4382 κατὰ
1065 4319 1102 4382 τὸ
1126 4315 1225 4384 αὐτό·
1243 4355 1284 4365 ·-
1308 4317 1388 4404 0010

271 4422 310 4508 δὴ
345 4435 462 4486 πασῶν
491 4419 561 4488 ἔστι
591 4423 791 4511 βεβαιοτάτη
820 4436 885 4488 τῶν
914 4423 1033 4511 α’ρχῶν·
1069 4460 1112 4474 -
1147 4423 1305 4490 ἀδύνατον
1328 4423 1394 4509 γάρ’
