3130 4980
662 359 765 412 Ethiee.
1222 353 1277 417 279

153 517 237 604 μέγα
260 518 393 606 βλάψαι
418 519 533 600 πόλιν,
583 517 628 585 On
651 518 748 599 πάνυ,
772 514 844 606 ἔφη.
889 507 983 583 Ἀλλ’
1002 517 1081 583 ὅταν
1104 543 1147 604 γε,
1172 511 1275 602 οἶμαι,

154 627 347 714 δημιουργὸς
371 627 415 690 av
438 624 457 712 ἥ
480 650 530 702 τις
553 625 652 702 ἄλλος
665 626 886 712 χρηματιστὴς
905 625 1010 712 φύσει,
1034 620 1151 690 ἔπειτα
1174 625 1275 692 ἐπαι-

155 733 285 820 ρόμενος
308 733 327 820 ἢ
350 731 483 816 πλούτῳ
512 732 532 819 ἢ
555 731 680 818 πλήθει
702 732 723 819 ἢ
746 727 834 811 ἰσχύϊ
853 732 873 818 ἢ
896 729 984 816 άλλη)
1007 756 1053 816 τφ
1077 731 1213 818 τοιούτῳ
1230 729 1276 810 εἷς

154 839 192 904 τὸ
215 849 273 904 τοῦ
296 838 476 920 πολεμικοῦ
498 829 584 914 εἶδος
607 833 758 926 ἐπιχειρῇ
781 833 874 918 ἰέναι,
898 837 919 924 ἢ
941 850 1006 901 τῶν
1021 838 1209 920 πολεμικῶν
1223 863 1275 915 τις

154 942 201 1022 εἷς
234 946 273 1009 τὸ
305 954 364 1009 τοῦ
392 944 601 1026 βουλευτικοῦ
627 941 685 1008 καί
715 943 862 1031 φύλακος
889 942 1020 1022 ἀνάξιος
1050 942 1109 1024 ών,
1145 943 1203 1010 καὶ
1232 946 1275 1009 τὰ

154 1050 300 1138 ἀλλήλων
324 1044 414 1114 οὗτοι
430 1045 550 1134 ὄργανα
565 1049 841 1133 μεταλαμβάνωσι
863 1047 922 1114 καί
944 1051 1003 1128 τὰς
1026 1050 1132 1133 τιμάς,
1156 1051 1176 1138 ἢ
1197 1051 1275 1118 ὅταν

154 1157 172 1222 δ
196 1155 293 1234 αύτδς
315 1155 426 1220 πάντα
449 1166 553 1220 ταῦτα
578 1158 646 1238 άμα
663 1155 812 1243 ἐπιχειρῇ
828 1155 995 1242 πράττειν,
1019 1155 1092 1222 τότε
1107 1149 1275 1240 οἶμαικαὶ
1305 1153 1308 1158 ’

154 1261 207 1328 σοί
231 1263 337 1328 δοκεῖν
366 1262 487 1350 ταύτην
514 1264 571 1350 τὴν
601 1263 724 1328 τούτων
745 1263 929 1350 μεταβολὴν
952 1261 1011 1327 καί
1034 1263 1274 1351 πολυπραγμο-

153 1369 248 1456 σύνην
271 1365 407 1456 ὄλεθρον
429 1361 513 1434 εἶναι
528 1367 571 1458 τῇ
587 1368 692 1434 πόλει.
725 1368 929 1433 Παντάπασι
951 1367 1011 1451 μὲν
1033 1365 1096 1434 οὖν.
1118 1359 1166 1434 Ἡ
1175 1383 1274 1458 τριῶν

153 1474 218 1561 άρα
241 1471 341 1539 ὄντων
363 1487 459 1559 γενῶν
482 1475 781 1561 πολυπραγμοσύνη
811 1473 870 1539 καὶ
892 1475 1057 1562 μεταβολὴ
1079 1471 1126 1554 εἰς
1148 1475 1274 1565 δίλληλα

152 1580 288 1668 μεγίστη
312 1605 347 1646 τε
368 1581 475 1669 βλάβη
498 1580 540 1670 τῇ
563 1581 659 1647 πόλει
682 1579 739 1646 καί
756 1571 917 1667 ὀρθότατ’
937 1582 975 1645 δν
998 1584 1273 1670 προσαγορεύοιτο

151 1687 297 1769 μάλιστα
327 1685 515 1773 κακουργία.
562 1687 696 1776 Κομιδῇ
724 1686 784 1770 μὲν
817 1683 879 1752 οὖν.
926 1685 1137 1775 Κακουργίαν
1159 1688 1196 1755 δὲ
1218 1692 1275 1778 τὴν

151 1791 304 1882 μεγίστην
326 1807 384 1882 τῆς
408 1790 525 1860 ἑαυτοῦ
547 1793 674 1872 πόλεως
697 1792 754 1858 οὐκ
777 1791 908 1860 άδικίαν
924 1795 1039 1882 φήσεις
1061 1787 1161 1876 εἶναι,
1191 1801 1273 1875 Πῶς
1300 1801 1436 1846 0i01ffi¹¹¹¹¹¹¹

153 1889 185 1964 δ’
203 1898 258 1981 ού,
300 1907 402 1966 Τοῦτο
423 1899 483 1983 μὲν
506 1899 570 1987 δίρα
594 1897 716 1966 άδικία.
747 1899 850 1964 πάλιν
874 1898 910 1964 δὲ
933 1895 995 1966 ὧδε
1018 1899 1173 1985 λέγωμεν·
1194 1929 1274 1992 χρη-

151 2018 362 2089 ματιστικοῦ,
398 2005 609 2093 ἐπικουρικοῦ
614 2058 622 2087 ,
660 2007 842 2094 φυλακικοῦ
886 2005 994 2092 γένους
1033 2003 1272 2096 οἰκειοπραγία,

153 2109 291 2178 ἑκάστου
314 2114 435 2178 τούτων
463 2115 501 2180 τὸ
525 2111 643 2180 ἑαυτοῦ
665 2113 869 2200 πράττοντος
892 2113 925 2180 ἐν
948 2114 1060 2195 πόλει,
1088 2113 1273 2181 τούναντίον

152 2216 274 2284 ἐκείνου
298 2221 485 2307 δικαιοσύνη
501 2210 536 2284 τ’
555 2221 594 2284 δν
608 2216 658 2307 εἴη
682 2219 740 2286 καί
762 2222 819 2308 τὴν
842 2220 942 2286 πάλιν
964 2219 1096 2286 δικαίαν
1118 2219 1272 2308 παρέχοι,

157 2323 224 2391 Οὐκ
247 2324 329 2414 άλλη
353 2322 462 2410 ἔμοιγε
484 2326 581 2404 δοκεῖ,
606 2323 625 2413 ἦ
648 2315 683 2390 δ’
702 2326 745 2406 ῦς,
770 2321 850 2407 ἓγειν
873 2327 893 2414 ἢ
915 2327 1016 2414 ταύτῃ
1024 2328 1047 2391 ¹³.

224 2499 253 2540 a.
277 2485 309 2538 In
334 2485 405 2538 iusta
429 2486 536 2538 ciuitate
560 2502 635 2538 neme
660 2485 712 2538 nisi
734 2483 905 2555 philosophus
932 2485 1041 2539 reetoris
1065 2503 1172 2540 munere
1198 2489 1273 2557 fungi
1299 2481 1428 2533 philesophi

151 2576 248 2642 potest,
268 2591 291 2627 v.
310 2573 375 2643 nep.
394 2573 418 2625 v
436 2574 489 2626 με
501 2571 529 2628 e.
564 2570 629 2627 ἐει
646 2576 693 2646 μή,
714 2573 746 2640 a
765 2571 794 2627 ε’
812 2575 872 2643 eyn,
892 2578 908 2640 n
930 2578 958 2627 οι
976 2577 1128 2646 φιλόσοφοι
1145 2580 1273 2644 μακε.
1314 2537 1409 2577 ¹⁰⁰²⁰¹⁰⁸

151 2679 239 2716 σωσιν
257 2664 287 2715 ἐν
305 2669 366 2722 ταῖς
384 2665 498 2716 πόλεσιν
516 2666 532 2728 ἢ
552 2665 579 2714 οἱ
596 2665 718 2729 βασιλεῖς
737 2681 765 2715 τε
783 2673 833 2714 νῦν
851 2664 995 2734 λεγόμενοι
1008 2667 1054 2716 καὶ
1069 2663 1207 2718 δυνάσται
1226 2686 1273 2735 φι-

150 2753 331 2820 λοσοφήσωσι
360 2757 478 2820 γνησίως
506 2769 534 2804 τε
561 2755 608 2803 καὶ
636 2753 734 2810 ἱκανῶς
761 2754 807 2804 καὶ
835 2761 916 2804 τοῦτο
944 2756 982 2811 εἰς
1010 2753 1111 2804 ταύτδν
1138 2756 1272 2826 ξυμπέση,

150 2839 273 2910 δύναμίς
291 2859 319 2892 τε
339 2841 464 2905 πολιτικὴ
481 2843 528 2892 καί
548 2842 711 2908 φιλοσοφία,
732 2849 785 2891 τῶν
805 2839 837 2892 δὲ
856 2849 905 2891 νῦν
920 2844 1114 2914 πορευομένων
1128 2845 1214 2914 χωρὶς
1227 2838 1269 2912 ἐφ’

149 2928 278 2998 ἑκάτερον
297 2931 328 2980 αἱ
346 2931 446 2980 πολλαὶ
466 2930 565 2998 φύσεις
588 2929 617 2988 ἐξ
637 2929 756 2996 ἀνάγκης
779 2929 1015 2994 ἀποκλεισθῶσιν,
1042 2930 1090 2980 οὐκ
1108 2929 1167 2982 ἔστι
1185 2941 1274 2982 κακῶν

149 3019 253 3080 παῦλα,
282 3016 302 3068 ὦ
329 3020 390 3087 φίλε
418 3019 553 3080 Ιλαύνιιυν,
583 3023 643 3076 ταῖς
671 3017 775 3080 πόλεσι,
806 3016 879 3070 δοκῶ
906 3012 937 3068 δ’
956 3017 1021 3070 οὐδὲ
1046 3020 1083 3086 τῷ
1107 3018 1273 3091 ἀνθρωπίνῳ

148 3109 230 3174 γένει,
251 3105 317 3158 οὐδὲ
336 3106 403 3172 αὕτη
421 3107 437 3171 ἡ
456 3109 582 3158 πολιτεία
600 3107 639 3176 μή
659 3106 879 3176 ποτεπρύτερον
898 3108 954 3176 φυῇ
980 3123 1008 3157 τε
1034 3109 1071 3164 είς
1095 3107 1126 3158 τὸ
1151 3106 1273 3159 δυνατὸν

148 3197 195 3246 καὶ
221 3203 279 3263 φῶς
303 3195 381 3258 ἡλίου
400 3193 459 3265 ἴδη,
480 3194 513 3260 ἢν
537 3203 587 3244 νῦν
605 3195 677 3262 λόγῳ
701 3193 909 3264 διεληλύθαμεν.
946 3191 1035 3245 Etiam
1053 3193 1123 3246 inter
1141 3194 1273 3263 sapientes

148 3297 259 3338 munera
284 3279 480 3334 distribuuntur
505 3283 585 3350 atque
611 3281 651 3333 ita
676 3283 708 3333 ut
731 3283 818 3333 aetate
846 3280 998 3348 grandiores
1032 3284 1060 3334 et
1083 3281 1176 3350 optimi
1202 3283 1273 3351 prin·

148 3369 233 3438 eipem
258 3369 344 3422 lenum
370 3371 486 3422 teneant.
524 3368 642 3422 Servitus
667 3364 769 3421 civitati
794 3369 954 3435 vindicatur,
980 3385 1034 3422 non
1053 3385 1084 3422 ea
1108 3386 1160 3439 qua
1178 3369 1271 3423 Graeci
1298 3368 1356 3409 servi

148 3456 257 3512 Graecis
283 3457 399 3510 serviant
422 3457 498 3526 (Rep.
517 3456 541 3508 V
558 3458 611 3510 469
622 3456 666 3522 C),
695 3457 741 3510 aed
766 3473 817 3526 qua
841 3456 948 3511 Graecis
971 3458 1077 3510 barbari
1099 3461 1131 3510 ut
1154 3458 1273 3512 homines

146 3546 253 3614 iugenio
277 3545 413 3598 inferiores
433 3545 522 3605 (Polit.
541 3545 645 3610 309Α).
688 3545 847 3604 Nominatus
875 3545 966 3598 eiv1taa
993 3545 1041 3598 illa
1068 3562 1084 3598 a
1110 3545 1272 3616 philosophis

147 3635 264 3702 regenda
283 3637 478 3708 ἀριστοκρατία
497 3633 571 3702 (Rep.
591 3631 656 3685 VIII
673 3632 777 3700 544Ἐ),
797 3650 856 3686 cum
874 3634 981 3702 genuini
998 3633 1147 3704 philosophi
1166 3635 1221 3688 sint
1246 3639 1273 3688 οἱ

148 3729 259 3796 ἄριστοι
278 3723 323 3788 (ib.
342 3721 385 3774 111
403 3723 455 3774 412
466 3721 494 3788 C,
512 3721 577 3774 vm
597 3721 650 3775 543
660 3719 708 3788 Α),
733 3738 843 3790 quorum
861 3725 951 3774 utrum
969 3722 1057 3791 plures
1077 3723 1132 3776 sint
1150 3726 1271 3792 regentes

147 3829 182 3865 an
200 3827 271 3864 nnus
288 3811 341 3864 fere
360 3810 447 3864 eedem
466 3810 553 3894 venire
572 3810 717 3864 statuebat.

159 3987 162 3992 ,
218 3933 250 3990 λ).
270 3933 312 3987 ΑΙ)
330 3935 463 3988 iniustitia
482 3937 510 3988 et
523 3935 722 4004 perturbatione
740 3921 868 3988 ordinum'
878 3936 990 3988 maxime
1009 3951 1097 3988 eorum
1116 3935 1161 4005 qui
1174 3939 1271 4003 regunt

146 4025 307 4094 repetuntur
325 4023 461 4076 civitatum
479 4023 693 4076 labefactationes
712 4026 740 4076 et
758 4024 855 4088 ruinae,
876 4024 945 4094 qued
964 4023 1118 4093 explicatius
1143 4025 1270 4093 probatur

145 4113 212 4182 Rep.
231 4111 311 4177 VIII,
337 4111 449 4179 singulis
474 4111 511 4164 rei
536 4111 655 4184 publicae
674 4112 744 4181 apud
764 4109 875 4166 Graecos
899 4111 990 4165 formis
1009 4111 1042 4164 ad
1060 4111 1134 4164 illem
1151 4129 1270 4166 normam

145 4199 295 4267 castigatis.
324 4199 474 4267 Tyrannum
492 4199 557 4252 dicit
575 4216 632 4252 esee
651 4199 735 4252 virum
752 4200 881 4254 iniustum
900 4203 929 4253 et
947 4200 1062 4253 omnium
1080 4200 1268 4254 miserrimum:
1296 4199 1402 4250 tyrannus
1453 4228 1456 4234 -

144 4289 211 4358 Rep.
221 4287 261 4340 IX
271 4287 356 4341 58οΒ
375 4289 402 4354 (ὁ
419 4289 511 4358 λόγος)
529 4291 578 4341 τδν
592 4291 706 4360 άριστόν
720 4307 748 4342 τε
765 4292 812 4342 καὶ
826 4289 1004 4342 δικαιότατον
1017 4288 1270 4361 εὐδαιμονέστατον

145 4375 240 4450 ἔκρινε,
261 4386 359 4429 τοῦτον
377 4377 396 4430 δ
403 4373 411 4392 ²
424 4377 494 4430 εἶναι
508 4378 557 4429 τὸν
569 4379 785 4444 βασιλικώτατον
798 4381 844 4430 καὶ
861 4371 1042 4444 βασιλεύοντα
1063 4378 1155 4442 αὑτοῦ,
1175 4380 1223 4430 τὸν
1237 4379 1269 4432 δὲ

144 4465 279 4520 κάκιστόν
297 4483 325 4517 τε
343 4469 389 4517 καὶ
409 4465 580 4519 ἀδικώτατον
599 4466 783 4531 ἀθλιώτατον,
809 4474 907 4518 τοῦτον
926 4465 957 4519 δὲ
978 4461 1012 4516 αὖ
1031 4467 1178 4535 τυγχάνειν
1202 4469 1269 4518 ὄντα

998 4553 1053 4606 19*
