3146 4982
315 347 369 407 498
769 352 844 405 Philo
862 352 980 405 Iudaeos.

316 516 451 588 sapone,
480 511 725 584 δορυφορούμενος
755 509 804 564 οὖν
827 515 947 583 ὁμέσος
979 508 1028 582 ὑφ’
1051 512 1179 582 ἑκατέρας
1206 522 1261 564 τῶν
1289 512 1436 583 δυνάμεων

317 604 430 672 παρέχει
455 603 487 676 τῇ
513 603 623 672 δρατικῇ
649 600 761 670 διανοίᾳ
787 602 847 654 τοτὲ
871 603 925 673 μέν
949 602 1009 662 ἑνὸς
1027 603 1088 654 τοτὲ
1115 601 1147 654 δὲ
1166 611 1249 672 τριῶν
1268 606 1435 672 φαντασίαν.

316 687 389 740 Adde
408 687 469 756 Leg.
488 687 573 756 Alleg.
593 687 634 740 III
653 689 687 742 23
711 706 737 758 p.
758 690 822 754 101;
852 688 900 754 Qu.
920 689 992 742 Deus
1010 689 1117 742 lmmut.
1136 687 1171 742 24
1195 705 1220 758 p.
1241 688 1308 755 289;
1337 688 1434 742 Mutat.

316 775 391 831 Nom.
411 778 428 830 3
448 794 473 846 p.
492 777 553 843 581,
574 777 607 830 al.
645 777 760 832 Verbum
784 777 834 831 Dei
859 781 886 844 (ὁ
904 779 996 848 λόγος)
1020 777 1096 831 modo
1121 793 1177 830 esse
1200 778 1308 846 ponitur
1333 778 1361 830 id
1386 795 1436 846 quo

316 869 428 935 utreque
446 867 566 935 potestas
585 866 627 919 ‹lei
645 869 674 919 et
691 865 796 920 creandi
815 870 843 919 et
856 865 963 936 regendi
982 867 1110 920 mundum
1128 867 1252 919 inunum
1266 867 1435 932 consocietur,

315 955 391 1009 modo
419 971 499 1025 supra
517 958 654 1024 utramque
678 957 838 1025 potestatem
856 957 968 1009 eminere
987 955 1098 1021 dicitur,
1126 959 1158 1008 ut
1177 956 1214 1009 sit
1232 956 1346 1010 medium
1363 957 1434 1009 inter

316 1059 431 1098 summes
449 1046 597 1114 potestates
614 1047 642 1096 et
660 1061 790 1098 summum
808 1045 893 1110 deum,
921 1061 945 1098 v.
964 1045 1004 1098 De
1022 1045 1127 1113 Profug.
1149 1045 1182 1099 18
1200 1061 1226 1114 p.
1245 1045 1312 1109 560;
1341 1042 1391 1108 Qu.
1409 1044 1435 1096 in

315 1133 395 1187 Exod.
414 1131 441 1186 II
460 1134 494 1186 68
513 1150 538 1202 p.
558 1131 618 1186 514.

387 1271 414 1312 e.
434 1255 552 1325 Ofileg.
576 1256 771 1324 Aueg.11161
801 1276 826 1327 p.
848 1259 898 1312 121
929 1262 944 1310 ὁ
971 1261 1052 1328 λόγος
1079 1259 1110 1312 δὲ
1138 1269 1188 1312 τοῦ
1214 1265 1284 1312 θεοῦ
1312 1260 1436 1327 ὑπεράνω
1545 1253 1546 1260 “

317 1349 420 1407 παντός
438 1347 498 1400 ἔστι
517 1356 568 1398 τοῦ
584 1348 693 1416 κόσμου
710 1350 756 1398 καὶ
775 1350 964 1420 πρεσβύτατος
982 1351 1028 1400 καὶ
1048 1349 1227 1416 γενικώτατος
1246 1357 1300 1398 τῶν
1318 1347 1372 1400 ὃσα
1392 1350 1435 1414 γε’-
1545 1411 1546 1418 ¹

317 1454 386 1504 γονε.
423 1434 463 1486 De
482 1432 586 1488 Consus.
605 1433 680 1501 Ling.
695 1433 729 1487 28
748 1451 773 1503 p.
789 1433 851 1500 427,
870 1435 916 1488 ubi
935 1435 1033 1488 (licitur
1051 1437 1132 1504 λόγος
1151 1436 1334 1508 πρωτόγονος,
1355 1439 1436 1503 ίίγγε-

317 1527 362 1584 λος
391 1525 591 1596 πρεσβύτατος,
619 1523 790 1594 ἀρχάγγελος
818 1525 1007 1596 πολυώνυμος.
1045 1523 1113 1576 Aliis
1138 1522 1201 1576 loeis
1226 1523 1324 1575 dicitur
1349 1522 1437 1592 primi·
1545 1549 1546 1554 =

316 1611 422 1678 genitus
440 1609 511 1662 fflius
536 1610 578 1662 dei
602 1609 652 1676 (De
670 1608 757 1678 Agric.
778 1611 812 1664 12
830 1628 856 1679 p.
876 1611 952 1678 308),
978 1611 1038 1664 aliis
1057 1611 1120 1664 deus
1145 1611 1274 1664 secundus
1298 1611 1400 1679 (fragm.
1422 1613 1435 1663 1
1545 1603 1546 1674 J

316 1717 358 1769 ep.
381 1699 475 1752 Euseb.
500 1699 543 1752 Pr.
569 1697 614 1752 Ev.
632 1697 684 1752 VH
704 1700 736 1754 13
761 1717 787 1769 p.
807 1699 860 1754 625
878 1699 944 1768 Mg.)
971 1701 1031 1753 eliis
1058 1701 1127 1754 idem
1154 1702 1234 1770 atque
1262 1700 1393 1770 sapientia
1415 1716 1435 1752 s.
1544 1713 1546 1772 J

317 1789 426 1842 scientie
444 1787 493 1854 dei,
518 1805 576 1840 cum
601 1805 653 1858 qna
670 1788 735 1842 deus
758 1805 943 1858 nonnunquam
967 1789 1037 1842 hunc
1055 1789 1181 1842 muudum
1199 1789 1321 1856 genuisse
1340 1788 1436 1842 dicitur

316 1877 386 1945 (Leg.
405 1877 490 1945 Alleg.
509 1876 574 1931 119
593 1894 619 1946 p.
638 1876 688 1943 56;
707 1875 746 1931 De
764 1875 864 1931 Ebriet.
883 1878 900 1931 8
919 1895 944 1948 p.
964 1878 1035 1944 361),
1055 1878 1162 1931 tametsi
1181 1878 1240 1930 eliis
1258 1878 1339 1930 huius
1357 1879 1435 1946 atque
1545 1905 1546 1942 γ

317 1967 358 2020 dei
376 1966 460 2036 patris
479 1964 549 2018 filius
569 1966 730 2035 appellatur:
750 1965 789 2019 De
807 1965 912 2034 Profug.
932 1967 967 2020 20
986 1984 1010 2036 p.
1030 1965 1084 2021 562
1108 1968 1181 2020 διότι
1200 1971 1304 2036 γονέων
1325 1969 1434 2040 ἀφθάρ-

317 2077 370 2109 των
388 2059 434 2109 καὶ
453 2058 658 2128 καθαρωτάτων
676 2056 764 2126 ἔλαχε,
791 2058 895 2128 πατρὸς
912 2057 966 2128 μὲν
984 2063 1059 2120 θεοῦ,
1080 2056 1109 2116 ὃς
1128 2059 1173 2109 καὶ
1193 2067 1247 2108 τῶν
1265 2058 1436 2128 συμπάντων
1545 2039 1546 2114 λ

316 2149 375 2200 ἐστὶ
395 2146 491 2218 πατήρ,
510 2147 612 2216 μητρὸς
631 2144 662 2197 δὲ
682 2147 791 2215 σοφίας,
817 2140 858 2197 δι’
876 2140 905 2210 ἧς
924 2147 959 2197 τά
978 2145 1028 2198 ὅλα
1047 2143 1131 2211 ἦλθεν
1155 2149 1193 2204 είς
1214 2149 1329 2214 γένεσιν.
1367 2142 1436 2196 Non·
1545 2171 1546 2220 j

316 2233 396 2287 nullis
414 2233 479 2286 loeis
498 2232 597 2285 dieitur
615 2248 671 2284 esse
689 2232 894 2285 instrumentum
915 2231 957 2286 dei
974 2233 1002 2286 in
1021 2233 1119 2286 mundo
1138 2233 1260 2286 creando:
1278 2231 1434 2300 Ieg.Alleg.
1545 2257 1546 2308 ᾗ

316 2322 408 2375 11131
428 2339 452 2390 p.
473 2323 525 2374 106
550 2323 614 2376 σκιά
638 2328 707 2375 θεοῦ
731 2321 763 2375 δὲ
783 2325 798 2374 ὁ
817 2324 897 2392 λόγος
923 2323 1010 2375 αὐτοῦ
1033 2324 1116 2400 ἷστιμ,
1143 2309 1311 2391 ᾧκαθάπερ
1330 2324 1436 2394 ὀργάνῳ

318 2413 564 2482 προσχρησάμενος
588 2411 779 2482 ἒκοσμοποίει,
808 2410 840 2464 cf.
860 2410 891 2463 de
910 2410 1022 2464 Cherub.
1041 2411 1077 2464 35
1095 2428 1119 2480 p.
1139 2411 1205 2477 162,
1234 2410 1293 2463 aliis
1319 2425 1435 2464 summus

317 2499 432 2568 pontifex
450 2499 611 2571 (ἀρχιερεὺς)
638 2501 719 2568 atque
742 2499 884 2551 advocatus
909 2499 1117 2572 (παράκλητος),
1145 2497 1190 2568 qui
1215 2499 1285 2551 inter
1309 2499 1386 2551 deum
1409 2501 1435 2550 et

316 2588 442 2640 mundum
467 2590 593 2657 tanquam
611 2587 768 2640 intercessor
787 2588 950 2640 constitutus
969 2587 1018 2654 eit,
1046 2587 1182 2640 hominum
1199 2604 1289 2656 preces
1308 2587 1342 2640 ad
1361 2587 1434 2640 deum

316 2677 447 2746 perferens
472 2677 500 2729 et
524 2675 565 2728 dei
590 2676 704 2742 gratiam
728 2675 878 2729 hominibus
904 2677 1058 2729 concilians:
1082 2675 1122 2729 De
1142 2673 1249 2744 Gigant.
1269 2677 1302 2728 11
1323 2693 1348 2745 p.
1369 2675 1433 2739 2693

316 2765 380 2818 Vita
397 2765 463 2818 Mos.
484 2765 518 2818 14
542 2781 568 2834 p.
588 2763 654 2829 155;
680 2763 719 2817 De
737 2765 843 2832 Profug.
863 2765 898 2818 20
923 2783 949 2834 p.
968 2765 1029 2819 562.
1066 2765 1185 2834 Denique
1208 2765 1267 2818 eliis
1291 2764 1362 2817 huno
1380 2780 1435 2816 esse

317 2853 430 2906 affirmat
449 2853 494 2923 qui
513 2852 669 2921 sapientium
689 2853 787 2905 enimes
806 2853 916 2906 scientio
934 2853 1049 2906 imbuet:
1067 2851 1327 2921 Leg.Alleg.11161
1348 2869 1374 2922 p.
1386 2853 1433 2906 122

318 2947 445 3016 τρέφεται
464 2942 496 2995 δὲ
514 2952 569 2993 των
585 2942 639 3013 μὲν
657 2945 828 3012 τελειοτέρων
846 2944 953 3012 ἡψυχὴ
972 2943 1025 3010 ὅλῳ
1039 2945 1077 3010 τῷ
1091 2944 1171 3011 λόγῳ,
1191 2944 1390 3014 ἀγαπήσαιμεν
1403 2937 1430 2994 δ’

242 3083 245 3090 ,
318 3034 352 3082 (ἲν
376 3033 467 3101 ἡμεῖς,
492 3034 517 3082 εἰ
540 3035 587 3082 καὶ
608 3034 689 3102 μέρει
708 3035 877 3103 τραφείημεν
896 3033 988 3083 αὐτοῦ.
1025 3030 1064 3083 Ib.
1086 3031 1119 3084 73
1138 3047 1164 3099 p.
1183 3030 1236 3083 128
1255 3032 1365 3090 εἰκότως
1383 3031 1434 3102 γὰρ

318 3120 409 3178 οὐδεὶς
427 3121 531 3189 ὄμνυσι
549 3120 618 3171 κατά
638 3125 714 3184 θεοῦ,
735 3120 777 3171 δτι
795 3137 827 3188 γε
848 3121 880 3171 οὐ
900 3124 962 3191 περὶ
982 3122 1090 3190 φάσεως
1109 3121 1196 3172 αὐτοῦ
1214 3119 1368 3188 διαγνῶναι
1388 3119 1433 3172 δι’·

317 3227 412 3270 ναται,
442 3203 502 3260 ἀλλ’
520 3209 678 3276 ἀγαπητόν,
707 3209 757 3262 ἐάν
781 3218 830 3260 τοῦ
849 3210 987 3280 ὀνόματος
1005 3211 1092 3261 αὐτοῦ
1109 3209 1288 3279 δυνηθῶμεν,
1318 3206 1434 3282 ὅπερῆν

318 3307 367 3350 τοῦ
384 3297 519 3368 ἑρμηνέως
538 3298 635 3364 λόγου·
664 3289 743 3357 οὗτος
761 3298 816 3368 γάρ
834 3299 911 3368 ἡμῶν
930 3307 984 3350 τῶν
1002 3298 1104 3350 ἀτελῶν
1124 3300 1159 3350 ἂν
1176 3302 1218 3362 εἴη
1235 3298 1312 3362 θεός,
1333 3297 1433 3350 τῶνδὲ

317 3395 414 3455 σοφῶν
431 3389 477 3437 καὶ
497 3387 605 3438 τελείων
623 3387 639 3437 ό
657 3395 772 3456 πρῶτος.
810 3385 870 3453 Ipse
888 3384 957 3437 enim
976 3384 1041 3437 deus
1058 3384 1111 3438 nisi
1135 3401 1151 3437 e
1169 3385 1292 3454 perfectis
1317 3383 1434 3452 cognosci

316 3489 368 3526 non
385 3474 475 3542 potest
492 3489 576 3541 neque
594 3472 627 3526 eb
645 3472 699 3526 illis
718 3475 773 3526 tun
787 3473 953 3540 cognoscitur
972 3489 1050 3542 quam
1068 3489 1127 3526 rere
1142 3476 1170 3526 et
1183 3471 1280 3541 raptim
1298 3472 1433 3526 hauritur:

316 3561 348 3612 cf.
367 3560 407 3612 De
425 3559 519 3613 Somm.
538 3559 552 3612 Ι
571 3560 604 3612 11
623 3577 648 3629 p.
669 3561 734 3625 6303
760 3559 834 3626 Quod
853 3560 924 3613 Deus
942 3560 1083 3614 Immutab.
1104 3563 1118 3614 1
1138 3578 1163 3630 p.
1183 3561 1249 3626 273;
1272 3560 1312 3614 De
1331 3559 1432 3615 Genius.

316 3647 390 3715 Ling.
408 3647 445 3702 20
463 3665 488 3717 p.
507 3648 568 3702 419.

197 3839 251 3879 dous
386 3825 462 3906 Leg.
484 3825 586 3905 Alleg.
608 3824 626 3888 I
649 3834 669 3891 3
693 3843 722 3906 p.
746 3833 799 3889 44.
844 3825 995 3890 Παάεται
1024 3826 1085 3911 γάρ
1109 3823 1266 3890 οὐδέποτε
1289 3838 1395 3891 ποιῶν
1417 3823 1474 3888 6⁴⁹³

167 3893 291 3943 proemio
317 3931 405 4010 θεός,
429 3918 505 3995 ἀλλ’
524 3933 635 4016 ὥσπερ
650 3924 735 3994 ἴδιον
750 3931 788 3994 τὸ
810 3927 916 3995 καίειν
932 3932 1036 4018 σορὸς
1055 3929 1114 3996 καὶ
1135 3931 1241 4012 χιόνος
1256 3932 1295 3996 τὸ
1311 3932 1431 4017 ψύχειν,

318 4039 400 4101 οὕτω
423 4035 481 4102 καὶ
505 4041 586 4101 θεοῦ
599 4037 638 4100 τὸ
654 4039 772 4115 ποιεῖν,
796 4035 854 4100 καὶ
877 4036 963 4101 πολύ
986 4061 1021 4122 γε
1042 4036 1175 4120 μᾶλλον,
1200 4035 1266 4122 ὅσῳ
1290 4036 1349 4102 καὶ
1366 4038 1432 4112 τοῖς

318 4142 429 4220 ἄλλοις
452 4143 577 4208 άπασιν
600 4141 678 4230 ἀρχὴ
702 4153 759 4207 τοῦ
782 4142 861 4229 δρᾶν
884 4138 1000 4208 ἐστινὴ

388 4298 417 4338 τι.
437 4283 477 4337 De
496 4283 608 4338 Cherub.
628 4283 662 4338 28
681 4301 707 4354 p.
727 4283 780 4337 156
799 4286 814 4336 ό
833 4286 887 4358 γάρ
906 4295 956 4337 τοῦ
973 4288 1052 4346 ὄντος
1070 4287 1219 4357 ὀφθαλμός
1238 4287 1331 4355 φωτὸς
1343 4284 1433 4358 ἑτέρου

319 4374 386 4441 πρὸς
403 4375 560 4439 κατάληψιν
574 4374 606 4425 οὐ
620 4371 719 4437 δεῖται,
739 4374 823 4432 αὐτὸς
841 4368 871 4425 δ’
889 4375 927 4424 ὢν
941 4373 1096 4443 άρχέτυπος
1115 4375 1187 4443 αὐγὴ
1203 4379 1307 4446 μυρίας
1326 4373 1432 4429 ἀκτῖνας

318 4461 445 4526 ἐκβάλλει,
472 4454 510 4512 ὧν
528 4460 647 4532 οὐδεμία
666 4462 742 4515 ἐστὶν
761 4463 894 4527 αἰσθητή,
920 4465 1016 4528 νοηταλ
1035 4463 1067 4516 δὲ
1087 4465 1118 4514 αί
1136 4463 1253 4516 άπασαι.
1291 4461 1331 4514 De
1349 4458 1431 4514 Somn.
