3156 4988
283 355 338 418 398
743 359 823 414 Stoici
841 361 947 430 priores.

286 522 404 589 ἀγαθῶν
425 524 472 574 καλ
495 531 585 574 κακῶν
609 522 706 590 λόγον,
736 518 798 574 οὐδ’
816 523 863 576 ἐπὶ
883 523 932 582 τὰς
951 523 1049 592 ἀρετὰς
1067 517 1132 578 οὐδ’
1149 523 1196 576 ἐπὶ
1215 521 1408 590 εὐδαιμονίαν,

286 605 349 664 ἀλλ’
366 613 382 675 ῆ
401 610 458 663 ἀπὸ
475 619 523 676 τῆς
539 618 634 677 κοινῆς
653 612 761 680 φύσεως
786 615 832 664 καλ
852 612 910 664 ἀπὸ
928 619 975 678 τῆς
993 621 1044 664 τοῦ
1060 613 1169 684 κόσμου
1187 610 1354 678 διοικήσεως,
1373 637 1409 648 -·

286 695 351 752 οὐδ’
369 701 453 752 ίίλλου
472 701 544 759 τινὸς
565 698 655 753 ἕνεκεν
672 708 719 766 τῆς
739 708 856 770 φυσικῆς
874 705 991 772 θεωρίας
1012 704 1191 771 παραληπτῆς
1210 703 1292 766 οόσης
1311 701 1410 772 ήπρδς

286 789 336 854 τήν
354 791 416 859 περὶ
436 790 694 858 sycamazonis
713 788 871 842 διάστασιν.
908 787 984 856 Diog.
996 787 1089 842 vuer
1108 788 1151 855 (ci.
1169 787 1221 843 Cic
1235 787 1293 842 Fin.
1309 787 1409 853 11131)

286 881 350 932 ἴσον
367 879 426 932 ἐστὶ
445 873 557 931 τὸκατ’
575 879 673 952 ἀρετήν
691 880 737 944 ζῆν
755 880 792 946 τῷ
810 873 874 932 κατ’
892 879 1041 950 ἐμπειρίαν
1063 889 1118 930 τῶν
1136 881 1221 949 φύσει
1239 879 1409 950 συμβαινόν-

287 985 341 1020 των
360 969 412 1034 ζῆν,
432 965 467 1027 ὥς
487 983 556 1037 φησι
576 968 745 1041 Χρύσιππος
763 969 793 1022 ἐν
813 969 850 1035 τῷ
869 968 967 1036 πρώτῳ
987 971 1050 1041 περὶ
1068 971 1163 1020 τελῶν·
1182 971 1252 1042 μέρη
1270 969 1326 1037 γάρ
1338 971 1411 1020 εἰσιν

287 1058 318 1108 αἱ
341 1057 470 1128 ἡμέτεραι
499 1057 598 1126 φύσεις
625 1064 672 1122 τῆς
700 1065 750 1108 του
776 1057 849 1110 ὅλου.
886 1053 1032 1110 Naturales
1060 1056 1227 1125 quaestiones
1252 1054 1334 1110 Stoici
1357 1071 1411 1110 non

285 1143 377 1198 eedem
400 1161 452 1214 qua
470 1143 641 1213 Peripatetici
664 1143 803 1212 diligentia
821 1145 987 1210 nectebant,
1012 1161 1036 1198 v.
1054 1144 1126 1198 Plut.
1146 1143 1226 1200 Stoic,
1244 1144 1310 1215 Rep.
1329 1145 1373 1211 29,
1392 1146 1409 1198 1

287 1251 313 1304 p.
334 1233 410 1288 1047.
447 1233 566 1302 Denique
584 1233 696 1301 logicam
720 1233 760 1288 ita
778 1233 918 1288 dumtaxat
936 1234 1035 1288 cultam
1054 1251 1125 1300 esse,
1150 1238 1183 1290 ut
1200 1234 1309 1304 reliquis
1327 1233 1412 1304 philo·

287 1322 394 1393 sophiae
413 1323 535 1392 partibus
553 1321 705 1388 inserviret,
725 1321 870 1378 ostendunt
887 1339 976 1378 omnes
995 1322 1056 1376 illae
1074 1321 1268 1389 similitudines,
1287 1323 1319 1377 cf.
1337 1321 1409 1376 Sext

287 1411 371 1466 Math.
390 1410 442 1465 VII
461 1412 509 1478 23;
538 1411 614 1465 Philo
632 1411 650 1464 l.
669 1411 703 1478 l.;
729 1410 1008 1480 Cic.delsg.162.
1045 1411 1137 1482 Neque
1156 1412 1240 1466 solum
1258 1411 1411 1466 dialecticae

288 1501 350 1555 illae
368 1501 400 1554 de
418 1500 577 1567 notionibus,
597 1500 754 1567 enuntiatis,
774 1500 973 1556 collectionibus
992 1502 1166 1572 quaestiones,
1190 1502 1236 1555 sed
1254 1501 1335 1554 etiam
1353 1501 1412 1554 rhe-

288 1590 372 1644 torica
390 1592 418 1642 et
436 1590 607 1658 grammatica
624 1591 653 1644 in
671 1605 702 1643 ea
720 1591 915 1646 tractabantur.
953 1591 992 1646 De
1011 1591 1133 1662 physicae
1151 1591 1276 1645 divisione
1294 1609 1318 1645 v.
1332 1590 1410 1660 Diog.

287 1678 339 1734 VII
358 1680 423 1745 132;
442 1678 530 1734 Sanco.
549 1678 597 1750 Ep.
616 1681 667 1746 89;
687 1679 719 1734 de
737 1680 839 1734 ethicae
857 1680 933 1749 Diog.
953 1681 1001 1748 84;
1019 1681 1050 1736 cf.
1070 1680 1177 1750 Madvig
1195 1681 1229 1734 ad
1238 1679 1294 1735 Cic·
1306 1680 1338 1734 de
1352 1679 1410 1736 Fiu.

230 1805 232 1810 -
287 1767 349 1822 Exc.
367 1767 405 1836 V3
425 1767 508 1822 Zeller
525 1768 566 1820 111
584 1765 620 1822 1⁸
634 1770 694 1824 117.
714 1769 774 1824 206.
817 1769 856 1824 Ι)ο
875 1769 1022 1824 Stoicorum
1037 1770 1133 1826 studiis
1152 1769 1288 1824 rhetoricis
1304 1769 1413 1840 scripsit

287 1857 316 1913 u.
336 1857 440 1914 atauo
458 1858 558 1925 (eresi.
579 1858 671 1926 philol.
693 1843 763 1912 loa.
783 1857 857 1925 12),
877 1859 986 1914 Vraosr.
1007 1861 1084 1915 1886.

741 2067 953 2076 ——ffl

772 2235 928 2334 Logioe.

796 2416 902 2423 —.--

356 2519 446 2602 Diog.
470 2519 535 2584 VII
558 2529 610 2588 41.
660 2521 705 2585 Τὸ
729 2518 765 2586 δὲ
787 2520 916 2604 λογικὸν
939 2517 1037 2605 μέρος
1059 2516 1162 2606 φασὶν
1185 2513 1264 2584 ἔνιοι
1287 2513 1333 2596 εἷς
1355 2517 1412 2586 δύο
1422 2535 1460 2576 ³⁹1

290 2625 494 2712 διαιρεῖσθαι
518 2624 713 2715 ἐπιστήμας,
738 2621 784 2704 εἷς
807 2627 977 2715 ῥητορικήν
1000 2625 1057 2691 καὶ
1081 2625 1295 2714 διαλεκτικήν,
1327 2623 1413 2703 τινὲς

289 2731 325 2799 δὲ
348 2732 404 2800 καὶ
428 2729 475 2812 εἰς
497 2735 535 2799 τὸ
558 2733 667 2822 δρικόν
689 2725 783 2813 εἶδος,
807 2733 845 2799 τό
865 2735 966 2817 <τε>ι
993 2731 1070 2820 περὶ
1094 2732 1235 2798 κανόνων
1258 2729 1315 2798 καὶ
1340 2756 1412 2817 κρι-

288 2838 423 2928 τηρίων·
447 2836 526 2907 ἔνιοι
539 2839 624 2907 δὲτὸ
636 2839 744 2928 ὁρικὸν
756 2850 972 2928 περιαιροῦσι.
986 2877 1030 2887 -
1049 2849 1101 2905 42.
1118 2839 1175 2928 τήν
1192 2863 1227 2904 τε
1243 2843 1413 2927 ῥήτορι·

288 2949 358 3035 κὴν
370 2947 710 3034 (παραλαμβάνουσιν)
723 2945 906 3035 ἐπιστήμην
917 2943 1017 3014 οὖσαν
1028 2957 1086 3012 τοῦ
1096 2942 1131 3012 εὖ
1142 2943 1245 3030 λέγειν
1256 2943 1334 3032 περὶ
1348 2957 1413 3010 τῶν

289 3052 323 3118 ἐν
341 3052 475 3140 διεξόδῳ
490 3051 664 3138 λόγωνκαὶ
681 3054 738 3142 τήν
760 3053 780 3117 δ
787 3053 1031 3141 ιαλοκτικήν
1053 3062 1111 3118 τοῦ
1132 3049 1242 3138 ὀρθῶς
1265 3049 1412 3136 διαλόγο-

289 3165 374 3226 σθαι
391 3159 468 3248 περὶ
484 3173 549 3225 τῶν
564 3159 597 3225 ἐν
612 3158 765 3250 ἐρωτήσει
789 3159 846 3225 καὶ
870 3157 1044 3246 ἀποκρίσει
1068 3159 1199 3244 λόγων.
1224 3197 1266 3205 ——
1291 3167 1344 3225 43.
1356 3159 1414 3246 τήν

289 3267 495 3356 διαλεκτικήν
528 3267 735 3354 διαιρεῖσθαι
770 3262 817 3345 ε’ίς
851 3290 886 3332 τε
915 3267 971 3332 τὸν
1001 3263 1080 3356 περὶ
1109 3279 1173 3330 τῶν
1207 3285 1432 3354 σῆμαινο-·

288 3373 415 3459 μένων
437 3373 494 3442 καὶ
518 3386 576 3463 τῆς
599 3386 734 3462 φωνῆς
757 3373 895 3440 conoul·
929 3371 986 3438 καὶ
1009 3374 1065 3440 τόν
1086 3371 1145 3456 μὲν
1166 3386 1231 3437 τῶν
1254 3395 1415 3461 σημαινο-

288 3480 392 3565 μένων
418 3478 467 3560 εἴς
500 3505 534 3546 τε
563 3482 619 3548 τὸν
646 3479 724 3568 περὶ
753 3493 817 3546 τῶν
848 3493 1039 3568 φαντασιῶν
1068 3479 1171 3546 τόπον
1199 3478 1256 3546 καὶ
1284 3492 1350 3544 τῶν
1377 3477 1416 3548 ἐκ

244 3657 247 3662 ,
289 3587 411 3654 τούτων
426 3585 653 3675 ὑφισταμένων
669 3587 818 3654 λεκτῶνθ.
837 3625 878 3636 -
904 3595 956 3651 44.
972 3578 1056 3652 εἶναι
1073 3585 1110 3652 δὲ
1132 3599 1190 3674 τῆς
1205 3586 1416 3673 διαλεκτικῆς

290 3688 375 3760 ἴδιον
396 3693 501 3760 τόπον
523 3692 581 3759 καὶ
603 3695 659 3759 τὸν
676 3691 908 3782 προειρημένον
932 3681 1010 3780 περὶ
1034 3692 1133 3782 αὐτῆς
1155 3705 1213 3781 τῆς
1235 3705 1356 3781 φωνῆς,
1381 3691 1416 3759 ἐν

264 3784 318 3888 ,ᾦ
347 3797 510 3867 δείκνυται
541 3797 810 3888 ήὲγγρόμματος
840 3801 931 3888 φωνή
962 3798 1019 3865 καὶ
1049 3797 1123 3865 τίνα
1157 3801 1200 3864 τὰ
1229 3809 1288 3864 τοῦ
1317 3799 1415 3890 λόγου

288 3906 380 3998 μέρη,
403 3906 461 3973 καὶ
485 3906 561 3994 περὶ
578 3906 789 3990 σολοικισμοῦ
812 3905 869 3972 καὶ
885 3912 1114 3994 βαρβαρισμοῦ
1136 3904 1194 3972 καὶ
1218 3893 1416 3994 ποιημάτων

289 4015 347 4082 καὶ
370 4015 577 4104 ἀμφιβολιῶν
592 4011 650 4079 καὶ
665 4011 742 4099 περὶ
757 4012 913 4098 ἐμμελοῦς
936 4027 1044 4102 φωνῆς
1067 4012 1123 4080 καὶ
1147 4012 1225 4100 περὶ
1244 4025 1415 4102 μουσικῆς,

290 4121 448 4210 καὶπερὶ
471 4122 554 4209 ὅρων
576 4118 662 4186 κατά
685 4143 776 4198 τινας
799 4119 856 4185 καὶ
880 4118 1069 4207 διαιρέσεων
1092 4118 1148 4185 καὶ
1171 4118 1317 4199 lugouve.

361 4245 401 4298 Do
420 4245 500 4299 Stolo.
524 4244 609 4313 logica
628 4244 674 4297 cl:
699 4243 793 4297 Prantl
817 4244 951 4314 1404sq.
987 4245 1020 4298 R.
1039 4243 1155 4313 Nicolai‚
1182 4245 1213 4298 de
1236 4245 1313 4314 logio.
1332 4244 1416 4312 Chry-

291 4333 359 4404 sippi
377 4334 460 4388 libris.
497 4333 529 4388 R.
549 4333 646 4400 Hirzel‚
666 4333 698 4386 de
716 4334 801 4402 logica
820 4333 928 4387 Stoicor.
947 4334 985 4401 (in
1001 4338 1092 4388 satura
1106 4333 1219 4405 Sauppio
1233 4334 1305 4400 obl),
1326 4333 1412 4388 Berol.

362 4496 390 4560 1)
408 4514 436 4549 τε
454 4495 567 4549 inseruit
586 4495 678 4550 Zeller.
