3156 4988
293 328 347 388 881
703 330 855 384 Aristotelis
874 331 1003 400 discipuli.

284 492 439 556 animum
463 494 495 556 et
518 491 578 554 hoc
602 509 671 555 esse
695 509 812 556 nomen
835 493 940 554 totum
963 492 1056 554 inane
1086 491 1270 572 frustraque
1294 493 1327 554 et
1350 493 1413 554 ani-

294 597 392 661 malia
422 600 454 661 et
483 597 662 663 animantes
687 597 856 681 appellari,
886 616 989 679 neque
1013 597 1046 660 in
1070 597 1197 661 homine
1220 598 1325 661 Inesse
1349 599 1414 661 ani·

294 722 385 768 mum
409 704 459 768 vol
484 703 625 768 animam
648 723 707 768 nec
730 704 763 766 in
784 704 904 780 bestia,
928 704 1056 786 vimque
1078 723 1208 767 omnem
1232 722 1320 781 eam,
1352 723 1413 785 qua

294 811 346 874 vel
370 829 503 891 agamus
529 810 605 892 quid
629 811 681 874 vel
697 810 884 886 sentiamus,
907 809 940 874 in
964 810 1112 874 omnibus
1136 809 1320 892 corporibus
1337 811 1414 874 vivis

295 917 505 997 aequabiliter
540 935 609 980 esse
645 916 751 981 fusam
785 935 844 980 neo
879 917 1089 999 separabilem
1125 935 1144 980 a
1174 935 1302 999 corporo
1338 935 1414 992 csse,

294 1013 411 1106 'quippe
441 1042 522 1104 quae
545 1023 635 1087 nulla
660 1023 702 1086 sit
731 1041 791 1087 nec
823 1023 865 1086 sit
889 1023 1061 1104 quicquam
1091 1023 1154 1086 nisi
1177 1041 1292 1106 corpus
1315 1041 1415 1086 unum

295 1131 328 1194 et
351 1130 485 1212 simplex
508 1130 553 1193 ita
575 1129 759 1211 figuratum,
782 1131 820 1192 ut
843 1130 1073 1212 temperatione
1096 1131 1231 1193 naturae
1254 1129 1362 1210 rigeat
1384 1131 1416 1192 et

296 1237 442 1300 sentiam.

367 1373 396 1416 a.
420 1359 486 1424 Dio,
500 1358 609 1411 Phidiae
623 1358 650 1424 f,
669 1357 791 1412 Messana
804 1358 832 1412 in
846 1357 935 1412 Sicilia
949 1361 1037 1425 natus,
1056 1358 1249 1429 condiscipulus
1258 1357 1415 1424 Aristoxeni,

296 1451 344 1501 τὸν
363 1450 512 1521 πρακτικὸν
529 1454 591 1515 βίον
614 1448 691 1516 longe
715 1447 835 1500 omnibus
860 1448 1037 1517 anteponebat
1059 1446 1124 1513 (Cic.
1144 1447 1178 1500 ad
1195 1447 1254 1500 aot.
1273 1446 1361 1513 1116,
1380 1447 1415 1512 3).

296 1535 361 1590 Cum
379 1536 410 1588 de
424 1536 590 1606 geographia,
611 1536 731 1602 historia,
746 1535 825 1606 poesi,
844 1536 1011 1606 philosophia
1024 1536 1118 1601 multa,
1138 1539 1195 1589 tum
1210 1536 1242 1589 de
1257 1536 1357 1606 optima
1370 1535 1417 1588 rei-

296 1624 415 1694 publicae
429 1625 618 1694 temperatione
637 1628 829 1700 Τριπολιτικόν
843 1624 951 1694 scripsit
964 1623 1026 1691 (Cic.
1042 1625 1076 1677 ad
1090 1623 1149 1678 Att.
1163 1624 1230 1678 XIII
1244 1625 1287 1678 32.
1320 1623 1416 1678 Athen.

295 1711 333 1764 1v
357 1713 406 1766 141
415 1715 448 1777 a).
479 1739 512 1750 -
540 1712 577 1768 cf.
603 1712 690 1778 Fuhr,
718 1714 776 1768 Die.
804 1713 883 1767 Mass.
914 1729 980 1783 quae
1009 1717 1165 1783 supersunt,
1194 1713 1312 1766 Darmst
1338 1713 1416 1767 1841.

295 1800 325 1855 F.
345 1799 448 1870 Osann,
473 1802 559 1858 Bedr.
585 1819 608 1856 ι.
627 1818 669 1871 γι.
697 1820 721 1855 ιι.
745 1807 810 1856 τόιιι.
829 1801 1005 1870 Littpescb„
1031 1802 1125 1857 Caesel
1144 1803 1227 1868 1889,
1246 1802 1273 1855 Π
1293 1803 1349 1855 1-
1361 1803 1417 1856 119.

297 1888 438 1958 Schrader,
468 1889 574 1956 Quaest.
593 1891 718 1961 Peripat,
750 1891 846 1944 Hamb.
877 1892 954 1945 1884.
1000 1891 1109 1958 Mliller,
1137 1889 1239 1944 FHG
1263 1890 1291 1944 Π
1318 1891 1416 1960 225sq.

301 1978 364 2032 Brd.
383 1979 424 2032 lIl
443 1981 466 2047 1,
485 1980 583 2049 384sq.
621 1979 863 2049 annosam
1037 1990 1039 1994 ’
1071 1991 1075 1998 “

363 2157 454 2240 Diog.
478 2159 507 2220 V
534 2167 584 2224 58.
630 2155 806 2236 Διεδέξατο
830 2146 864 2222 δ’
884 2155 982 2222 αὐτοῦ
1012 2158 1082 2241 (τοῦ
1108 2156 1335 2245 Θεοφράστου)
1360 2157 1461 2243 abach

298 2251 413 2350 σχολὴν
436 2261 589 2349 Στράτων
611 2253 823 2349 Ἀρκεσιλάου
846 2262 1098 2351 Λαμψακηνός,
1124 2301 1166 2310 —-
1189 2261 1267 2350 ἀνὴρ
1291 2261 1417 2347 ἐλλογι-

297 2369 449 2449 μώτατος
472 2367 527 2434 καὶ
551 2371 689 2458 φυσικὸς
712 2365 909 2458 ἐπικληθείς
932 2369 1000 2434 άπὸ
1023 2379 1082 2434 τοῦ
1096 2367 1173 2456 περί
1192 2371 1249 2456 την
1272 2366 1418 2454 θεωρίαν

298 2473 417 2562 ταύτην
440 2464 524 2561 παρ>
544 2475 684 2540 ὁντινοῦν
707 2473 950 2558 ἐπιμελέστατα
974 2474 1227 2563 διατετριφέναι.
1260 2473 1344 2539 άλλὰ
1360 2471 1418 2539 καί

298 2582 511 2670 καθηγήσατο
535 2579 743 2664 Πτολεμαίου
771 2593 830 2647 τοῦ
861 2580 1071 2669 Φιλαδέλφου
1101 2579 1158 2646 καί
1181 2577 1294 2664 ἔλαβε,
1324 2577 1417 2669 φασί,

298 2676 382 2773 παρ’
401 2685 501 2752 αὐτοῦ
523 2688 668 2753 τάλαντα
692 2685 898 2776 ὀγδοήκοντα.
930 2688 1118 2775 σχολαρχεῖν
1140 2685 1186 2768 δέ,
1209 2685 1305 2752 καθά
1320 2708 1420 2774 φησιν

296 2780 546 2881 Ἀπολλόδωρος
575 2793 608 2858 ἒν
630 2797 820 2880 Χρονικοῖς,
856 2792 975 2881 ἤρξατο
1003 2793 1046 2882 τῇ
1075 2791 1168 2882 τρίτη
1197 2791 1255 2859 καὶ
1287 2791 1419 2882 εἰκοστῇ

298 2897 355 2963 καί
390 2896 550 2988 ἑκατοστγζ
580 2889 804 2984 Ὀλυμπιάδι,
840 2913 897 2988 τῆς
931 2901 1045 2987 σχολῆς
1080 2899 1327 2988 ἀφηγησάμενος
1361 2895 1418 2991 ἔτη

299 3000 521 3071 ὀκτωκαίδεκα
545 3008 585 3090 (a.
610 3008 979 3090 ascitae—2701268)².

371 3143 399 3182 ιι.
424 3129 475 3184 Cic.
494 3129 574 3183 Acad.
589 3134 657 3200 post.
672 3130 685 3183 1
701 3132 744 3184 34.
781 3129 881 3194 Strato,
901 3131 960 3186 eius
978 3130 1172 3200 (Theophrasti)
1190 3131 1310 3197 auditor,
1329 3148 1420 3200 quact-

299 3232 380 3286 quam
396 3219 452 3284 fud
470 3219 527 3272 ceri
545 3219 665 3287 ι’κμοιιιο,
683 3225 772 3274 tamen·
792 3221 825 3272 ab
840 3236 872 3273 ea
887 3220 1036 3287 discipliuae
1049 3220 1158 3272 omnino
1176 3219 1353 3273 εεκιουειιάιιε
1366 3226 1420 3274 est.-

299 3305 347 3374 ηνί
365 3321 423 3359 eum
441 3308 557 3361 monime
575 3309 757 3362 necessariam
779 3314 885 3376 pardem
903 3308 1109 3376 philosophiae,
1135 3324 1204 3375 ηνοι
1221 3309 1314 3375 postia
1333 3314 1371 3362 est
1389 3309 1420 3361 ic

298 3396 399 3450 otrtute
423 3403 448 3450 et
470 3397 501 3449 ia
523 3397 656 3461 merebat,
682 3397 834 3465 reliwisset
857 3403 992 3466 totumque
1016 3414 1045 3450 se
1063 3396 1101 3450 od
1118 3397 1353 3464 ι’κυεοιίμαιίοκειιι
1371 3414 1420 3451 nu·

297 3489 376 3538 turae
402 3485 574 3548 contulliset,
597 3485 628 3538 ιἰι
653 3501 684 3539 ea
702 3486 765 3552 ipsa
786 3486 935 3554 plurimum
961 3485 1075 3538 discedit
1093 3501 1111 3537 ο
1128 3486 1195 3538 sais.
1233 3483 1271 3538 Cf.
1291 3483 1343 3538 Cic.
1362 3484 1418 3539 hin.

299 3567 384 3625 vla.
421 3573 513 3626 Libros
538 3576 676 3626 enumerat
693 3573 769 3641 Diog.
788 3573 813 3624 V
832 3571 946 3627 59-60.
984 3573 1024 3625 De
1049 3572 1192 3625 disserendi
1216 3588 1311 3638 genere
1329 3573 1419 3640 Polyb.

298 3661 351 3713 XII
369 3661 429 3727 25⁶,
449 3663 466 3716 3
484 3680 510 3732 p.
530 3662 582 3716 750
600 3662 649 3715 Bk.
676 3664 873 3735 παραπλήσιον
897 3664 950 3732 γὰρ
970 3663 1006 3728 δή
1025 3681 1051 3715 τι
1075 3671 1184 3715 τοιοῦτο
1204 3667 1355 3732 συμβέβηκε
1373 3665 1417 3714 καὶ

299 3753 443 3824 Στράτωνι
462 3755 498 3820 τῷ
517 3756 637 3822 φυσικῷ·
670 3756 716 3804 καὶ
735 3753 789 3821 γάρ
808 3753 916 3814 ἐκεῖνος,
943 3752 1012 3803 ὅταν
1029 3752 1172 3824 ἐγχειρήση
1192 3751 1240 3810 τάς
1259 3761 1314 3802 τῶν
1333 3753 1420 3802 ἄλλων

299 3841 384 3902 δόξας
409 3840 622 3897 διαστέλλεσθαι
649 3844 695 3893 καὶ
724 3840 920 3907 condonasse,
948 3841 1108 3912 θαυμάσιός
1135 3842 1223 3903 ἐστιν,
1253 3840 1321 3892 ὅταν
1345 3835 1373 3893 δ’
1391 3840 1419 3900 le

301 3931 387 3982 αὑτοῦ
405 3949 431 3982 τι
451 3935 621 4000 προφέρηται
647 3934 695 3981 καί
720 3949 746 3982 τι
770 3940 824 3981 τῶν
849 3929 929 3982 ἰδίων
952 3930 1146 4000 δπινοημάτων
1173 3930 1315 3997 ἐξηγῆται,
1344 3927 1418 3998 παρά

300 4019 374 4071 πολὺ
393 4023 522 4088 φαίνεται
541 4023 599 4078 τοῖς
617 4019 803 4089 ἐπιστήμοσιν
822 4019 999 4088 εὖχθίστερος
1017 4021 1103 4069 αὑτοῦ
1120 4020 1167 4069 καὶ
1184 4019 1360 4090 νωδρότερος.

193 4225 265 4266 aalma
370 4211 480 4294 simpl.
503 4212 601 4294 Phys
625 4211 646 4276 f.
673 4219 767 4277 225‘.
814 4209 884 4276 Καὶ
909 4208 1061 4296 Στράτων
1085 4208 1121 4275 δὲ
1144 4211 1161 4275 ὁ
1184 4211 1417 4298 Λαμψακηνὸς
1426 4235 1462 4284 ιιι

177 4279 278 4320 :cretur

300 4317 357 4403 τὴν
379 4317 485 4402 ψυχὴν
509 4316 660 4402 ὁμολογεῖ
685 4319 867 4397 κινεῖσθαι,
904 4314 940 4382 οὐ
969 4314 1067 4400 μόνον
1090 4317 1147 4404 τὴν
1170 4315 1302 4401 άλογον,
1337 4315 1417 4381 ἀλλὰ

300 4419 431 4508 κοίτην
448 4421 585 4510 λογικήν,
610 4423 749 4511 κινήσεις
766 4420 867 4508 λέγων
882 4414 965 4487 εἶναι
982 4423 1041 4499 τὰς
1056 4419 1216 4510 ἐνεργείας
1230 4433 1288 4511 τῆς
1305 4433 1415 4510 ψυχῇ.
