3150 4996
301 343 330 380 1v
684 338 686 342 '
785 329 924 382 Praefatio.

300 503 503 589 utrumque
544 491 668 564 littera
713 491 912 590 principali
960 493 1136 566 inducere
1177 518 1287 591 saepe
1327 492 1416 566 satis

300 623 505 698 habuerim.

381 756 524 849 Quodsi
558 758 598 830 in
634 759 705 832 hac
732 758 947 857 linguarum
981 784 1025 831 ac
1059 733 1301 832 dialectorum
1335 785 1418 858 pcr-

301 891 493 986 mixtione,
521 893 592 964 hac
611 905 801 965 auctorum
827 905 863 965 et
880 893 1047 965 locorum
1077 905 1114 966 et
1131 891 1416 991 inscriptionum

300 1026 412 1098 turba
446 1038 571 1099 tamen
608 1038 673 1098 aut
706 1025 840 1098 vitium
874 1025 1028 1123 aliquod
1063 1038 1128 1098 aut
1170 1024 1418 1125 discrepantia

301 1185 359 1231 me
379 1159 528 1257 fugerit,
556 1159 737 1232 lectorum
755 1185 873 1257 aeque
891 1157 1137 1258 iudicantium
1156 1158 1304 1233 veniam
1324 1159 1418 1232 mihi
1447 1169 1450 1177 “

301 1318 378 1364 non
406 1291 617 1365 defuturam
646 1293 803 1366 confido.

381 1475 458 1557 Sor..
487 1479 702 1578 Hamburgi
728 1480 849 1554 Nonis
876 1479 995 1554 Iuniis
1028 1491 1139 1554 1886.

1237 1631 1273 1707 F.
1303 1630 1336 1705 S.

379 2251 535 2327 Librum
571 2253 746 2328 diuturno
781 2255 984 2350 multotum
1020 2282 1090 2329 usu
1125 2257 1328 2354 probatum
1360 2282 1416 2330 rev

298 2387 472 2462 tractanti
491 2414 586 2486 quae
607 2387 668 2460 via
686 2388 846 2460 tenenda
875 2401 969 2490 esset
998 2414 1082 2462 cum
1102 2416 1124 2460 a
1141 2384 1274 2487 prioris
1299 2375 1416 2487 partis

300 2521 439 2594 editore
467 2521 553 2595 satis
574 2521 735 2594 dilucide
765 2521 937 2594 videatur
956 2521 1167 2622 expositum
1187 2547 1276 2618 esse,
1303 2536 1416 2618 restat

298 2669 340 2728 ut
365 2655 405 2728 id
440 2681 556 2730 unum
586 2653 807 2748 adiciamus,
844 2654 1027 2728 brevitate
1062 2655 1101 2727 in
1137 2653 1266 2728 ceteris
1302 2681 1415 2754 quam

298 2789 460 2890 maxime
494 2788 579 2862 fieri
599 2801 754 2892 ,poterat
790 2788 987 2862 observata
1023 2791 1095 2862 duo
1130 2787 1281 2889 indices
1313 2789 1416 2888 operi

299 2921 461 2994 adiectos
491 2947 584 3018 esse,
620 2947 730 3020 quos,
758 2921 947 3020 ‚quamvis
974 2921 1069 2996 siout
1103 2934 1224 2996 cetera
1257 2949 1279 2994 a
1306 2920 1416 2996 nobis
1471 2990 1474 2994 .

300 3067 436 3130 novata
470 3081 546 3126 non
575 3054 771 3128 sufficiant
797 3055 982 3150 subtiliori
1011 3055 1239 3128 eruditorum
1266 3054 1415 3150 iudicia

298 3203 422 3262 tamen
442 3187 627 3286 praesenti
643 3188 866 3266 ¹discentium
886 3188 1140 3270 commoditati
1159 3181 1286 3290 aliquo
1305 3190 1414 3262 modo

300 3322 411 3396 utiles
438 3321 518 3394 fore
546 3347 749 3420 speramus.
1148 3303 1150 3308 Ι

379 3505 457 3580 Sor.
487 3508 654 3581 Berolini
680 3507 769 3586 Kal.
799 3497 1006 3606 Septembr.
1025 3519 1152 3584 ’1888

817 3663 819 3666 ,
1059 3691 1064 3714 -,
1215 3659 1253 3734 E.
1282 3652 1339 3734 Wt
