3130 4980
321 313 375 377 210
809 318 951 387 Cyrenaici.

323 481 380 568 τὴν
401 480 532 567 μερικὴν
555 478 670 566 ἡδονὴν
692 468 733 544 δι’
760 479 858 567 αὑτὴν
881 474 1018 567 αἱρετήν,
1041 479 1098 567 τὴν
1121 467 1154 543 δ’
1174 474 1382 560 εὐδαιμονίαν
1406 477 1442 543 οά

322 575 371 651 δι’
397 585 503 674 αὑτήν,
526 585 610 650 ἀλλά
626 585 683 650 διὰ
706 587 766 664 τάς
781 587 867 652 κατὰ
888 584 985 674 μέρος
1008 585 1150 675 ἡδονάς.
1175 582 1289 650 πίστιν
1305 572 1338 648 δ’
1357 576 1443 648 εἶναι

321 704 378 760 τοῦ
399 691 492 770 τέλος
514 684 598 758 εἶναι
621 694 678 782 τὴν
700 693 813 784 ἡδονὴν
836 693 873 758 τδ
896 691 1122 781 ἀπροαιρέτως
1144 693 1228 780 ἡμᾶς
1251 690 1288 756 ἐκ
1310 689 1442 756 παίδων

321 790 511 888 ᾠκειῶσθαι
534 801 619 886 πρὸς
642 798 748 888 αάτήν,
771 799 828 866 καὶ
850 800 1002 882 τυχόντας
1024 799 1122 888 αὐτῆς
1143 797 1253 887 μηθέν
1275 797 1441 886 ἐπιζητεῖν

319 907 426 996 μηθέν
459 931 495 972 τε
529 909 611 972 οὕτω
645 907 773 994 φεόγειν
806 907 850 984 ὡς
883 909 941 994 τὴν
974 903 1121 972 ἐναντίαν
1156 904 1240 994 αὐτῇ
1269 905 1441 993 ἀλγηδόνα.

322 1025 373 1081 87.
395 1017 441 1101 μη
457 1013 624 1102 διαφέρειν
646 1037 681 1079 τε
703 1014 816 1102 ἡδονὴν
831 1013 945 1102 ἡδονῆς
966 1013 1050 1102 μηδέ
1064 1014 1154 1102 ἥδιόν
1177 1037 1210 1078 τι
1233 1005 1348 1078 stratb-
1382 1012 1442 1077 καί

320 1120 460 1210 τῆν’μέν
482 1120 652 1210 εάδοκητὴν
667 1130 754 1186 πᾶσι
770 1116 876 1207 ζηίοις,
899 1122 955 1186 τδν
969 1109 1001 1185 δ>
1020 1111 1145 1203 (πόνον)
1168 1119 1440 1206 ἀποκρουστικόν.

322 1239 373 1295 90.
398 1227 526 1313 λέγουσι
560 1227 597 1293 δέ
626 1225 709 1316 μηδέ
737 1229 824 1292 κατά
854 1227 956 1316 ψιλὴν
984 1229 1041 1316 τὴν
1069 1226 1182 1312 όρασιν
1213 1227 1233 1314 ἢ
1261 1229 1318 1314 τὴν
1341 1225 1441 1314 ἀκοὴν

321 1332 491 1420 γίγνεσθαι
527 1335 651 1424 ἡδονάς.
698 1347 762 1398 τῶν
800 1343 873 1418 γοῦν
910 1331 1114 1417 μιμουμένων
1158 1334 1300 1420 θρήνους
1339 1330 1441 1420 ἡδέως

320 1440 483 1523 ἀκούομεν,
507 1454 573 1505 τῶν
595 1439 632 1506 δέ
654 1429 724 1506 κατ’
751 1439 911 1529 ἀλήθειαν
934 1439 1069 1528 ἀηδῶςΰ.
1093 1476 1137 1486 -
1154 1479 1195 1486 -
1220 1439 1306 1505 πολὺ
1327 1435 1441 1522 μέντοι

320 1561 385 1611 τῶν
409 1559 555 1634 ψυχικῶν
577 1549 636 1625 τάς
658 1549 849 1630 σωματικὰς
871 1543 1018 1630 ἀμείνους
1033 1539 1117 1612 εἶναι
1140 1545 1271 1622 καὶτὰς
1295 1543 1441 1634 ὀχλήσεις

318 1651 442 1740 χείρους
465 1655 524 1731 τός
547 1653 752 1736 σιυματικάς·
775 1653 853 1719 ὅθεν
876 1651 933 1718 καὶ
949 1654 1086 1731 ταύταις
1101 1653 1301 1733 κολάζεσθαι
1315 1653 1441 1734 μᾶλλον

319 1761 394 1837 τοὺς
416 1760 669 1847 ἁμαρτάνοντας.

127 2047 175 2128 Ἣ
204 2047 296 2129 32:332
387 2027 508 2092 Aelian.
539 2027 615 2092 Var.
647 2029 730 2093 Hist.
760 2029 836 2094 XIV
871 2039 899 2096 6.
955 2027 1049 2092 Πάνυ
1088 2025 1216 2116 σφόδρα
1251 2021 1515 2112 έρρωμένωςιοιε

194 2155 213 2182 1¹¹
231 2155 256 2182 ¹¹³
320 2127 412 2221 έηίκει
428 2131 529 2218 λέγειν
545 2123 799 2222 δἈρίστιππος
821 2147 1011 2220 παρεγγυῶν
1033 2135 1114 2222 μήτε
1129 2135 1198 2209 τοῖς
1213 2131 1440 2218 παρελθοῦσιν

321 2239 511 2324 έπικάμνειν
537 2240 618 2328 μήτε
647 2254 711 2306 τῶν
747 2240 906 2307 ἐπιόντων
935 2240 1151 2328 προκάμνειν·
1185 2235 1346 2320 εάθυμίας
1375 2239 1437 2324 γάρ

320 2348 436 2432 δεῖγμα
459 2347 497 2412 τδ
519 2357 646 2414 τοιοῦτο
676 2345 733 2413 καὶ
754 2348 831 2414 ἵλεω
862 2343 1009 2426 διανοίας
1031 2345 1209 2425 ἀπόδειξις.
1235 2342 1440 2432 προσέταττε

320 2453 356 2519 δέ
385 2443 435 2541 ἐφ’
467 2451 569 2541 ἡμέρᾳ
598 2456 655 2542 τίχν
685 2455 811 2542 γνώμην
839 2450 919 2538 ἔχειν
947 2453 1004 2520 καὶ
1036 2450 1076 2519 αδ
1105 2451 1208 2518 πάλιν
1236 2465 1293 2540 τῆς
1316 2450 1440 2540 ἡμέρας

321 2549 372 2626 ἐπ’
400 2555 509 2648 ἐκείνην
532 2559 580 2646 τη]
602 2560 701 2649 μέρει,
725 2550 804 2626 καθ’
831 2558 1009 2640 ὃέκαστος
1031 2561 1051 2649 ἢ
1073 2559 1213 2648 πράττει
1235 2585 1268 2624 τι
1292 2558 1437 2646 ἢέννοεῖ.

318 2667 415 2750 μόνον
443 2668 503 2754 γάρ
534 2663 673 2756 ἔφασκεν
698 2667 848 2756 ἡμέτερον
876 2659 959 2733 εἶναι
996 2668 1034 2733 τδ
1068 2667 1190 2754 παρόν,
1225 2667 1306 2754 μήτε
1335 2665 1371 2730 δὲ
1400 2667 1439 2730 τὸ
1544 2687 1545 2698 ’

320 2775 449 2862 φθάνον
470 2775 551 2862 μήτε
573 2777 611 2840 τὸ
634 2775 918 2860 προσδοκώμενον·
941 2775 979 2840 τὸ
1001 2773 1060 2857 μέν
1082 2775 1142 2860 γάρ
1159 2769 1375 2852 ἀπολωλέναι,
1399 2773 1439 2836 τὸ
1544 2807 1545 2810 ¹

319 2890 356 2956 δέ
378 2889 496 2976 ἀίδηλον
518 2875 600 2950 εἶναι
624 2877 717 2967 ε’ίπερ
741 2875 862 2946 έσταιᾱ.

391 3063 419 3102 a.
440 3046 607 3114 Cyrenaicum
631 3043 815 3114 εὐδαιμονίαν
839 3042 872 3094 ab
897 3040 1067 3095 Aristotaiiea
1086 3039 1231 3113 distinguit
1254 3038 1437 3104 Teiehnriilier,
1544 3085 1545 3090 ,

320 3139 405 3192 Euae.
430 3137 456 3190 ά.
481 3135 598 3188 Aristeu.
623 3131 808 3198 Εαόάυιονιίε,
832 3131 949 3184 Petersb.
970 3129 1047 3184 1859.
1083 3127 1216 3196 ΜέΙευςεε
1235 3125 1438 3195 greeeromains

319 3227 348 3280 T.
373 3227 414 3294 ΙΙ,
443 3244 468 3295 p.
494 3225 553 3278 112.
585 3251 616 3260 -
647 3221 786 3274 Pertinent
812 3219 877 3272 haee
909 3219 942 3272 ad
976 3219 1088 3288 primum
1112 3217 1268 3286 Cyrenaicae
1302 3216 1437 3269 doetrinae

319 3320 406 3388 eaput,
426 3319 488 3388 περὶ
508 3317 622 3384 αἱρετῶν
639 3315 686 3364 καὶ
705 3320 834 3380 φευκτῶν.

389 3458 419 3512 b.
439 3457 511 3509 Haec
523 3455 602 3507 verba
615 3453 736 3522 pugnant
748 3467 807 3504 eum
820 3449 874 3504 illis
888 3465 954 3519 quae
967 3449 1035 3502 infra
1047 3451 1079 3515 (s.
1095 3449 1140 3512 90)
1158 3448 1299 3516 leguntur:
1320 3449 1393 3500 πολὺ
1402 3475 1436 3484 -

320 3551 483 3620 σωματικάς.
521 3543 599 3596 Varie
626 3541 722 3594 nodum
747 3539 890 3610 expediunt
915 3539 1005 3592 Ritter
1027 3537 1091 3592 hist.
1117 3537 1182 3607 phil.
1200 3537 1228 3589 II
1247 3537 1308 3602 103,
1336 3535 1437 3588 Wendt

319 3637 382 3708 phil.
402 3635 461 3704 Cyr.
481 3634 523 3700 34,
544 3631 626 3686 Zeller
644 3630 671 3684 Π
689 3631 723 3684 1³
741 3629 821 3684 3072.

390 3792 416 3832 ο.
437 3775 511 3841 Quod
529 3773 671 3828 Panaetius
695 3771 781 3838 (Diog.
800 3771 827 3822 H
844 3771 890 3836 87)
909 3773 937 3824 et
955 3769 1042 3824 Cinero
1067 3768 1122 3835 (Ae.
1142 3768 1169 3820 H
1188 3769 1254 3833 139;
1282 3767 1314 3820 de
1332 3765 1390 3820 Fin.
1408 3765 1436 3818 H

318 3871 361 3924 18.
381 3869 426 3933 19)
453 3863 617 3920 contendunt
644 3860 797 3930 Cyrenaiees
823 3861 920 3913 bonurn
947 3859 999 3912 nisi
1025 3859 1053 3912 in
1085 3873 1221 3927 corporum
1253 3855 1435 3925 voluptatibus

318 3958 435 4029 posuisse
454 3955 564 4022 nulium,
584 3956 656 4008 ultra
673 3953 779 4028 modurn
796 3949 1002 4020 vituperantium
1020 3951 1075 4013 est3
1094 3947 1125 4002 ef.
1142 3946 1277 4000 Plutarch.
1297 3944 1347 4010 Qu.
1362 3961 1434 3998 conv.

317 4048 355 4100 VI
373 4048 398 4113 2,
418 4048 433 4100 7
453 4063 478 4115 p.
498 4045 552 4098 674
570 4055 653 4098 τοῦτο
677 4072 711 4081 -
736 4043 881 4114 τεκμήριον
903 4043 977 4111 μέγα
1001 4044 1058 4098 τοῖς
1077 4043 1261 4110 Κυρηναϊκοῖς
1279 4063 1312 4072 -·
1328 4045 1379 4088 τοῦ
1394 4035 1435 4106 μὴ

318 4141 380 4210 περὶ
398 4137 447 4202 τὴν
465 4139 532 4201 ὄψιν
550 4133 620 4187 εἶναι
638 4131 710 4205 μηδὲ
730 4135 791 4201 περὶ
810 4131 858 4195 τὴν
877 4129 967 4194 ἀκοήν,
988 4129 1056 4180 ἀλλὰ
1075 4130 1156 4197 περὶ
1175 4126 1234 4192 τὴν
1259 4124 1434 4177 διάνοιαν

317 4227 393 4296 ἡμῶν
412 4226 443 4276 τὸ
462 4223 599 4294 ἡδόμενον
617 4223 664 4274 ἐπὶ
683 4226 741 4280 τοῖς
759 4219 919 4290 ἀκούσμασι
937 4219 983 4269 καὶ
1001 4217 1150 4288 θεάμασιν.

389 4365 418 4419 d.
437 4365 501 4418 Inde
525 4364 723 4433 Cyrenaicorum
747 4361 868 4432 voluptas
891 4361 1061 4432 μονόχρονος
1086 4357 1171 4421 dieta,
1200 4357 1230 4410 ef.
1257 4354 1354 4408 Athen.
1378 4350 1428 4405 XII

319 4454 402 4520 54423
423 4453 499 4521 Diog.
518 4452 606 4507 1166.
