3130 4980
645 372 764 442 Physica.
1209 366 1264 428 269

142 537 310 598 αἰσθέσθαι,
339 535 420 607 οἶμαι
445 529 474 587 δ’
492 529 556 587 οὐδ’
579 533 610 587 δν
628 535 712 602 άλλῳ,
741 531 773 586 cf.
792 531 858 586 Tim,
876 528 944 586 42A
961 533 1015 598 (ΕΡ
1034 531 1112 598 266),
1139 530 1204 601 Rep.
1223 531 1263 586 IX
1379 590 1381 594 ,

141 623 235 690 5801),
253 623 404 693 588Bsq.;
422 621 533 676 Phaedr.
552 618 684 690 246Asq.
720 619 796 674 Inter
819 620 978 690 interpretes
1002 619 1147 688 ambigitur
1171 622 1263 674 utrum

141 711 222 766 etiam
240 712 289 766 has
306 713 397 782 partes
415 709 496 764 animi
514 709 676 764 immortales
700 725 758 762 esse
775 709 910 779 putaverit
927 708 1004 784 Plato
1029 725 1064 762 an
1082 708 1165 762 solam
1183 709 1263 762 ratio·

140 800 242 868 nalem,
266 818 290 854 v.
316 797 344 855 C.
368 797 398 854 F.
416 797 565 865 Hermann,
591 796 630 851 De
654 797 776 867 partibus
800 797 901 852 animae
925 797 1118 852 immortalibus
1144 813 1193 851 sec.
1212 796 1263 864 Pl„

142 886 216 945 (δολί.
236 889 314 945 1850.
351 887 531 955 Teichmifflor,
549 884 629 942 stad.
648 902 672 942 ι.
692 885 789 942 Θιεοίι.
808 885 835 940 ά.
854 885 937 955 Βιμν.
958 885 1108 941 105-222.
1145 885 1172 941 Z.
1186 884 1214 938 11
1228 882 1264 941 1⁸

142 977 369 1048 ΜωἮθ

212 1101 244 1157 b.
263 1101 301 1157 Cf.
320 1100 403 1157 Arist.
422 1101 494 1156 Hist.
513 1099 564 1156 An.
582 1100 597 1154 I
615 1100 640 1156 7.
658 1099 730 1156 491⁸
747 1100 784 1156 29
802 1103 834 1155 τό
852 1097 904 1155 ἀπ’
922 1102 1038 1172 αὐχένος
1051 1105 1134 1173 μέχρι
1148 1100 1265 1155 αἰδοίων

139 1193 229 1256 κότος,
250 1191 265 1244 ὃ
282 1195 406 1246 καλεῖται
424 1193 525 1266 θώραξ.

88 1403 131 1446 τευ
209 1387 288 1451 Tim.
314 1386 406 1452 701).
440 1385 486 1451 Τό
508 1383 545 1452 δέ
566 1385 607 1473 δὴ
630 1382 729 1451 σίτων
747 1408 782 1450 τε
803 1381 861 1452 καί
884 1397 996 1450 ποτῶν
1019 1382 1262 1473 ἐπιθυμητικόν
1337 1384 1410 1478 “inu

141 1505 200 1580 της
234 1504 339 1580 ψυχης
372 1489 431 1558 καί
465 1491 550 1557 όσων
582 1486 706 1558 ἔνδειαν
739 1491 795 1557 διά
829 1492 886 1579 τὴν
919 1501 978 1557 τοῦ
1000 1492 1152 1574 σώματος
1180 1486 1263 1574 ίσχει

140 1599 254 1688 φάσιν,
288 1609 385 1664 τοῦτο
418 1594 466 1676 εἰς
495 1599 537 1664 τὰ
566 1597 690 1680 μεταξὺ
719 1611 785 1662 τῶν
814 1621 851 1663 τε
872 1610 997 1685 φρενῶν
1019 1595 1077 1663 καί
1098 1607 1157 1663 τοῦ
1179 1598 1264 1684 πρὸς

141 1705 198 1771 τὸν
221 1702 369 1793 ὀμφαλόν
390 1704 466 1792 όρου
488 1699 694 1790 κατῴκισαν,
725 1694 794 1770 οἷον
815 1703 942 1793 φάτνην
965 1701 998 1768 ἐν
1020 1705 1145 1770 άπαντι
1159 1704 1263 1790 τοότῳ

141 1809 191 1898 τῷ
212 1811 307 1898 τόπῳ
329 1811 370 1899 τῇ
392 1820 452 1876 τοῦ
479 1811 632 1894 σώματος
661 1812 769 1899 τροφῇ
790 1809 1037 1899 τεκτηνάμενοι·
1082 1808 1140 1876 καὶ
1164 1808 1262 1875 κατέ

142 1917 244 2005 δησαν
273 1915 374 2005 δὴτό
397 1928 544 1984 τοιοῦτον
574 1915 719 1984 ἐνταῦθα
743 1917 787 1995 ὡς
809 1915 946 2003 θρέμμα
969 1915 1098 2004 άχριον,
1133 1914 1264 2004 τρέφειν

102 2109 110 2120 ⁹
142 2021 179 2089 δέ
201 2021 397 2112 ξυνημμένον
419 2021 610 2108 άναχκαῖον,
633 2019 727 2110 εἴπερ
750 2047 784 2088 τι
806 2021 921 2106 μέλλοι
943 2020 1028 2088 ποτέ
1049 2023 1172 2110 θνητὸν
1194 2018 1263 2087 έσε-

142 2133 229 2194 σθαι
251 2127 349 2214 γένος.
379 2117 426 2196 ἵν’
451 2125 506 2196 οὖν
528 2127 579 2195 ἀεὶ
601 2129 769 2213 νεμόμενον
791 2130 876 2215 πρὸς
898 2128 1003 2217 φάτνῃ
1025 2126 1084 2195 καί
1106 2129 1157 2194 ὅτι
1177 2153 1263 2212 πορ-

34 2291 36 2295 .
144 2234 279 2322 ρωτάτω
302 2245 360 2302 τοῦ
380 2234 609 2320 βουλευομένου
638 2245 825 2316 κατοικοῢν,
859 2235 1004 2322 θόρυβον
1032 2233 1089 2300 καὶ
1118 2235 1197 2322 βοὴν
1220 2235 1264 2312 ὡς

143 2338 315 2429 ἐλαχίστην
349 2339 490 2430 παρέχον
523 2343 562 2408 τὸ
597 2341 772 2429 κράτιστον
805 2330 887 2407 καθ’
926 2337 1058 2429 ἡσυχίαν
1091 2339 1265 2429 περὶτοῦ

142 2458 229 2514 πᾶσι
251 2449 345 2537 κοινῇ
361 2447 580 2537 ξυμφέροντος
602 2446 647 2536 ἕῳ
669 2448 894 2532 βουλεύεσθαι,
918 2447 973 2513 διδ
996 2435 1090 2513 ταάτ>
1118 2444 1262 2534 ἐνταῦθα

142 2549 261 2620 ἔδοσαν
293 2553 383 2641 αὐτῷ
416 2556 474 2642 τὴν
507 2553 608 2634 τάξιν.
655 2550 789 2632 Είδότες
822 2551 859 2619 δὲ
889 2553 968 2620 αότὸ
996 2555 1044 2645 ,ὡς
1073 2553 1168 2640 λόχου
1201 2552 1260 2636 μέν
1287 2571 1366 2613 iecoris
1380 2582 1462 2614 munna

143 2659 216 2727 οἷ’πε
238 2659 382 2749 ξυνήσειν
404 2655 541 2744 έμελλεν,
564 2657 598 2726 εί
618 2658 655 2727 τέ
677 2686 724 2749 πη
748 2659 805 2727 καὶ
827 2660 1072 2745 μεταλαμβάνοι
1095 2661 1181 2738 τινός
1205 2658 1263 2724 αδ-

141 2779 207 2832 τῶν
237 2763 423 2854 αἰσθήσεως
430 2816 439 2847 ,
474 2764 533 2832 οὐκ
563 2761 706 2855 ἔμφυτον
735 2765 825 2854 αὐτῷ
847 2768 885 2833 τὸ
907 2765 1016 2850 μέλειν
1038 2779 1133 2832 τινῶν
1155 2762 1263 2831 έσοιτο

142 2871 254 2957 λόχων,
277 2873 344 2938 ὑπὸ
367 2870 404 2938 δέ
425 2868 566 2938 εἰδώλων
590 2871 647 2938 καί
670 2873 912 2961 φαντασμάτων
928 2872 1039 2951 νυκτός
1054 2896 1089 2939 τε
1104 2870 1161 2938 καί
1184 2863 1260 2955 μεθ’

141 2976 263 3066 ἡμέραν
284 2978 428 3061 μάλιστα
445 2980 723 3067 ψυχαχωχήσοιτο,
747 2980 851 3066 τούτῳ
875 2980 913 3067 δὴ
936 2980 1016 3056 θεὸς
1031 2978 1264 3064 ἐπιβουλεύσας

142 3082 232 3170 αὐτῷ
261 3087 319 3172 τὴν
344 3095 403 3150 τοῦ
430 3085 559 3172 ἥπατος
588 3081 678 3150 ἰδέαν
706 3084 877 3173 ξονέστηοε
903 3083 961 3150 καί
991 3080 1110 3174 έθηκεν
1138 3082 1185 3164 εἷς
1207 3087 1264 3174 τὴν

142 3186 265 3256 ἐκείνου
288 3187 486 3279 κατοίκησιν,
510 3193 634 3256 πυκνὸν
657 3190 714 3257 καὶ
736 3192 822 3258 λεῖον
845 3195 903 3257 καῖ
918 3191 1070 3277 λαμπρὸν
1093 3191 1150 3256 καὶ
1165 3192 1264 3276 χλυκὺ

142 3294 201 3362 καὶ
224 3295 409 3384 πικρότητα
438 3291 509 3378 ἔχον
537 3295 822 3386 μηχανησάμενος,
849 3286 894 3362 ἵν’
919 3293 953 3364 ἓν
976 3295 1064 3384 αὐτῷ
1094 3309 1158 3362 τῶν
1188 3298 1263 3362 δια·
1337 3369 1341 3375 ,

142 3401 315 3490 νοημάτων
339 3400 411 3490 ἡέκ
432 3413 490 3468 τοῦ
512 3413 568 3468 νοῦ
589 3402 748 3492 φερομένη
772 3405 914 3487 δάναμις,
938 3393 1006 3470 οἷον
1029 3402 1062 3469 έν
1084 3403 1263 3490 κατόπτρῳ

142 3505 302 3594 δεχομένῳ
324 3509 448 3586 τόπους
470 3507 527 3574 καί
549 3510 695 3575 κατιδεῖν
717 3506 837 3576 ε’ίδωλα
861 3508 1052 3596 παρέχοντι,
1082 3513 1182 3598 φοβοῖ
1203 3508 1264 3593 μέν

142 3613 232 3696 αάτό,
263 3614 365 3680 ὁπότε
386 3613 476 3702 μέρει
505 3628 562 3703 της
584 3614 950 3705 πικρότητος-’χριομένη
974 3616 1114 3702 ξυχχενεῖ
1134 3616 1262 3703 χαλεπὴ

141 3723 399 3807 προσενεχθεῖσα
422 3719 543 3808 άπειλῇ
566 3724 652 3787 κατὰ
675 3734 744 3788 πάν
766 3724 970 3808 δπομιχνῦσα
993 3720 1092 3801 ὀξέως
1113 3724 1152 3787 τὸ
1172 3717 1263 3810 ἧπαρ

139 3827 270 3914 χολώδη
303 3827 461 3913 χρώματα
496 3825 666 3915 έμφαίνοι,
701 3829 880 3914 ξυνάγουσά
912 3853 948 3894 τε
981 3840 1051 3893 πᾶν
1084 3830 1178 3915 ῥυσὸν
1207 3827 1264 3894 καὶ

141 3934 244 4021 τραχὺ
266 3936 371 4014 ποιοῖ,
395 3933 491 4018 λοβὸν
513 3933 550 3999 δέ
573 3933 630 3999 καὶ
653 3935 749 4016 δοχάς
772 3936 880 4014 πάλας
903 3959 937 4002 τε
959 3933 1083 4018 τὰμὲν
1105 3932 1142 4013 ἐξ
1161 3932 1265 4021 ὀρθοῦ

142 4038 431 4122 κατοκάμπτουσα
459 4039 517 4106 καί
547 4039 706 4119 ξυσπωσα
736 4043 778 4106 τά
801 4031 833 4107 δ>
852 4040 1082 4130 ἐμφράττουσα
1116 4037 1263 4126 συγκλεί-

143 4145 227 4214 ουσά
255 4169 291 4210 τε
323 4145 432 4223 λάπας
454 4145 511 4211 καί
535 4145 617 4224 άσας
647 4146 800 4231 παρέχοι,
835 4147 893 4214 καί
915 4138 968 4213 ὅτ’
995 4145 1036 4212 αὖ
1059 4149 1101 4212 τά
1125 4143 1263 4228 ἐναντία,

143 4252 366 4340 φαντάσματα
389 4252 628 4342 άποζωχραφοῖ
650 4254 837 4342 πραότητός
871 4279 922 4332 τις
945 4253 982 4320 ἐκ
1009 4250 1156 4330 διανοίας
1186 4249 1264 4318 ε’πί-

144 4381 258 4438 πνοια,
282 4369 341 4444 τῆς
355 4356 415 4440 μὲν
430 4359 629 4447 πικρότητος
643 4358 775 4447 ἡσυχίαν
791 4358 978 4447 παρέχουσα
1001 4359 1049 4446 τῷ
1063 4359 1144 4446 μήτε
1166 4362 1265 4426 κινεῖν

143 4464 225 4552 μήτε
259 4463 519 4551 προσάπτεσθαι
558 4476 616 4552 τῆς
649 4463 796 4544 ἐναντίας
836 4461 935 4552 ἑαυτῇ
969 4466 1095 4554 φάσεως
1129 4463 1265 4546 ἐθέλειν,
