3156 4988
289 317 344 378 382
784 321 911 390 Epicurei.

158 480 1460 583 ffiffl[fflmfflfflmfflmsswfflssdmm

291 585 362 652 έοτί
394 588 528 676 περιοχή
559 611 610 665 τις
641 586 777 675 ούρανοῦ
799 587 903 676 ἀστρα
933 586 1049 654 τεκαὶ
1072 586 1209 676 γῆνκαὶ
1232 587 1345 652 πάντα
1367 589 1411 651 τά
1550 583 1552 622 ³

291 693 473 782 φαινόμενα
503 693 713 781 περιέχουσα,
746 695 918 783 ἀποτομὴν
946 691 1063 776 ἔχουσα
1093 693 1162 760 ἀπὸ
1191 704 1250 760 τοῦ
1272 690 1410 779 ἀπείρου

290 799 347 865 καί
370 800 512 888 λήγουσα
543 799 591 883 [ἐν
614 799 735 888 πέρατι
758 802 778 889 ἢ
801 801 908 888 ἀραιηῖ
931 802 951 890 ἢ
974 799 1131 888 πυκνῷ]1
1154 801 1174 889 ἢ
1197 800 1230 866 ἐν
1253 823 1412 885 περιαγο-

289 905 373 994 μένῳ
397 908 417 994 i)
440 905 473 973 ἐν
496 906 611 972 στάσιν
633 902 738 988 ἀγοντι
769 907 827 972 καὶ
856 908 1052 996 στρογγύλην
1074 909 1094 996 l)
1117 904 1274 994 τρίγωνον
1295 907 1316 995 ἢ
1339 907 1413 971 οἵαν

289 1014 328 1101 δή
359 1037 441 1080 ποτε
470 1015 684 1102 περιγραφήν.
737 1027 912 1096 πανταχῶς
942 1017 1003 1100 γὰρ
1038 1013 1216 1095 ἐνδέχεται·
1251 1025 1316 1077 των
1350 1015 1412 1097 γὰρ

289 1119 492 1209 φαινομένων
515 1119 605 1186 οὐδὲν
627 1119 858 1208 ἀντιμαρτυρεῖ
877 1119 963 1205 <ἐν>
981 1119 1091 1206 τῷδε’
1114 1121 1162 1206 rui
1184 1119 1306 1205 κόσμῳ,
1330 1117 1364 1184 ἐν
1386 1101 1414 1203 εἶ

290 1227 385 1315 ληγον
415 1226 473 1293 οόκ
503 1222 573 1292 ἔστι
596 1227 796 1311 καταλαβεῖν
826 1225 898 1312 [καί
928 1222 968 1294 od
988 1226 1141 1310 λυομένου
1172 1226 1284 1292 πάντα
1313 1227 1356 1290 τὰ
1380 1223 1414 1290 ἐν

101 1333 275 1429 innuffim
290 1333 378 1420 αὐτῷ
402 1335 551 1419 σύγχυσιν
574 1334 734 1422 λήψεται]
750 1335 771 1398 ³.
819 1344 870 1401 89.
895 1321 972 1400 “Ort
995 1333 1032 1400 δὲ
1054 1333 1112 1400 καί
1135 1344 1278 1400 τοιοίποι
1293 1332 1414 1414 κόσμοι

289 1436 371 1506 είσίν
393 1439 527 1528 ἀπείρου
556 1441 594 1505 τὸ
618 1440 765 1527 πλῆθος,
796 1435 866 1506 ἔστι
889 1441 1104 1524 καταλαβεῖν·
1141 1438 1200 1506 καὶ
1222 1439 1274 1505 ὅτι
1298 1439 1316 1504 ὁ
1340 1462 1414 1503 τοι·

290 1557 382 1624 οὕτος
398 1547 533 1612 δύναται
549 1547 670 1628 κόσμος
685 1543 836 1631 γίνεσθαι
859 1545 917 1613 καί
940 1545 974 1613 ἐν
988 1547 1101 1633 κόσμῳ
1117 1545 1175 1612 καί
1189 1542 1414 1630 μετακοσμίῳ,

289 1649 308 1718 ὃ
331 1652 462 1738 λέγομεν
483 1653 605 1736 μεταξύ
627 1653 757 1737 κόσμων
780 1653 955 1742 διάστημα,
980 1653 1013 1719 ἓν
1035 1651 1203 1740 πολυκένῳ
1226 1653 1350 1739 τόπῳ“.

117 1795 258 1858 eiusdemi
363 1809 393 1851 κ.
411 1794 515 1864 Epicur.
534 1795 620 1866 Epist.
638 1795 652 1848 I
670 1812 711 1866 ep.
730 1797 807 1865 Diog.
826 1797 851 1850 X
870 1797 905 1852 45
923 1815 948 1867 p.
968 1798 985 1851 9
1004 1797 1050 1850 Us.
1077 1827 1109 1835 -
1133 1797 1166 1850 In
1184 1797 1336 1850 universum
1363 1795 1415 1848 hoc

101 1861 266 1890 varssenaere
289 1885 409 1956 sequitur
437 1883 579 1954 Epicurus,
616 1902 825 1956 unamquamque
861 1903 916 1940 rem
954 1886 1074 1940 sensibus
1102 1886 1230 1940 obiectam
1257 1902 1274 1938 ε
1300 1884 1413 1937 dirersis

288 1974 373 2029 causis
391 1974 475 2043 repeti
493 1990 576 2044 posse,
596 1974 705 2044 ideoque
724 1991 769 2028 eos
783 1976 918 2046 vituperet
936 1976 982 2045 qui
995 1992 1034 2041 ca,
1048 1991 1116 2044 quae
1129 1978 1201 2028 certo
1215 1973 1328 2028 decursu
1340 1973 1414 2026 facto

288 2067 468 2129 revertantur,
493 2080 524 2117 ex
548 2063 637 2117 eudem
664 2064 785 2133 protinus
808 2065 867 2132 lege
885 2067 913 2118 et
931 2065 1007 2135 quasi
1025 2064 1101 2118 tetuli
1120 2063 1234 2134 quedem
1252 2063 1413 2116 necessitate

287 2153 431 2208 identidem
457 2153 515 2207 fieri
542 2157 673 2207 censeant.
716 2153 841 2224 Exemplo
868 2153 925 2208 sint
951 2171 1018 2224 quae
1046 2154 1215 2208 disseruntur
1241 2152 1274 2206 de
1301 2152 1357 2206 sole
1385 2152 1413 2204 in

287 2241 372 2312 Epist.
391 2241 419 2294 H
437 2259 478 2312 ap.
496 2242 573 2310 Diog.
592 2242 618 2296 X
636 2243 671 2297 93
689 2261 714 2313 p.
734 2244 770 2297 40
783 2243 829 2297 Ue.
858 2246 963 2316 τροπὰς
980 2247 1059 2310 ἡλίου
1076 2248 1123 2297 καὶ
1141 2245 1252 2309 σελήνης
1269 2242 1414 2312 ἐνδέχεται

286 2333 339 2404 μὲν
357 2337 488 2400 γίνεσθαι
501 2334 572 2386 κατὰ
586 2334 703 2394 λόξωσιν
722 2334 841 2405 ούρανοῦ
855 2334 926 2386 οὕτω
940 2339 998 2393 τοῖς
1008 2334 1122 2405 χρόνοις
1134 2335 1412 2404 κατηναγκασμένου·

288 2423 390 2491 ὁμοίως
406 2421 437 2473 δὲ
451 2424 497 2473 καὶ
511 2423 581 2474 κατὰ
596 2423 675 2492 ἀέρος
690 2423 838 2482 ἀντέξωσιν
857 2425 872 2487 ἢ
890 2425 937 2474 καὶ
956 2422 1019 2488 ὕλης
1037 2423 1080 2475 ἀεὶ
1098 2421 1256 2487 ἐπιτηδείας
1273 2422 1414 2492 ἐχομένως

287 2511 504 2584 ἐμπιπραμένης,
520 2520 566 2577 τῆς
581 2511 599 2563 δ
602 2507 609 2524 ‘
627 2513 802 2576 ἐκλειπούσης
815 2512 840 2549 4·
860 2515 876 2575 ἢ
894 2515 942 2564 καὶ
959 2513 988 2572 ἐξ
1006 2513 1090 2584 ἀρχῆς
1104 2512 1233 2576 τοιαύτην
1246 2509 1328 2576 δίνην
1345 2529 1413 2564 κατ-

288 2602 430 2666 ειληθῆναι
458 2605 516 2659 τοῖς
544 2603 656 2671 ἀστροις
685 2602 805 2663 τούτοις,
850 2595 923 2653 ὥσθ’
958 2594 1017 2652 οίόν
1045 2595 1131 2652 τιν’5
1159 2599 1235 2652 ἕλικα
1261 2604 1411 2652 κινεῖσθαι.

288 2691 381 2742 πάντα
406 2690 461 2760 γάρ
487 2691 521 2741 τὰ
547 2698 662 2742 τοιαῦτα
686 2693 733 2741 καὶ
757 2691 791 2740 τό
810 2690 920 2749 τούτοις
945 2698 1064 2758 συγγενῆ
1082 2689 1204 2742 οὐθενὶ6
1223 2699 1278 2741 τῶν
1295 2689 1412 2758 ἐναργη-

286 2780 385 2848 μύτων
410 2777 559 2848 διαφωνεῖ,
588 2779 637 2830 ἐόν
660 2796 701 2836 τις
725 2778 768 2830 ἀεὶ
791 2779 839 2830 ἐπὶ
864 2787 918 2830 τῶν
942 2779 1076 2830 τοιούτων
1098 2787 1190 2849 μερῶν
1208 2779 1342 2848 ἐχόμενος
1362 2785 1413 2830 τοῦ

287 2868 411 2922 δυνατοῦ
437 2871 475 2928 είς
503 2869 535 2920 τὸ
563 2868 716 2938 σύμφωνον
743 2872 801 2925 τοῖς
825 2871 1004 2938 φαινομένοις
1029 2865 1146 2920 ἕκαστον
1169 2867 1275 2919 τούτων
1293 2865 1413 2932 δύνηται

241 3000 244 3005 .
287 2958 401 3024 ἐπάγειν
418 2957 459 3026 μὴ
477 2957 652 3026 φοβούμενος
671 2956 720 3014 τὰς
734 2955 964 3026 ἀνδραποδώδεις
982 2957 1159 3026 ἀστρολόγων
1177 2961 1334 3026 τεχνιτείας.
1373 2953 1410 3009 Cf.

287 3043 322 3096 ib.
342 3043 378 3097 94
388 3060 427 3112 sq.
447 3072 481 3080 -
506 3042 546 3094 De
563 3043 680 3096 motibus
699 3042 815 3096 siderum
832 3043 868 3096 ib.
889 3044 941 3096 113
960 3060 986 3112 p.
1006 3043 1041 3098 53
1059 3043 1107 3098 Us.
1127 3047 1158 3098 τὸ
1177 3044 1209 3098 δέ
1227 3050 1299 3116 μίαν
1317 3049 1412 3098 αἰτίαν

288 3134 393 3186 τούτων
418 3130 601 3194 ἀποδιδόναι,
628 3135 788 3202 πλεοναχῶς
812 3141 866 3184 τῶν
889 3137 1068 3204 φαινομένων
1086 3135 1307 3204 ἐκκαλουμένων,
1325 3155 1411 3206 μανι·

286 3223 336 3274 κόν
353 3225 400 3274 καὶ
419 3222 452 3274 οὐ
469 3222 643 3286 καθηκόντως
662 3222 855 3292 πραττόμενον
875 3223 928 3274 bnt
946 3232 1001 3273 τῶν
1020 3223 1068 3287 τὴν
1084 3227 1211 3294 ματαίαν
1224 3223 1412 3292 ἀστρολογίαν

287 3311 454 3377 ἐζηλωκότων
476 3313 523 3362 καὶ
548 3314 587 3369 εἰς
611 3311 643 3362 τὸ
657 3311 745 3382 Ικενόν
764 3314 855 3370 αἰτίας
879 3310 1014 3380 ἀστρωνῖ
1036 3311 1246 3377 ἀποδιδόντων,
1275 3311 1343 3364 ὅταν
1361 3313 1411 3378 τὴν

286 3404 368 3453 θείειν
387 3401 475 3470 φύσιν
492 3401 613 3470 μηθαμῇ
632 3400 809 3468 λειτουργιῶν
827 3399 978 3451 ἀπολύωσι.

150 3610 246 3650 ⁸¹⁶0r¹¹¹¹¹
355 3611 513 3693 [Epicur]
544 3611 644 3694 Epist.
667 3611 702 3674 Π
733 3627 781 3693 ap.
804 3611 895 3692 Diog.
918 3611 949 3674 X
979 3619 1018 3676 91
1053 3632 1083 3694 p.
1108 3619 1149 3677 39
1174 3612 1231 3677 Us.
1293 3613 1338 3678 Tb
1373 3609 1453 3676 δὲνσ

129 3663 259 3715 magnitude

286 3714 427 3801 μέγεθος
456 3713 547 3804 ἡλίου
579 3740 613 3782 τε
632 3713 716 3798 (καί
739 3714 909 3804 σελήνης>8
935 3714 992 3780 καί
1020 3728 1085 3780 τῶν
1120 3716 1247 3782 λοιπῶν
1281 3716 1408 3805 ἀστρων

286 3823 373 3889 κατά
395 3821 456 3906 μὲν
478 3823 542 3888 τό9
566 3823 650 3909 πρὸς
674 3823 758 3909 ἡμᾶς
781 3821 969 3910 τηλικοῦτόν
993 3820 1081 3887 ἐστιν
1104 3821 1214 3912 ἡλίκον
1238 3820 1407 3912 φαίνεται·

358 4093 386 4154 1)
403 4090 484 4143 Uncis
511 4089 613 4142 inclusa
639 4089 716 4142 eiecit
742 4088 789 4142 Us.
818 4117 852 4126 -
880 4089 908 4153 2)
936 4091 966 4142 ἐν
994 4090 1064 4158 τῷδε
1092 4089 1153 4142 Ue:
1181 4091 1252 4160 τῷδε
1280 4090 1348 4144 libri.
1373 4117 1405 4126 -

286 4181 315 4244 3)
332 4179 413 4232 Uneis
431 4179 534 4232 incluse
551 4179 629 4232 eiecit
645 4178 692 4231 Us.
723 4207 757 4218 -
784 4179 811 4243 4)
831 4175 859 4232 δ’
877 4181 1055 4246 ἐκλειπούσης
1072 4175 1133 4232 Um:
1153 4179 1184 4232 δὲ
1203 4181 1406 4243 καταλιπούσης

285 4267 356 4322 libri.
385 4296 419 4305 -
446 4267 474 4331 5)
502 4262 561 4322 οἷόν
580 4264 634 4320 τιν’
651 4267 713 4321 Ue:
739 4263 798 4321 οἷον
816 4285 844 4320 τε
863 4266 932 4320 libri.
962 4293 996 4305 -
1024 4267 1052 4331 6)
1072 4270 1166 4321 οὐθενὶ
1185 4267 1246 4322 Um:
1266 4269 1349 4322 οὐθὲν
1367 4265 1405 4318 vel

289 4357 371 4411 οὐδὲν
388 4356 458 4409 libri.
478 4385 513 4394 —
532 4357 559 4421 7)
579 4361 687 4430 ἀστρων
704 4355 764 4410 Us.:
784 4367 865 4409 τινῶν
882 4355 952 4408 libri.
979 4383 1012 4394 -
1038 4356 1066 4420 8)
1083 4361 1130 4410 καὶ
1149 4359 1202 4410 σελ.
1223 4355 1282 4410 add.
1302 4355 1352 4409 Us.
1370 4383 1404 4394 -

287 4446 315 4510 9)
333 4446 387 4516 μὲν
406 4447 437 4497 τό
456 4443 610 4498 Schneider:
628 4450 725 4517 μέντοι
744 4445 813 4498 libri.
