3146 4982
313 357 368 422 462
641 336 644 342 .
691 362 860 432 Philosophia
877 362 1061 418 manorum.

314 525 441 590 animus
457 523 603 588 hominis.
638 523 724 588 Nem
747 525 785 588 ut
800 524 856 588 illa
871 525 988 588 natura
1004 522 1151 588 eoelestis
1174 525 1208 586 et
1230 524 1318 586 terra
1341 523 1438 587 vaeat
1557 519 1558 600 g

315 633 348 696 et
370 647 489 706 umore.
520 629 565 694 sio
587 630 756 711 utriusque
779 630 895 694 harum
918 644 1028 695 rerum
1050 629 1212 694 humanus
1235 628 1363 694 animus
1387 629 1438 692 est
1557 629 1558 632 ’

315 755 434 820 expers.
470 735 527 800 Sin
549 736 658 800 eutem
681 737 731 800 est
754 735 867 817 quinta
883 735 1041 816 quaedam
1056 737 1184 812 natura,
1208 735 1248 799 ab
1263 734 1437 800 Aristotele

313 841 445 908 indueta
467 841 623 925 primum,
652 842 731 906 haeo
755 843 788 906 et
811 841 943 906 deornm
974 843 1024 906 est
1053 844 1087 908 et
1109 841 1298 906 animorum.
1343 840 1438 906 Hane
1557 863 1558 874 ²

313 969 371 1014 nos
395 949 590 1014 sententiam
613 948 716 1014 seouti
738 948 789 1012 his
812 949 890 1032 ipsis
913 949 1018 1014 verbis
1040 949 1075 1014 in
1098 947 1321 1014 Consolatione
1346 947 1436 1030 [hoe]

313 1056 543 1140 expressimus:
576 1062 627 1121 66.
658 1055 870 1132 „Animorum
895 1055 1048 1120 nulla'in
1070 1055 1166 1120 terris
1190 1054 1277 1136 origo
1301 1053 1438 1118 inveniri
1556 1045 1558 1072 ¹

312 1164 427 1246 potest
450 1162 539 1226 Nihil
554 1162 639 1226 enim
655 1163 706 1226 est
720 1162 753 1226 in
775 1161 889 1226 animis
912 1162 1050 1228 mixtum
1066 1162 1162 1244 atque
1178 1161 1364 1226 concretum
1380 1162 1439 1224 ant
1556 1201 1558 1226 .

314 1269 398 1350 quod
423 1287 460 1334 ex
483 1270 569 1332 terra
583 1270 698 1333 natum
715 1268 811 1349 atque
826 1267 940 1332 fiotum
962 1286 1032 1334 esse
1048 1267 1203 1344 videatur,
1225 1266 1362 1332 nihilne
1379 1267 1438 1330 aut

312 1375 459 1440 umidum
483 1374 613 1456 quidem
636 1376 695 1446 eut
717 1373 823 1438 flebile
847 1375 905 1438 aut
926 1374 1085 1456 igneuns
1129 1373 1189 1438 His
1213 1373 1301 1438 enim
1322 1373 1357 1436 in
1379 1389 1438 1436 na-
1556 1369 1557 1372 ’

312 1482 394 1546 turis
417 1481 497 1544 nihil
526 1481 612 1546 inest
643 1480 728 1561 quod
758 1480 823 1544 virn
846 1481 1030 1558 memoriae,
1064 1481 1198 1557 mentis,
1233 1478 1437 1561 eogitationis
1556 1481 1558 1560 l

312 1587 438 1663 habeat.
461 1587 547 1668 qnod
563 1589 596 1652 et
610 1587 784 1669 praeterita
806 1588 917 1652 teneat
939 1589 973 1654 et
993 1587 1104 1652 futura
1118 1586 1286 1669 provideat
1301 1587 1335 1652 et
1351 1603 1438 1650 oom-

312 1693 410 1775 pleoti
424 1693 525 1775 possit
540 1693 730 1775 praesentia,
754 1711 836 1774 quae
853 1694 922 1758 sola
937 1693 1046 1758 divina
1068 1695 1154 1770 sunt,
1175 1712 1237 1758 neo
1252 1692 1437 1758 invenietur
1556 1689 1557 1744 ἐ

312 1816 457 1880 unquam
479 1797 564 1864 unde
587 1798 628 1862 ad
651 1799 813 1864 hominem
835 1799 943 1864 venire
973 1800 1098 1882 possint
1119 1799 1182 1864 nisi
1205 1819 1225 1864 a
1247 1799 1315 1865 deo.
1363 1797 1437 1862 Sin·
1548 1781 1558 1834 ³⁵

312 1905 432 1986 galeris
457 1906 507 1970 est
529 1905 628 1987 igitur
649 1905 808 1986 quaedam
830 1908 947 1972 natura
970 1908 1069 1988 atque
1095 1907 1141 1972 vis
1165 1906 1264 1972 animi
1288 1905 1437 1970 seiuncta
1556 1961 1558 1968 ,

312 2012 352 2076 ab
367 2012 418 2076 his
435 2011 564 2076 usitatis
580 2011 728 2092 notisque
743 2012 878 2076 naturis.
922 2013 975 2078 Ita
999 2012 1155 2095 quidquid
1178 2015 1229 2076 est
1250 2010 1333 2076 illud
1350 2010 1436 2091 qnod
1556 2019 1558 2078 ἑ

311 2119 425 2195 sentit,
450 2117 534 2200 quod
558 2118 656 2200 sapit,
681 2118 882 2198 quesierit,
907 2119 992 2200 quod
1014 2119 1115 2202 viget,
1138 2119 1275 2184 eoeleste
1299 2119 1333 2181 et
1355 2116 1436 2182 divi·
1556 2109 1558 2196 ]

309 2245 389 2290 num
413 2225 452 2289 ob
476 2241 610 2305 eamque
634 2241 703 2288 rem
726 2226 894 2290 aeternum
923 2225 966 2289 sit
988 2243 1118 2300 neeesse
1142 2223 1220 2290 esti.
1267 2223 1336 2288 Neo
1359 2241 1435 2288 vero

310 2331 390 2398 deus
413 2331 491 2413 ipse,
515 2331 571 2411 qui
594 2330 793 2412 intellegitur
817 2332 951 2408 anobis,
975 2327 1036 2396 alio
1059 2331 1153 2396 modo
1168 2330 1312 2411 intellegi
1326 2331 1436 2412 potest

310 2437 372 2500 nisi
394 2454 484 2502 mens
509 2436 615 2502 soluta
632 2437 792 2518 quendem
815 2438 978 2514 stlitem,
1003 2439 1170 2520 segregata
1194 2437 1233 2502 ab
1257 2437 1345 2500 omni
1360 2453 1435 2500 oon·

309 2544 449 2608 oretione
472 2543 610 2620 mortali,
635 2544 742 2609 omnia
758 2545 899 2610 sentiens
925 2547 958 2609 et
974 2563 1106 2610 movens
1129 2534 1263 2627 ipsaque
1286 2542 1435 2626 praedita

309 2651 399 2716 motu
424 2651 670 2732 sempiterno“⁰.

380 2803 410 2847 a.
428 2789 589 2858 Vulgaribus
614 2791 646 2844 ae
671 2791 711 2844 re
736 2791 901 2862 opinionibus
927 2807 986 2844 eum
1009 2791 1117 2876 erasme
1140 2749 1227 2843 fatae
1243 2789 1316 2858 (reg.
1336 2788 1364 2842 11
1383 2789 1433 2855 se;

308 2878 342 2932 D.
360 2877 394 2931 N.
413 2877 584 2949 11138sq.),
612 2883 700 2934 temon
718 2880 780 2934 deos
799 2897 857 2934 esse
875 2880 1005 2934 communi
1024 2879 1142 2948 gentium
1164 2879 1333 2950 persuasione
1351 2894 1435 2948 popu·

307 2966 409 3036 larique
428 2967 502 3020 orrltu
520 2968 625 3038 probari
643 2971 723 3040 putat
740 2968 826 3035 (Taso.
845 2968 859 3021 I
879 2970 928 3036 303
947 2969 1008 3037 Ieg.
1027 2969 1113 3032 124).
1160 2967 1308 3022 Stoieorum
1326 2967 1434 3036 quidem

1552 2211 1558 2364 p

308 3055 465 3122 argumenta
483 3056 547 3110 adeo
565 3073 653 3110 oarere
666 3057 781 3127 pondere
799 3059 896 3124 censet,
917 3061 949 3111 ut
962 3075 1017 3111 rem
1030 3075 1084 3112 non
1097 3056 1243 3127 expediant,
1263 3055 1310 3110 sed
1323 3055 1433 3110 dubiam
1554 3127 1555 3130 Ἴ

308 3142 408 3196 facient
426 3144 469 3210 (D.
488 3143 523 3198 N.
542 3144 660 3212 1111o);
679 3146 765 3199 multa
788 3146 858 3200 enim
882 3147 910 3199 in
934 3149 1032 3200 natura
1055 3162 1125 3213 esse,
1148 3159 1258 3215 quorum
1276 3159 1345 3214 quaa
1363 3145 1432 3198 ratio

308 3230 346 3284 sit
367 3231 409 3284 vix
428 3231 479 3286 diei
497 3235 577 3302 queat
594 3231 651 3301 (Ae.
670 3233 697 3287 II
716 3235 786 3300 119).
815 3235 942 3289 Attamen
959 3235 1014 3290 veri
1033 3234 1145 3290 similius
1162 3233 1267 3287 videtur
1292 3249 1351 3286 esse
1369 3232 1433 3287 deos

308 3335 387 3390 quem
405 3337 457 3375 non
475 3337 533 3375 esse
551 3321 598 3388 (Ι).
617 3321 651 3377 N.
671 3323 732 3388 123
751 3323 793 3376 111
812 3323 865 3389 95).
903 3322 941 3378 Cf.
960 3323 1042 3377 etium
1060 3323 1092 3376 de
1106 3321 1164 3376 Dis.
1183 3321 1277 3376 11149
1296 3337 1381 3390 quam
1399 3323 1433 3377 ob
1552 3329 1554 3390 ξ

306 3425 364 3463 rem
381 3415 415 3463 ut
432 3410 530 3480 reliqio
545 3410 737 3480 peopaqonda
755 3412 839 3465 etiam
857 3417 911 3480 est,
930 3427 1000 3482 qnos
1019 3417 1058 3467 est
1075 3411 1175 3468 anea
1193 3425 1256 3466 eam
1274 3411 1433 3481 wyaitiosoe
1552 3491 1554 3512 ἵ

306 3503 437 3566 natusne,
455 3499 496 3554 sie
512 3499 716 3568 superstitionis
733 3501 835 3568 stirpes
852 3517 943 3554 onmes
960 3499 1107 3570 stipendus.

378 3603 408 3658 b.
428 3603 466 3658 Cf.
484 3604 549 3674 Rep.
568 3604 606 3658 VI
624 3605 672 3672 26;
692 3604 741 3662 Off.
760 3606 802 3660 III
818 3605 863 3662 44.

379 3722 406 3764 e.
426 3708 464 3764 cf.
482 3709 539 3764 Fir.
558 3710 595 3764 IV
613 3712 649 3768 28
668 3712 857 3782 otiosaeque
875 3713 949 3768 enim
966 3712 1042 3768 sans
1055 3713 1163 3768 aalma
1176 3713 1366 3782 consitum,
1384 3729 1430 3768 ne·

307 3813 376 3854 essse
403 3803 451 3865 est,
480 3799 562 3860 etiem
588 3801 614 3856 st
637 3800 670 3854 id
693 3801 754 3856 sine
772 3816 884 3872 empore
907 3801 957 3868 stt,
984 3806 1017 3855 at
1039 3801 1182 3872 asponae,
1210 3807 1304 3856 toene
1322 3817 1377 3858 sese
1396 3802 1430 3856 ta

307 3886 401 3940 animo
420 3887 555 3956 quaedam
573 3887 679 3942 similia
697 3903 791 3943 eorum
809 3905 879 3958 quoe
898 3895 964 3944 suat
981 3889 1014 3943 tes
1032 3904 1151 3958 corpore.
1187 3887 1263 3944 Tusa.
1283 3889 1298 3944 I
1316 3889 1359 3944 50.

378 4010 408 4066 d.
428 4010 467 4065 De
485 4011 686 4066 immortalitate
704 4012 805 4066 animae
823 4029 890 4083 quae
909 4029 925 4066 a
941 4013 1105 4084 philosophis
1123 4012 1267 4068 domentur
1285 4015 1314 4066 et
1335 4013 1428 4082 optimi
1541 4050 1552 4086 ‚3

306 4098 431 4170 cuiusque
460 4099 604 4169 probentur
628 4099 723 4154 indicio
748 4100 802 4156 veri
821 4099 917 4154 similis
941 4118 997 4155 esse
1027 4101 1175 4168 existimet,
1210 4100 1257 4154 ssd
1289 4103 1428 4172 poetarum

308 4185 340 4238 de
367 4185 457 4240 inferis
484 4187 586 4240 fabulas
620 4190 783 4260 contemptui
810 4189 903 4243 habet:
937 4189 1013 4244 'ltrsn
1041 4189 1055 4242 I
1082 4190 1125 4244 48.
1154 4189 1197 4244 51.
1225 4189 1273 4256 78;
1307 4188 1365 4244 Cat.
1393 4205 1427 4242 m.

308 4275 349 4327 77.
368 4275 411 4329 84.

377 4393 404 4434 e.
425 4381 473 4434 Dei
492 4382 627 4469 cogitatio·
641 4399 720 4454 quom
743 4383 780 4438 sit
797 4383 931 4454 implicato
954 4384 1119 4439 demonstrat
1136 4383 1212 4438 Tusa.
1231 4381 1312 4451 1513
1340 4384 1373 4437 D.
1392 4382 1424 4438 N.

305 4465 347 4519 111
360 4467 404 4533 38,
423 4467 494 4522 nlibi.
513 4469 648 4526 Summum
666 4472 779 4542 aliquem
797 4471 875 4528 deum
897 4489 955 4527 esse
973 4472 1054 4528 efficit
1070 4473 1132 4542 Ieg.
1150 4472 1164 4526 1
1182 4472 1231 4540 tt;
1250 4472 1328 4528 'luen
1346 4473 1360 4526 I
1378 4473 1425 4538 7ος
