<?xml version="1.0" encoding="UTF-8"?>
<!DOCTYPE html PUBLIC "-//W3C//DTD XHTML 1.0 Transitional//EN"
    "http://www.w3.org/TR/xhtml1/DTD/xhtml1-transitional.dtd">
<html xmlns="http://www.w3.org/1999/xhtml" xml:lang="en" lang="en">
 <head>
  <title>
</title>
<meta http-equiv="Content-Type" content="text/html;charset=utf-8" />
  <meta name='ocr-system' content='tesseract 3.04.00' />
  <meta name='ocr-capabilities' content='ocr_page ocr_carea ocr_par ocr_line ocrx_word'/>
</head>
<body>
  <div class='ocr_page' id='page_1' title='image "./historiaphiloso00rittgoog_0416.png"; bbox 0 0 3146 4982; ppageno 0'>
   <div class='ocr_carea' id='block_1_1' title="bbox 320 392 987 464">
    <p class='ocr_par' dir='ltr' id='par_1_1' title="bbox 320 392 987 464">
     <span class='ocr_line' id='line_1_1' title="bbox 320 392 987 464; baseline -0.004 -15"><span class='ocrx_word' id='word_1_1' title='bbox 320 393 376 456; x_wconf 80' lang='grc'><strong>408</strong></span> <span class='ocrx_word' id='word_1_2' title='bbox 780 393 862 448; x_wconf 84' lang='lat' dir='ltr'><strong>Stoici</strong></span> <span class='ocrx_word' id='word_1_3' title='bbox 879 392 987 464; x_wconf 83' lang='lat' dir='ltr'>priores.</span> 
     </span>
    </p>
   </div>
   <div class='ocr_carea' id='block_1_2' title="bbox 320 527 1561 807">
    <p class='ocr_par' dir='ltr' id='par_1_2' title="bbox 320 527 1561 807">
     <span class='ocr_line' id='line_1_2' title="bbox 320 527 1561 630; baseline -0.008 -18"><span class='ocrx_word' id='word_1_4' title='bbox 320 559 393 612; x_wconf 66' lang='lat' dir='ltr'><strong>aare</strong></span> <span class='ocrx_word' id='word_1_5' title='bbox 418 559 554 630; x_wconf 68' lang='grc' dir='ltr'><em>σωμαωι</em></span> <span class='ocrx_word' id='word_1_6' title='bbox 578 557 682 628; x_wconf 70' lang='grc' dir='ltr'><em>μόνον,</em></span> <span class='ocrx_word' id='word_1_7' title='bbox 702 556 771 610; x_wconf 76' lang='lat' dir='ltr'><strong>aaa</strong></span> <span class='ocrx_word' id='word_1_8' title='bbox 788 557 836 607; x_wconf 72' lang='grc' dir='ltr'><em>και</em></span> <span class='ocrx_word' id='word_1_9' title='bbox 855 555 1017 623; x_wconf 66' lang='lat' dir='ltr'><strong>campana.</strong></span> <span class='ocrx_word' id='word_1_10' title='bbox 1054 550 1126 606; x_wconf 69' lang='lat' dir='ltr'><strong>aare.</strong></span> <span class='ocrx_word' id='word_1_11' title='bbox 1145 550 1230 604; x_wconf 76' lang='lat' dir='ltr'><strong>men.</strong></span> <span class='ocrx_word' id='word_1_12' title='bbox 1249 550 1275 604; x_wconf 82' lang='lat' dir='ltr'><strong>x</strong></span> <span class='ocrx_word' id='word_1_13' title='bbox 1292 549 1347 604; x_wconf 77' lang='lat'><strong>234</strong></span> <span class='ocrx_word' id='word_1_14' title='bbox 1374 552 1443 625; x_wconf 69' lang='grc' dir='ltr'><em>πρὸς</em></span> <span class='ocrx_word' id='word_1_15' title='bbox 1559 527 1561 534; x_wconf 64' lang='grc'><strong>”</strong></span> 
     </span>
     <span class='ocr_line' id='line_1_3' title="bbox 322 640 1444 714; baseline -0.005 -14"><span class='ocrx_word' id='word_1_16' title='bbox 322 648 386 708; x_wconf 80' lang='grc' dir='ltr'><em>τοὺς</em></span> <span class='ocrx_word' id='word_1_17' title='bbox 405 647 462 699; x_wconf 85' lang='grc' dir='ltr'><strong>ἀπὸ</strong></span> <span class='ocrx_word' id='word_1_18' title='bbox 481 653 527 714; x_wconf 81' lang='grc' dir='ltr'><strong>τῆς</strong></span> <span class='ocrx_word' id='word_1_19' title='bbox 545 648 636 704; x_wconf 82' lang='grc' dir='ltr'><em>Στοᾶς</em></span> <span class='ocrx_word' id='word_1_20' title='bbox 650 669 683 680; x_wconf 89' lang='lat'><strong>—-</strong></span> <span class='ocrx_word' id='word_1_21' title='bbox 699 645 858 714; x_wconf 73' lang='grc' dir='ltr'><em>φάσκοντας</em></span> <span class='ocrx_word' id='word_1_22' title='bbox 877 651 931 695; x_wconf 90' lang='grc' dir='ltr'><em>τῶν</em></span> <span class='ocrx_word' id='word_1_23' title='bbox 950 651 1031 696; x_wconf 85' lang='grc' dir='ltr'><em>τινῶν</em></span> <span class='ocrx_word' id='word_1_24' title='bbox 1050 642 1084 694; x_wconf 86' lang='grc' dir='ltr'><em>τά</em></span> <span class='ocrx_word' id='word_1_25' title='bbox 1101 641 1156 714; x_wconf 79' lang='grc' dir='ltr'><strong>μὲν</strong></span> <span class='ocrx_word' id='word_1_26' title='bbox 1174 640 1245 694; x_wconf 72' lang='grc' dir='ltr'><em>εἶναι</em></span> <span class='ocrx_word' id='word_1_27' title='bbox 1264 641 1389 712; x_wconf 85' lang='grc' dir='ltr'><em>σώματα,</em></span> <span class='ocrx_word' id='word_1_28' title='bbox 1408 641 1444 694; x_wconf 87' lang='grc' dir='ltr'><em>τά</em></span> 
     </span>
     <span class='ocr_line' id='line_1_4' title="bbox 321 734 517 807; baseline -0.01 -18"><span class='ocrx_word' id='word_1_29' title='bbox 321 734 355 789; x_wconf 78' lang='grc' dir='ltr'><strong>δὲ</strong></span> <span class='ocrx_word' id='word_1_30' title='bbox 373 735 517 807; x_wconf 83' lang='grc' dir='ltr'><strong><em>ἀσώματα.</em></strong></span> 
     </span>
    </p>
   </div>
   <div class='ocr_carea' id='block_1_3' title="bbox 321 853 1446 1994">
    <p class='ocr_par' dir='ltr' id='par_1_3' title="bbox 321 853 1446 1994">
     <span class='ocr_line' id='line_1_5' title="bbox 393 853 1444 924; baseline -0.008 -10"><span class='ocrx_word' id='word_1_31' title='bbox 393 871 421 914; x_wconf 82' lang='lat' dir='ltr'><strong>o.</strong></span> <span class='ocrx_word' id='word_1_32' title='bbox 444 853 599 912; x_wconf 77' lang='lat' dir='ltr'><strong>Aristotelis</strong></span> <span class='ocrx_word' id='word_1_33' title='bbox 614 855 714 910; x_wconf 88' lang='lat' dir='ltr'><strong>scilicet</strong></span> <span class='ocrx_word' id='word_1_34' title='bbox 732 855 880 924; x_wconf 81' lang='lat' dir='ltr'><strong>categorias</strong></span> <span class='ocrx_word' id='word_1_35' title='bbox 898 855 938 908; x_wconf 89' lang='lat' dir='ltr'><strong>ita</strong></span> <span class='ocrx_word' id='word_1_36' title='bbox 957 854 1007 908; x_wconf 89' lang='lat' dir='ltr'><strong>sibi</strong></span> <span class='ocrx_word' id='word_1_37' title='bbox 1025 853 1058 908; x_wconf 89' lang='lat' dir='ltr'><strong>ad</strong></span> <span class='ocrx_word' id='word_1_38' title='bbox 1071 854 1199 908; x_wconf 83' lang='lat' dir='ltr'><strong>minorem</strong></span> <span class='ocrx_word' id='word_1_39' title='bbox 1217 869 1356 908; x_wconf 88' lang='lat' dir='ltr'><strong>numerum</strong></span> <span class='ocrx_word' id='word_1_40' title='bbox 1373 869 1444 907; x_wconf 82' lang='lat' dir='ltr'><strong>reuo-</strong></span> 
     </span>
     <span class='ocr_line' id='line_1_6' title="bbox 321 940 1443 1016; baseline -0.004 -16"><span class='ocrx_word' id='word_1_41' title='bbox 321 962 395 1000; x_wconf 79' lang='lat' dir='ltr'><strong>casse</strong></span> <span class='ocrx_word' id='word_1_42' title='bbox 417 944 581 1000; x_wconf 85' lang='lat' dir='ltr'><strong>videbantur.</strong></span> <span class='ocrx_word' id='word_1_43' title='bbox 626 943 667 998; x_wconf 87' lang='lat' dir='ltr'><strong>Ab</strong></span> <span class='ocrx_word' id='word_1_44' title='bbox 690 943 756 1014; x_wconf 90' lang='lat' dir='ltr'><strong>ipsis</strong></span> <span class='ocrx_word' id='word_1_45' title='bbox 785 945 818 998; x_wconf 78' lang='grc' dir='ltr'><em>τά</em></span> <span class='ocrx_word' id='word_1_46' title='bbox 844 946 1013 1016; x_wconf 78' lang='grc' dir='ltr'><em>γενικώτατα</em></span> <span class='ocrx_word' id='word_1_47' title='bbox 1037 943 1217 1014; x_wconf 76' lang='lat' dir='ltr'>appellantur,</span> <span class='ocrx_word' id='word_1_48' title='bbox 1246 943 1278 997; x_wconf 84' lang='lat' dir='ltr'><strong>ci.</strong></span> <span class='ocrx_word' id='word_1_49' title='bbox 1295 942 1333 996; x_wconf 83' lang='lat' dir='ltr'><strong>M.</strong></span> <span class='ocrx_word' id='word_1_50' title='bbox 1352 940 1443 996; x_wconf 82' lang='lat' dir='ltr'><strong>Aurel.</strong></span> 
     </span>
     <span class='ocr_line' id='line_1_7' title="bbox 321 1029 1443 1104; baseline -0.003 -16"><span class='ocrx_word' id='word_1_51' title='bbox 321 1051 412 1089; x_wconf 89' lang='lat' dir='ltr'><strong>comm.</strong></span> <span class='ocrx_word' id='word_1_52' title='bbox 437 1033 537 1090; x_wconf 83' lang='lat' dir='ltr'>v114.</span> <span class='ocrx_word' id='word_1_53' title='bbox 563 1062 597 1072; x_wconf 98' lang='lat'>-</span> <span class='ocrx_word' id='word_1_54' title='bbox 620 1033 660 1087; x_wconf 91' lang='lat' dir='ltr'><strong>De</strong></span> <span class='ocrx_word' id='word_1_55' title='bbox 677 1031 825 1087; x_wconf 83' lang='lat' dir='ltr'><strong>Stoicorum</strong></span> <span class='ocrx_word' id='word_1_56' title='bbox 848 1031 987 1102; x_wconf 82' lang='lat' dir='ltr'><strong>categoriis</strong></span> <span class='ocrx_word' id='word_1_57' title='bbox 1005 1035 1110 1103; x_wconf 80' lang='lat' dir='ltr'><strong>praeter</strong></span> <span class='ocrx_word' id='word_1_58' title='bbox 1128 1031 1289 1104; x_wconf 83' lang='lat' dir='ltr'><strong>Simplicium</strong></span> <span class='ocrx_word' id='word_1_59' title='bbox 1313 1031 1342 1084; x_wconf 89' lang='lat' dir='ltr'><strong>iu</strong></span> <span class='ocrx_word' id='word_1_60' title='bbox 1359 1029 1443 1086; x_wconf 89' lang='lat' dir='ltr'><strong>Arist.</strong></span> 
     </span>
     <span class='ocr_line' id='line_1_8' title="bbox 321 1119 1444 1192; baseline -0.004 -15"><span class='ocrx_word' id='word_1_61' title='bbox 321 1121 413 1192; x_wconf 81' lang='lat' dir='ltr'><strong>Catag.</strong></span> <span class='ocrx_word' id='word_1_62' title='bbox 432 1123 463 1178; x_wconf 87' lang='lat' dir='ltr'><strong>cf.</strong></span> <span class='ocrx_word' id='word_1_63' title='bbox 482 1121 579 1177; x_wconf 92' lang='lat' dir='ltr'><strong>Plotin.</strong></span> <span class='ocrx_word' id='word_1_64' title='bbox 598 1119 665 1176; x_wconf 83' lang='lat' dir='ltr'><strong>Eun.</strong></span> <span class='ocrx_word' id='word_1_65' title='bbox 683 1121 721 1174; x_wconf 82' lang='lat' dir='ltr'><strong>Vl</strong></span> <span class='ocrx_word' id='word_1_66' title='bbox 740 1122 764 1188; x_wconf 85' lang='lat'><strong>1,</strong></span> <span class='ocrx_word' id='word_1_67' title='bbox 784 1119 900 1188; x_wconf 82' lang='lat'>25-30‚</span> <span class='ocrx_word' id='word_1_68' title='bbox 919 1123 947 1176; x_wconf 85' lang='lat' dir='ltr'><strong>et</strong></span> <span class='ocrx_word' id='word_1_69' title='bbox 964 1121 1036 1174; x_wconf 91' lang='lat' dir='ltr'><strong>inter</strong></span> <span class='ocrx_word' id='word_1_70' title='bbox 1053 1121 1211 1175; x_wconf 87' lang='lat' dir='ltr'><strong>recentiores</strong></span> <span class='ocrx_word' id='word_1_71' title='bbox 1229 1119 1290 1176; x_wconf 84' lang='lat' dir='ltr'><strong>Chr.</strong></span> <span class='ocrx_word' id='word_1_72' title='bbox 1309 1119 1444 1186; x_wconf 84' lang='lat' dir='ltr'><strong>Peterson,</strong></span> 
     </span>
     <span class='ocr_line' id='line_1_9' title="bbox 321 1208 1444 1282; baseline -0.003 -17"><span class='ocrx_word' id='word_1_73' title='bbox 321 1211 503 1282; x_wconf 81' lang='lat' dir='ltr'><strong>Philosophiae</strong></span> <span class='ocrx_word' id='word_1_74' title='bbox 517 1210 692 1282; x_wconf 82' lang='lat' dir='ltr'><strong>Chrysippeae</strong></span> <span class='ocrx_word' id='word_1_75' title='bbox 705 1209 884 1278; x_wconf 86' lang='lat' dir='ltr'><strong>fundamenta,</strong></span> <span class='ocrx_word' id='word_1_76' title='bbox 897 1208 993 1264; x_wconf 86' lang='lat' dir='ltr'><strong>Hnmb.</strong></span> <span class='ocrx_word' id='word_1_77' title='bbox 1008 1210 1092 1277; x_wconf 77' lang='lat'>1827;</span> <span class='ocrx_word' id='word_1_78' title='bbox 1111 1209 1331 1278; x_wconf 87' lang='lat' dir='ltr'><strong>Treudelenburg‚</strong></span> <span class='ocrx_word' id='word_1_79' title='bbox 1347 1209 1444 1264; x_wconf 79' lang='lat' dir='ltr'><strong>Geech.</strong></span> 
     </span>
     <span class='ocr_line' id='line_1_10' title="bbox 322 1295 1445 1370; baseline -0.003 -15"><span class='ocrx_word' id='word_1_80' title='bbox 322 1300 349 1355; x_wconf 83' lang='grc' dir='ltr'><strong>ά.</strong></span> <span class='ocrx_word' id='word_1_81' title='bbox 367 1299 498 1370; x_wconf 77' lang='grc' dir='ltr'><em>Καίιροι.</em></span> <span class='ocrx_word' id='word_1_82' title='bbox 517 1299 551 1354; x_wconf 79' lang='lat' dir='ltr'><strong>L.</strong></span> <span class='ocrx_word' id='word_1_83' title='bbox 570 1317 596 1370; x_wconf 91' lang='lat' dir='ltr'><strong>p.</strong></span> <span class='ocrx_word' id='word_1_84' title='bbox 615 1299 732 1370; x_wconf 81' lang='lat' dir='ltr'><strong>21&#39;lsq.;</strong></span> <span class='ocrx_word' id='word_1_85' title='bbox 759 1299 867 1366; x_wconf 85' lang='lat' dir='ltr'><strong>Prantl,</strong></span> <span class='ocrx_word' id='word_1_86' title='bbox 887 1296 982 1354; x_wconf 80' lang='lat' dir='ltr'><strong>Geach.</strong></span> <span class='ocrx_word' id='word_1_87' title='bbox 1003 1298 1029 1354; x_wconf 74' lang='lat' dir='ltr'><strong>cl.</strong></span> <span class='ocrx_word' id='word_1_88' title='bbox 1048 1297 1117 1368; x_wconf 80' lang='lat' dir='ltr'><strong>Lep.</strong></span> <span class='ocrx_word' id='word_1_89' title='bbox 1135 1298 1156 1366; x_wconf 92' lang='grc' dir='ltr'><strong>Ι,</strong></span> <span class='ocrx_word' id='word_1_90' title='bbox 1175 1299 1228 1354; x_wconf 82' lang='grc'><strong>426</strong></span> <span class='ocrx_word' id='word_1_91' title='bbox 1238 1315 1278 1368; x_wconf 92' lang='lat' dir='ltr'><strong>sq.</strong></span> <span class='ocrx_word' id='word_1_92' title='bbox 1303 1298 1330 1352; x_wconf 87' lang='lat' dir='ltr'><strong>Z.</strong></span> <span class='ocrx_word' id='word_1_93' title='bbox 1349 1297 1391 1352; x_wconf 89' lang='grc' dir='ltr'><strong>ΙΠ</strong></span> <span class='ocrx_word' id='word_1_94' title='bbox 1410 1295 1445 1352; x_wconf 85' lang='lat'><strong>1⁸</strong></span> 
     </span>
     <span class='ocr_line' id='line_1_11' title="bbox 321 1387 1445 1461; baseline -0.004 -17"><span class='ocrx_word' id='word_1_95' title='bbox 321 1389 460 1460; x_wconf 62' lang='grc'>9141.-</span> <span class='ocrx_word' id='word_1_96' title='bbox 484 1391 522 1444; x_wconf 87' lang='grc' dir='ltr'><strong>Ίὸ</strong></span> <span class='ocrx_word' id='word_1_97' title='bbox 542 1391 799 1461; x_wconf 81' lang='grc' dir='ltr'><em>ὑποκείμενον,</em></span> <span class='ocrx_word' id='word_1_98' title='bbox 823 1390 941 1456; x_wconf 79' lang='grc' dir='ltr'><em>ἡούσία</em></span> <span class='ocrx_word' id='word_1_99' title='bbox 966 1404 1044 1458; x_wconf 88' lang='lat' dir='ltr'><strong>quam</strong></span> <span class='ocrx_word' id='word_1_100' title='bbox 1069 1388 1192 1442; x_wconf 82' lang='lat' dir='ltr'><strong>dicebaut</strong></span> <span class='ocrx_word' id='word_1_101' title='bbox 1209 1387 1305 1454; x_wconf 78' lang='lat' dir='ltr'><strong>Stoici,</strong></span> <span class='ocrx_word' id='word_1_102' title='bbox 1330 1388 1373 1440; x_wconf 88' lang='lat' dir='ltr'><strong>est</strong></span> <span class='ocrx_word' id='word_1_103' title='bbox 1390 1402 1445 1440; x_wconf 88' lang='lat' dir='ltr'><strong>ma·</strong></span> 
     </span>
     <span class='ocr_line' id='line_1_12' title="bbox 322 1475 1445 1548; baseline -0.002 -17"><span class='ocrx_word' id='word_1_104' title='bbox 322 1478 398 1545; x_wconf 85' lang='lat' dir='ltr'><strong>teria,</strong></span> <span class='ocrx_word' id='word_1_105' title='bbox 417 1495 441 1532; x_wconf 76' lang='lat' dir='ltr'><strong>V.</strong></span> <span class='ocrx_word' id='word_1_106' title='bbox 461 1477 534 1532; x_wconf 81' lang='lat' dir='ltr'><strong>Stob.</strong></span> <span class='ocrx_word' id='word_1_107' title='bbox 553 1477 608 1532; x_wconf 71' lang='lat' dir='ltr'><strong>hcl,</strong></span> <span class='ocrx_word' id='word_1_108' title='bbox 626 1477 641 1530; x_wconf 96' lang='lat' dir='ltr'>I</span> <span class='ocrx_word' id='word_1_109' title='bbox 659 1476 725 1544; x_wconf 79' lang='lat'>324;</span> <span class='ocrx_word' id='word_1_110' title='bbox 743 1477 820 1546; x_wconf 84' lang='lat' dir='ltr'><strong>Diog.</strong></span> <span class='ocrx_word' id='word_1_111' title='bbox 839 1475 891 1530; x_wconf 88' lang='lat' dir='ltr'><strong>VII</strong></span> <span class='ocrx_word' id='word_1_112' title='bbox 909 1477 962 1532; x_wconf 84' lang='lat'><strong>150</strong></span> <span class='ocrx_word' id='word_1_113' title='bbox 991 1479 1090 1533; x_wconf 83' lang='grc' dir='ltr'><em>οὐσίαν</em></span> <span class='ocrx_word' id='word_1_114' title='bbox 1118 1477 1152 1532; x_wconf 82' lang='grc' dir='ltr'><strong>δέ</strong></span> <span class='ocrx_word' id='word_1_115' title='bbox 1179 1494 1250 1548; x_wconf 83' lang='grc' dir='ltr'><em>φασι</em></span> <span class='ocrx_word' id='word_1_116' title='bbox 1278 1487 1332 1530; x_wconf 84' lang='grc' dir='ltr'><em>τῶν</em></span> <span class='ocrx_word' id='word_1_117' title='bbox 1357 1479 1445 1530; x_wconf 82' lang='grc' dir='ltr'><em>όντων</em></span> 
     </span>
     <span class='ocr_line' id='line_1_13' title="bbox 325 1564 1444 1640; baseline -0.002 -20"><span class='ocrx_word' id='word_1_118' title='bbox 325 1568 457 1620; x_wconf 82' lang='grc' dir='ltr'><em>ἁπάντων</em></span> <span class='ocrx_word' id='word_1_119' title='bbox 467 1568 515 1634; x_wconf 74' lang='grc' dir='ltr'><em>τὴν</em></span> <span class='ocrx_word' id='word_1_120' title='bbox 526 1569 634 1640; x_wconf 80' lang='grc' dir='ltr'><em>πρώτην</em></span> <span class='ocrx_word' id='word_1_121' title='bbox 645 1568 715 1634; x_wconf 79' lang='grc' dir='ltr'><em>ὕλην.</em></span> <span class='ocrx_word' id='word_1_122' title='bbox 739 1565 836 1619; x_wconf 80' lang='lat' dir='ltr'><strong>Eadem</strong></span> <span class='ocrx_word' id='word_1_123' title='bbox 846 1582 862 1619; x_wconf 88' lang='lat' dir='ltr'><strong>a</strong></span> <span class='ocrx_word' id='word_1_124' title='bbox 871 1565 1015 1636; x_wconf 78' lang='lat' dir='ltr'><strong>Porphyl&#39;io</strong></span> <span class='ocrx_word' id='word_1_125' title='bbox 1025 1584 1066 1637; x_wconf 83' lang='lat' dir='ltr'><strong>ap.</strong></span> <span class='ocrx_word' id='word_1_126' title='bbox 1077 1565 1167 1636; x_wconf 77' lang='lat' dir='ltr'><strong>simpl.</strong></span> <span class='ocrx_word' id='word_1_127' title='bbox 1177 1567 1194 1620; x_wconf 84' lang='lat' dir='ltr'><strong>f.</strong></span> <span class='ocrx_word' id='word_1_128' title='bbox 1205 1565 1239 1619; x_wconf 80' lang='lat'><strong>12</strong></span> <span class='ocrx_word' id='word_1_129' title='bbox 1250 1571 1277 1619; x_wconf 82' lang='lat' dir='ltr'><em>A</em></span> <span class='ocrx_word' id='word_1_130' title='bbox 1285 1565 1347 1619; x_wconf 82' lang='lat' dir='ltr'><strong>Bae.</strong></span> <span class='ocrx_word' id='word_1_131' title='bbox 1357 1564 1444 1619; x_wconf 80' lang='lat' dir='ltr'><strong>Schol.</strong></span> 
     </span>
     <span class='ocr_line' id='line_1_14' title="bbox 322 1653 1446 1725; baseline -0.002 -17"><span class='ocrx_word' id='word_1_132' title='bbox 322 1653 369 1710; x_wconf 88' lang='lat' dir='ltr'><strong>Ar.</strong></span> <span class='ocrx_word' id='word_1_133' title='bbox 388 1654 442 1709; x_wconf 65' lang='grc' dir='ltr'><strong>45ι</strong></span> <span class='ocrx_word' id='word_1_134' title='bbox 460 1655 477 1710; x_wconf 90' lang='grc'>9</span> <span class='ocrx_word' id='word_1_135' title='bbox 496 1654 594 1708; x_wconf 89' lang='lat' dir='ltr'><strong>dicitur</strong></span> <span class='ocrx_word' id='word_1_136' title='bbox 617 1657 752 1716; x_wconf 81' lang='grc' dir='ltr'><em>ἠάποιος</em></span> <span class='ocrx_word' id='word_1_137' title='bbox 777 1657 838 1722; x_wconf 70' lang='lat' dir='ltr'><strong>utiq,</strong></span> <span class='ocrx_word' id='word_1_138' title='bbox 866 1657 899 1708; x_wconf 91' lang='lat' dir='ltr'><strong>ut</strong></span> <span class='ocrx_word' id='word_1_139' title='bbox 921 1671 987 1725; x_wconf 87' lang='lat' dir='ltr'><strong>quae</strong></span> <span class='ocrx_word' id='word_1_140' title='bbox 1012 1655 1049 1708; x_wconf 88' lang='lat' dir='ltr'><strong>sit</strong></span> <span class='ocrx_word' id='word_1_141' title='bbox 1073 1655 1189 1710; x_wconf 86' lang='lat' dir='ltr'><strong>nondum</strong></span> <span class='ocrx_word' id='word_1_142' title='bbox 1208 1655 1338 1724; x_wconf 74' lang='lat' dir='ltr'><strong>qualitate</strong></span> <span class='ocrx_word' id='word_1_143' title='bbox 1356 1653 1446 1724; x_wconf 90' lang='lat' dir='ltr'><strong>aliqua</strong></span> 
     </span>
     <span class='ocr_line' id='line_1_15' title="bbox 321 1744 1445 1820; baseline -0.002 -22"><span class='ocrx_word' id='word_1_144' title='bbox 321 1744 441 1812; x_wconf 72' lang='lat' dir='ltr'><strong>formata,</strong></span> <span class='ocrx_word' id='word_1_145' title='bbox 465 1744 497 1799; x_wconf 83' lang='lat' dir='ltr'><strong>cf.</strong></span> <span class='ocrx_word' id='word_1_146' title='bbox 516 1744 614 1799; x_wconf 84' lang='lat' dir='ltr'><strong>Plotin.</strong></span> <span class='ocrx_word' id='word_1_147' title='bbox 633 1744 651 1798; x_wconf 89' lang='lat' dir='ltr'><strong>l.</strong></span> <span class='ocrx_word' id='word_1_148' title='bbox 669 1744 688 1798; x_wconf 93' lang='lat' dir='ltr'><strong>l.</strong></span> <span class='ocrx_word' id='word_1_149' title='bbox 715 1746 883 1818; x_wconf 81' lang='grc' dir='ltr'><em>ὑποκείμενα</em></span> <span class='ocrx_word' id='word_1_150' title='bbox 905 1746 1031 1820; x_wconf 79' lang='grc' dir='ltr'><em>μὲνγὰρ</em></span> <span class='ocrx_word' id='word_1_151' title='bbox 1051 1755 1147 1820; x_wconf 86' lang='grc' dir='ltr'><em>πρῶτα</em></span> <span class='ocrx_word' id='word_1_152' title='bbox 1171 1749 1302 1808; x_wconf 75' lang='grc' dir='ltr'><strong>τάξαντες</strong></span> <span class='ocrx_word' id='word_1_153' title='bbox 1324 1748 1372 1797; x_wconf 82' lang='grc' dir='ltr'><em>καὶ</em></span> <span class='ocrx_word' id='word_1_154' title='bbox 1396 1745 1445 1810; x_wconf 80' lang='grc' dir='ltr'><em>τὴν</em></span> 
     </span>
     <span class='ocr_line' id='line_1_16' title="bbox 323 1832 1444 1907; baseline -0.003 -19"><span class='ocrx_word' id='word_1_155' title='bbox 323 1835 389 1902; x_wconf 75' lang='grc' dir='ltr'><em>ὕλην</em></span> <span class='ocrx_word' id='word_1_156' title='bbox 412 1837 535 1890; x_wconf 75' lang='grc' dir='ltr'><em>ἐνταῦθα</em></span> <span class='ocrx_word' id='word_1_157' title='bbox 559 1845 613 1888; x_wconf 89' lang='grc' dir='ltr'><em>τῶν</em></span> <span class='ocrx_word' id='word_1_158' title='bbox 636 1837 725 1888; x_wconf 78' lang='grc' dir='ltr'><em>ἀλλων</em></span> <span class='ocrx_word' id='word_1_159' title='bbox 748 1837 940 1907; x_wconf 73' lang='grc' dir='ltr'><em>προτάξαντες.</em></span> <span class='ocrx_word' id='word_1_160' title='bbox 973 1863 1008 1874; x_wconf 91' lang='lat'><strong>·-</strong></span> <span class='ocrx_word' id='word_1_161' title='bbox 1045 1838 1084 1890; x_wconf 86' lang='grc' dir='ltr'><strong>Τό</strong></span> <span class='ocrx_word' id='word_1_162' title='bbox 1107 1838 1214 1890; x_wconf 86' lang='grc' dir='ltr'><em>ποιόν</em></span> <span class='ocrx_word' id='word_1_163' title='bbox 1231 1837 1274 1887; x_wconf 85' lang='lat' dir='ltr'><strong>est</strong></span> <span class='ocrx_word' id='word_1_164' title='bbox 1290 1832 1367 1900; x_wconf 87' lang='lat' dir='ltr'><strong>illud,</strong></span> <span class='ocrx_word' id='word_1_165' title='bbox 1392 1849 1444 1902; x_wconf 90' lang='lat' dir='ltr'><strong>quo</strong></span> 
     </span>
     <span class='ocr_line' id='line_1_17' title="bbox 321 1921 1443 1994; baseline -0.004 -15"><span class='ocrx_word' id='word_1_166' title='bbox 321 1921 414 1980; x_wconf 89' lang='lat' dir='ltr'><strong>finitur</strong></span> <span class='ocrx_word' id='word_1_167' title='bbox 440 1923 552 1978; x_wconf 88' lang='lat' dir='ltr'><strong>materia</strong></span> <span class='ocrx_word' id='word_1_168' title='bbox 579 1925 607 1976; x_wconf 91' lang='lat' dir='ltr'><strong>et</strong></span> <span class='ocrx_word' id='word_1_169' title='bbox 634 1922 668 1977; x_wconf 86' lang='lat' dir='ltr'><strong>ad</strong></span> <span class='ocrx_word' id='word_1_170' title='bbox 695 1925 782 1977; x_wconf 87' lang='lat' dir='ltr'><strong>certas</strong></span> <span class='ocrx_word' id='word_1_171' title='bbox 810 1923 954 1994; x_wconf 84' lang='lat' dir='ltr'><strong>qualitates</strong></span> <span class='ocrx_word' id='word_1_172' title='bbox 981 1924 1123 1992; x_wconf 83' lang='lat' dir='ltr'><strong>formatur,</strong></span> <span class='ocrx_word' id='word_1_173' title='bbox 1152 1941 1175 1978; x_wconf 88' lang='lat' dir='ltr'><strong>v.</strong></span> <span class='ocrx_word' id='word_1_174' title='bbox 1198 1923 1334 1978; x_wconf 85' lang='lat' dir='ltr'><strong>Plutarch.</strong></span> <span class='ocrx_word' id='word_1_175' title='bbox 1363 1921 1443 1975; x_wconf 84' lang='lat' dir='ltr'><strong>Stoic.</strong></span> 
     </span>
    </p>
   </div>
   <div class='ocr_carea' id='block_1_4' title="bbox 320 2011 1561 2086">
    <p class='ocr_par' dir='ltr' id='par_1_4' title="bbox 320 2011 1561 2086">
     <span class='ocr_line' id='line_1_18' title="bbox 320 2011 1561 2086; baseline -0.002 -20"><span class='ocrx_word' id='word_1_176' title='bbox 320 2011 386 2084; x_wconf 77' lang='lat' dir='ltr'><strong>Rap.</strong></span> <span class='ocrx_word' id='word_1_177' title='bbox 404 2013 448 2080; x_wconf 85' lang='grc'><strong>43,</strong></span> <span class='ocrx_word' id='word_1_178' title='bbox 467 2013 485 2066; x_wconf 88' lang='grc'>4</span> <span class='ocrx_word' id='word_1_179' title='bbox 502 2030 528 2083; x_wconf 92' lang='lat' dir='ltr'><strong>p.</strong></span> <span class='ocrx_word' id='word_1_180' title='bbox 549 2011 619 2067; x_wconf 82' lang='lat'>1054</span> <span class='ocrx_word' id='word_1_181' title='bbox 642 2014 691 2074; x_wconf 80' lang='grc' dir='ltr'><strong>τὰς</strong></span> <span class='ocrx_word' id='word_1_182' title='bbox 715 2013 747 2066; x_wconf 81' lang='grc' dir='ltr'><strong>δὲ</strong></span> <span class='ocrx_word' id='word_1_183' title='bbox 772 2015 921 2080; x_wconf 84' lang='grc' dir='ltr'><em>ποιότητας</em></span> <span class='ocrx_word' id='word_1_184' title='bbox 943 2013 1157 2086; x_wconf 81' lang='grc' dir='ltr'><em>(ἀποφαίνουσι)</em></span> <span class='ocrx_word' id='word_1_185' title='bbox 1181 2015 1334 2086; x_wconf 82' lang='grc' dir='ltr'><em>πνεύματα</em></span> <span class='ocrx_word' id='word_1_186' title='bbox 1358 2014 1445 2072; x_wconf 77' lang='grc' dir='ltr'><em>οὔσας</em></span> <span class='ocrx_word' id='word_1_187' title='bbox 1559 2015 1561 2040; x_wconf 42' lang='lat' dir='ltr'>ss</span> 
     </span>
    </p>
   </div>
   <div class='ocr_carea' id='block_1_5' title="bbox 320 2095 1445 2176">
    <p class='ocr_par' dir='ltr' id='par_1_5' title="bbox 320 2095 1445 2176">
     <span class='ocr_line' id='line_1_19' title="bbox 320 2095 1445 2176; baseline -0.004 -20"><span class='ocrx_word' id='word_1_188' title='bbox 320 2106 368 2157; x_wconf 78' lang='grc' dir='ltr'><em>καὶ</em></span> <span class='ocrx_word' id='word_1_189' title='bbox 391 2103 487 2164; x_wconf 83' lang='grc' dir='ltr'><em>τόνους</em></span> <span class='ocrx_word' id='word_1_190' title='bbox 512 2101 652 2174; x_wconf 88' lang='grc' dir='ltr'><em>ἀερώδεις,</em></span> <span class='ocrx_word' id='word_1_191' title='bbox 682 2095 723 2162; x_wconf 85' lang='grc' dir='ltr'><em>οἷς</em></span> <span class='ocrx_word' id='word_1_192' title='bbox 748 2103 783 2154; x_wconf 77' lang='grc' dir='ltr'><strong>ἀν</strong></span> <span class='ocrx_word' id='word_1_193' title='bbox 808 2104 974 2172; x_wconf 73' lang='grc' dir='ltr'><em>ἐγγένωνται</em></span> <span class='ocrx_word' id='word_1_194' title='bbox 996 2107 1095 2176; x_wconf 77' lang='grc' dir='ltr'><em>μέρεσι</em></span> <span class='ocrx_word' id='word_1_195' title='bbox 1117 2111 1164 2170; x_wconf 83' lang='grc' dir='ltr'><strong>τῆς</strong></span> <span class='ocrx_word' id='word_1_196' title='bbox 1187 2103 1262 2168; x_wconf 77' lang='grc' dir='ltr'><em>ὕλης,</em></span> <span class='ocrx_word' id='word_1_197' title='bbox 1290 2100 1445 2156; x_wconf 73' lang='grc' dir='ltr'><em>εἰδοποιεῖν</em></span> 
     </span>
    </p>
   </div>
   <div class='ocr_carea' id='block_1_6' title="bbox 321 2173 1561 2263">
    <p class='ocr_par' dir='ltr' id='par_1_6' title="bbox 321 2173 1561 2263">
     <span class='ocr_line' id='line_1_20' title="bbox 321 2173 1561 2263; baseline -0.004 -17"><span class='ocrx_word' id='word_1_198' title='bbox 321 2189 423 2246; x_wconf 70' lang='grc' dir='ltr'><em>ἕκαστα</em></span> <span class='ocrx_word' id='word_1_199' title='bbox 435 2195 481 2244; x_wconf 87' lang='grc' dir='ltr'><em>καὶ</em></span> <span class='ocrx_word' id='word_1_200' title='bbox 495 2191 680 2263; x_wconf 84' lang='grc' dir='ltr'><em>σχηματίζειν.</em></span> <span class='ocrx_word' id='word_1_201' title='bbox 717 2188 831 2260; x_wconf 85' lang='lat' dir='ltr'><strong>Simplio.</strong></span> <span class='ocrx_word' id='word_1_202' title='bbox 850 2190 869 2243; x_wconf 84' lang='lat' dir='ltr'><strong>f.</strong></span> <span class='ocrx_word' id='word_1_203' title='bbox 887 2189 1125 2244; x_wconf 77' lang='lat' dir='ltr'><strong>57EBasSchol.</strong></span> <span class='ocrx_word' id='word_1_204' title='bbox 1140 2191 1193 2244; x_wconf 79' lang='lat'><strong>69·</strong></span> <span class='ocrx_word' id='word_1_205' title='bbox 1206 2191 1242 2244; x_wconf 88' lang='grc'><strong>30</strong></span> <span class='ocrx_word' id='word_1_206' title='bbox 1261 2192 1289 2242; x_wconf 83' lang='grc' dir='ltr'><strong>οἱ</strong></span> <span class='ocrx_word' id='word_1_207' title='bbox 1307 2189 1339 2243; x_wconf 81' lang='grc' dir='ltr'><strong>δὲ</strong></span> <span class='ocrx_word' id='word_1_208' title='bbox 1354 2193 1444 2242; x_wconf 84' lang='grc' dir='ltr'><strong>Στωῖ-</strong></span> <span class='ocrx_word' id='word_1_209' title='bbox 1560 2173 1561 2224; x_wconf 54' lang='lat'><em>3</em></span> 
     </span>
    </p>
   </div>
   <div class='ocr_carea' id='block_1_7' title="bbox 304 2277 1447 4041">
    <p class='ocr_par' dir='ltr' id='par_1_7' title="bbox 304 2277 1447 4041">
     <span class='ocr_line' id='line_1_21' title="bbox 321 2277 1445 2354; baseline -0.003 -22"><span class='ocrx_word' id='word_1_210' title='bbox 321 2283 366 2332; x_wconf 82' lang='grc' dir='ltr'><em>κοὶ</em></span> <span class='ocrx_word' id='word_1_211' title='bbox 393 2282 425 2333; x_wconf 90' lang='grc' dir='ltr'><em>τὸ</em></span> <span class='ocrx_word' id='word_1_212' title='bbox 452 2280 546 2334; x_wconf 87' lang='grc' dir='ltr'><em>κοινὸν</em></span> <span class='ocrx_word' id='word_1_213' title='bbox 573 2287 619 2346; x_wconf 83' lang='grc' dir='ltr'><strong>τῆς</strong></span> <span class='ocrx_word' id='word_1_214' title='bbox 646 2280 793 2346; x_wconf 89' lang='grc' dir='ltr'><em>ποιότητος</em></span> <span class='ocrx_word' id='word_1_215' title='bbox 815 2281 847 2332; x_wconf 88' lang='grc' dir='ltr'><em>τὸ</em></span> <span class='ocrx_word' id='word_1_216' title='bbox 864 2281 913 2334; x_wconf 83' lang='grc' dir='ltr'><strong>ἐπὶ</strong></span> <span class='ocrx_word' id='word_1_217' title='bbox 938 2290 991 2333; x_wconf 86' lang='grc' dir='ltr'><em>τῶν</em></span> <span class='ocrx_word' id='word_1_218' title='bbox 1014 2282 1152 2354; x_wconf 89' lang='grc' dir='ltr'><em>σωμάτων</em></span> <span class='ocrx_word' id='word_1_219' title='bbox 1169 2283 1281 2348; x_wconf 77' lang='grc' dir='ltr'><em>λέγουσι</em></span> <span class='ocrx_word' id='word_1_220' title='bbox 1299 2277 1445 2351; x_wconf 82' lang='grc' dir='ltr'><em>διαφοράν</em></span> 
     </span>
     <span class='ocr_line' id='line_1_22' title="bbox 322 2365 1445 2438; baseline -0.001 -18"><span class='ocrx_word' id='word_1_221' title='bbox 322 2367 393 2420; x_wconf 84' lang='grc' dir='ltr'><em>εἶναι</em></span> <span class='ocrx_word' id='word_1_222' title='bbox 412 2369 508 2428; x_wconf 78' lang='grc' dir='ltr'><em>οὐσίας</em></span> <span class='ocrx_word' id='word_1_223' title='bbox 527 2369 575 2420; x_wconf 81' lang='grc' dir='ltr'><em>οὐκ</em></span> <span class='ocrx_word' id='word_1_224' title='bbox 594 2367 809 2436; x_wconf 76' lang='grc' dir='ltr'><em>ἀποδιαληπτὴν</em></span> <span class='ocrx_word' id='word_1_225' title='bbox 827 2365 896 2422; x_wconf 77' lang='grc' dir='ltr'><em>καθ’</em></span> <span class='ocrx_word' id='word_1_226' title='bbox 913 2369 1013 2436; x_wconf 79' lang='grc' dir='ltr'><em>ἑαυτήν</em></span> <span class='ocrx_word' id='word_1_227' title='bbox 1030 2369 1047 2422; x_wconf 88' lang='lat' dir='ltr'><strong>i.</strong></span> <span class='ocrx_word' id='word_1_228' title='bbox 1067 2385 1089 2424; x_wconf 90' lang='lat' dir='ltr'><strong>e.</strong></span> <span class='ocrx_word' id='word_1_229' title='bbox 1109 2384 1175 2438; x_wconf 85' lang='lat' dir='ltr'><strong>quae</strong></span> <span class='ocrx_word' id='word_1_230' title='bbox 1192 2383 1246 2421; x_wconf 89' lang='lat' dir='ltr'><strong>nou</strong></span> <span class='ocrx_word' id='word_1_231' title='bbox 1264 2366 1382 2438; x_wconf 86' lang='lat' dir='ltr'><strong>separari</strong></span> <span class='ocrx_word' id='word_1_232' title='bbox 1399 2382 1445 2436; x_wconf 86' lang='lat' dir='ltr'><strong>po-</strong></span> 
     </span>
     <span class='ocr_line' id='line_1_23' title="bbox 326 2454 1444 2526; baseline -0.001 -18"><span class='ocrx_word' id='word_1_233' title='bbox 326 2457 383 2509; x_wconf 91' lang='lat' dir='ltr'><strong>test</strong></span> <span class='ocrx_word' id='word_1_234' title='bbox 400 2473 416 2508; x_wconf 88' lang='lat' dir='ltr'><strong>a</strong></span> <span class='ocrx_word' id='word_1_235' title='bbox 435 2455 598 2522; x_wconf 88' lang='lat' dir='ltr'><strong>substantia;</strong></span> <span class='ocrx_word' id='word_1_236' title='bbox 623 2472 684 2510; x_wconf 89' lang='lat' dir='ltr'><strong>nam</strong></span> <span class='ocrx_word' id='word_1_237' title='bbox 702 2458 802 2510; x_wconf 89' lang='lat' dir='ltr'><strong>ceteras</strong></span> <span class='ocrx_word' id='word_1_238' title='bbox 821 2457 964 2526; x_wconf 85' lang='lat' dir='ltr'><strong>qualitates</strong></span> <span class='ocrx_word' id='word_1_239' title='bbox 982 2457 1130 2510; x_wconf 79' lang='lat' dir='ltr'><strong>referebant</strong></span> <span class='ocrx_word' id='word_1_240' title='bbox 1148 2457 1181 2510; x_wconf 88' lang='lat' dir='ltr'><strong>ad</strong></span> <span class='ocrx_word' id='word_1_241' title='bbox 1201 2457 1258 2517; x_wconf 82' lang='grc' dir='ltr'><em>πὼς</em></span> <span class='ocrx_word' id='word_1_242' title='bbox 1276 2457 1350 2526; x_wconf 77' lang='grc' dir='ltr'><em>ἔχον,</em></span> <span class='ocrx_word' id='word_1_243' title='bbox 1369 2454 1444 2508; x_wconf 88' lang='lat' dir='ltr'><strong>simi-</strong></span> 
     </span>
     <span class='ocr_line' id='line_1_24' title="bbox 321 2543 1445 2616; baseline -0.001 -18"><span class='ocrx_word' id='word_1_244' title='bbox 321 2544 433 2614; x_wconf 79' lang='lat' dir='ltr'><strong>Htsrque</strong></span> <span class='ocrx_word' id='word_1_245' title='bbox 451 2543 532 2598; x_wconf 88' lang='lat' dir='ltr'><strong>etiam</strong></span> <span class='ocrx_word' id='word_1_246' title='bbox 549 2543 620 2598; x_wconf 90' lang='lat' dir='ltr'><strong>inter</strong></span> <span class='ocrx_word' id='word_1_247' title='bbox 633 2543 701 2606; x_wconf 76' lang='grc' dir='ltr'><em>ἕξεις</em></span> <span class='ocrx_word' id='word_1_248' title='bbox 718 2547 747 2598; x_wconf 93' lang='lat' dir='ltr'><strong>et</strong></span> <span class='ocrx_word' id='word_1_249' title='bbox 765 2549 872 2616; x_wconf 83' lang='grc' dir='ltr'><em>σχέσεις</em></span> <span class='ocrx_word' id='word_1_250' title='bbox 886 2545 1099 2614; x_wconf 80' lang='lat' dir='ltr'><strong>distinguebant3</strong></span> <span class='ocrx_word' id='word_1_251' title='bbox 1118 2544 1232 2616; x_wconf 85' lang='lat' dir='ltr'><strong>Simplic.</strong></span> <span class='ocrx_word' id='word_1_252' title='bbox 1247 2544 1265 2598; x_wconf 85' lang='lat' dir='ltr'><strong>f.</strong></span> <span class='ocrx_word' id='word_1_253' title='bbox 1275 2543 1310 2598; x_wconf 83' lang='lat'><strong>55</strong></span> <span class='ocrx_word' id='word_1_254' title='bbox 1320 2551 1355 2597; x_wconf 86' lang='lat' dir='ltr'><strong>A.</strong></span> <span class='ocrx_word' id='word_1_255' title='bbox 1370 2543 1406 2597; x_wconf 87' lang='grc'><strong>61</strong></span> <span class='ocrx_word' id='word_1_256' title='bbox 1418 2551 1445 2597; x_wconf 92' lang='grc' dir='ltr'><strong><em>Β</em></strong></span> 
     </span>
     <span class='ocr_line' id='line_1_25' title="bbox 320 2631 1445 2709; baseline 0.001 -22"><span class='ocrx_word' id='word_1_257' title='bbox 320 2633 381 2696; x_wconf 82' lang='lat' dir='ltr'><strong>Bas.</strong></span> <span class='ocrx_word' id='word_1_258' title='bbox 400 2633 485 2688; x_wconf 82' lang='lat' dir='ltr'><strong>Schol.</strong></span> <span class='ocrx_word' id='word_1_259' title='bbox 504 2631 550 2687; x_wconf 87' lang='lat' dir='ltr'><strong>Ar.</strong></span> <span class='ocrx_word' id='word_1_260' title='bbox 570 2633 625 2688; x_wconf 72' lang='lat'><strong>67·</strong></span> <span class='ocrx_word' id='word_1_261' title='bbox 643 2633 668 2687; x_wconf 84' lang='lat'><strong>6.</strong></span> <span class='ocrx_word' id='word_1_262' title='bbox 689 2634 775 2688; x_wconf 73' lang='lat'>71⁸1</span> <span class='ocrx_word' id='word_1_263' title='bbox 806 2636 855 2696; x_wconf 82' lang='grc' dir='ltr'><strong>τὰς</strong></span> <span class='ocrx_word' id='word_1_264' title='bbox 872 2635 926 2708; x_wconf 77' lang='grc' dir='ltr'><strong>μὲν</strong></span> <span class='ocrx_word' id='word_1_265' title='bbox 952 2635 1006 2709; x_wconf 90' lang='grc' dir='ltr'><strong>γάρ</strong></span> <span class='ocrx_word' id='word_1_266' title='bbox 1034 2639 1178 2707; x_wconf 81' lang='grc' dir='ltr'><em>σχέσεις</em></span> <span class='ocrx_word' id='word_1_267' title='bbox 1203 2640 1263 2694; x_wconf 86' lang='grc' dir='ltr'><em>ταῖς</em></span> <span class='ocrx_word' id='word_1_268' title='bbox 1287 2635 1445 2701; x_wconf 71' lang='grc' dir='ltr'><em>ἐπικτήτοις</em></span> 
     </span>
     <span class='ocr_line' id='line_1_26' title="bbox 319 2723 1444 2796; baseline -0.002 -18"><span class='ocrx_word' id='word_1_269' title='bbox 319 2725 508 2778; x_wconf 80' lang='grc' dir='ltr'><em>καταστάσεσι</em></span> <span class='ocrx_word' id='word_1_270' title='bbox 523 2725 787 2796; x_wconf 76' lang='grc' dir='ltr'><em>χαρακτηρίζεσθαι,</em></span> <span class='ocrx_word' id='word_1_271' title='bbox 812 2725 862 2784; x_wconf 84' lang='grc' dir='ltr'><strong>τὰς</strong></span> <span class='ocrx_word' id='word_1_272' title='bbox 881 2724 912 2778; x_wconf 79' lang='grc' dir='ltr'><strong>δὲ</strong></span> <span class='ocrx_word' id='word_1_273' title='bbox 931 2723 1019 2786; x_wconf 75' lang='grc' dir='ltr'><em>ἕξεις</em></span> <span class='ocrx_word' id='word_1_274' title='bbox 1037 2731 1097 2786; x_wconf 82' lang='grc' dir='ltr'><em>ταῖς</em></span> <span class='ocrx_word' id='word_1_275' title='bbox 1115 2725 1145 2786; x_wconf 85' lang='grc' dir='ltr'><strong>ἐξ</strong></span> <span class='ocrx_word' id='word_1_276' title='bbox 1162 2724 1267 2778; x_wconf 78' lang='grc' dir='ltr'><em>ἑαυτῶν</em></span> <span class='ocrx_word' id='word_1_277' title='bbox 1286 2724 1444 2796; x_wconf 85' lang='grc' dir='ltr'><em>ἐνεργείαις,</em></span> 
     </span>
     <span class='ocr_line' id='line_1_27' title="bbox 321 2810 1446 2880; baseline 0.001 -16"><span class='ocrx_word' id='word_1_278' title='bbox 321 2811 353 2866; x_wconf 81' lang='lat' dir='ltr'><strong>cl.</strong></span> <span class='ocrx_word' id='word_1_279' title='bbox 371 2817 414 2864; x_wconf 77' lang='lat' dir='ltr'><strong>BP</strong></span> <span class='ocrx_word' id='word_1_280' title='bbox 432 2811 515 2866; x_wconf 65' lang='grc'>4073.</span> <span class='ocrx_word' id='word_1_281' title='bbox 551 2811 633 2866; x_wconf 82' lang='lat' dir='ltr'><strong>Porro</strong></span> <span class='ocrx_word' id='word_1_282' title='bbox 648 2810 863 2880; x_wconf 77' lang='lat' dir='ltr'><strong>distinguendum</strong></span> <span class='ocrx_word' id='word_1_283' title='bbox 881 2814 923 2865; x_wconf 77' lang='lat' dir='ltr'><strong>est</strong></span> <span class='ocrx_word' id='word_1_284' title='bbox 940 2811 1011 2866; x_wconf 74' lang='lat' dir='ltr'><strong>inter</strong></span> <span class='ocrx_word' id='word_1_285' title='bbox 1028 2823 1151 2874; x_wconf 80' lang='grc' dir='ltr'><em>κοινῶς</em></span> <span class='ocrx_word' id='word_1_286' title='bbox 1169 2814 1274 2866; x_wconf 88' lang='grc' dir='ltr'><em>ποιὸν</em></span> <span class='ocrx_word' id='word_1_287' title='bbox 1292 2813 1320 2864; x_wconf 80' lang='lat' dir='ltr'><strong>st</strong></span> <span class='ocrx_word' id='word_1_288' title='bbox 1340 2812 1446 2874; x_wconf 78' lang='grc' dir='ltr'><em>ἰδίως</em></span> 
     </span>
     <span class='ocr_line' id='line_1_28' title="bbox 321 2899 1446 2972; baseline 0 -18"><span class='ocrx_word' id='word_1_289' title='bbox 321 2902 427 2954; x_wconf 87' lang='grc' dir='ltr'><em>ποιόν</em></span> <span class='ocrx_word' id='word_1_290' title='bbox 453 2900 480 2953; x_wconf 92' lang='lat' dir='ltr'><strong>h.</strong></span> <span class='ocrx_word' id='word_1_291' title='bbox 499 2917 521 2954; x_wconf 91' lang='lat' dir='ltr'><strong>e.</strong></span> <span class='ocrx_word' id='word_1_292' title='bbox 547 2900 704 2969; x_wconf 69' lang='lat' dir='ltr'><strong>qualitatem</strong></span> <span class='ocrx_word' id='word_1_293' title='bbox 725 2901 829 2968; x_wconf 86' lang='lat' dir='ltr'><strong>generis</strong></span> <span class='ocrx_word' id='word_1_294' title='bbox 853 2903 881 2954; x_wconf 88' lang='lat' dir='ltr'><strong>et</strong></span> <span class='ocrx_word' id='word_1_295' title='bbox 906 2902 1062 2971; x_wconf 86' lang='lat' dir='ltr'><strong>qualitatem</strong></span> <span class='ocrx_word' id='word_1_296' title='bbox 1086 2901 1194 2972; x_wconf 87' lang='lat' dir='ltr'><strong>speciei,</strong></span> <span class='ocrx_word' id='word_1_297' title='bbox 1218 2919 1242 2956; x_wconf 87' lang='lat' dir='ltr'><strong>v.</strong></span> <span class='ocrx_word' id='word_1_298' title='bbox 1261 2899 1336 2954; x_wconf 85' lang='lat' dir='ltr'><strong>Stoh.</strong></span> <span class='ocrx_word' id='word_1_299' title='bbox 1354 2899 1446 2956; x_wconf 81' lang='lat' dir='ltr'><strong>EchI</strong></span> 
     </span>
     <span class='ocr_line' id='line_1_29' title="bbox 320 2987 1446 3060; baseline 0.004 -19"><span class='ocrx_word' id='word_1_300' title='bbox 320 2987 383 3054; x_wconf 84' lang='grc'>436,</span> <span class='ocrx_word' id='word_1_301' title='bbox 401 2990 429 3041; x_wconf 90' lang='lat' dir='ltr'><strong>et</strong></span> <span class='ocrx_word' id='word_1_302' title='bbox 446 2993 490 3041; x_wconf 73' lang='lat' dir='ltr'><strong>BP</strong></span> <span class='ocrx_word' id='word_1_303' title='bbox 507 2989 589 3043; x_wconf 75' lang='lat' dir='ltr'><strong>aesc.</strong></span> <span class='ocrx_word' id='word_1_304' title='bbox 625 2988 746 3058; x_wconf 88' lang='lat' dir='ltr'><strong>Denique</strong></span> <span class='ocrx_word' id='word_1_305' title='bbox 770 3005 859 3043; x_wconf 89' lang='lat' dir='ltr'><strong>omnes</strong></span> <span class='ocrx_word' id='word_1_306' title='bbox 878 2990 1035 3060; x_wconf 87' lang='lat' dir='ltr'><strong>qualitates,</strong></span> <span class='ocrx_word' id='word_1_307' title='bbox 1060 2991 1184 3060; x_wconf 89' lang='lat' dir='ltr'><strong>quoniam</strong></span> <span class='ocrx_word' id='word_1_308' title='bbox 1206 2991 1265 3060; x_wconf 89' lang='lat' dir='ltr'><strong>ipsa</strong></span> <span class='ocrx_word' id='word_1_309' title='bbox 1289 2991 1446 3045; x_wconf 85' lang='lat' dir='ltr'><strong>substantia</strong></span> 
     </span>
     <span class='ocr_line' id='line_1_30' title="bbox 318 3077 1445 3150; baseline 0.004 -21"><span class='ocrx_word' id='word_1_310' title='bbox 318 3078 364 3144; x_wconf 77' lang='grc' dir='ltr'><strong>(τὸ</strong></span> <span class='ocrx_word' id='word_1_311' title='bbox 383 3078 575 3149; x_wconf 79' lang='grc' dir='ltr'><em>ὑποκείμενον)</em></span> <span class='ocrx_word' id='word_1_312' title='bbox 593 3077 705 3131; x_wconf 88' lang='lat' dir='ltr'><strong>materia</strong></span> <span class='ocrx_word' id='word_1_313' title='bbox 723 3079 773 3145; x_wconf 90' lang='lat' dir='ltr'><strong>est,</strong></span> <span class='ocrx_word' id='word_1_314' title='bbox 793 3078 828 3132; x_wconf 86' lang='lat' dir='ltr'><strong>ad</strong></span> <span class='ocrx_word' id='word_1_315' title='bbox 846 3095 953 3149; x_wconf 84' lang='lat' dir='ltr'><strong>corpora</strong></span> <span class='ocrx_word' id='word_1_316' title='bbox 971 3081 1051 3149; x_wconf 89' lang='lat' dir='ltr'><strong>atque</strong></span> <span class='ocrx_word' id='word_1_317' title='bbox 1069 3079 1219 3132; x_wconf 82' lang='lat' dir='ltr'><strong>affectiones</strong></span> <span class='ocrx_word' id='word_1_318' title='bbox 1237 3080 1386 3150; x_wconf 81' lang='lat' dir='ltr'><strong>corporales</strong></span> <span class='ocrx_word' id='word_1_319' title='bbox 1405 3097 1445 3135; x_wconf 88' lang='lat' dir='ltr'><strong>re-</strong></span> 
     </span>
     <span class='ocr_line' id='line_1_31' title="bbox 321 3163 1446 3242; baseline 0.004 -24"><span class='ocrx_word' id='word_1_320' title='bbox 321 3163 488 3232; x_wconf 76' lang='lat' dir='ltr'><strong>ferebantur,</strong></span> <span class='ocrx_word' id='word_1_321' title='bbox 517 3183 540 3220; x_wconf 88' lang='lat' dir='ltr'><strong>v.</strong></span> <span class='ocrx_word' id='word_1_322' title='bbox 559 3165 649 3236; x_wconf 78' lang='lat' dir='ltr'><strong>simpl.</strong></span> <span class='ocrx_word' id='word_1_323' title='bbox 668 3167 687 3220; x_wconf 83' lang='lat' dir='ltr'><strong>f.</strong></span> <span class='ocrx_word' id='word_1_324' title='bbox 706 3167 741 3222; x_wconf 85' lang='grc'><strong>69</strong></span> <span class='ocrx_word' id='word_1_325' title='bbox 761 3175 787 3222; x_wconf 92' lang='grc' dir='ltr'><strong><em>Γ</em></strong></span> <span class='ocrx_word' id='word_1_326' title='bbox 809 3171 898 3234; x_wconf 82' lang='grc' dir='ltr'><em>ἡτῶν</em></span> <span class='ocrx_word' id='word_1_327' title='bbox 916 3173 1045 3222; x_wconf 79' lang='grc' dir='ltr'><em>Στωϊκῶν</em></span> <span class='ocrx_word' id='word_1_328' title='bbox 1069 3168 1138 3231; x_wconf 87' lang='grc' dir='ltr'><em>όόξα</em></span> <span class='ocrx_word' id='word_1_329' title='bbox 1162 3170 1299 3238; x_wconf 79' lang='grc' dir='ltr'><em>λεγόντων</em></span> <span class='ocrx_word' id='word_1_330' title='bbox 1323 3171 1446 3242; x_wconf 83' lang='grc' dir='ltr'><em>σώματα</em></span> 
     </span>
     <span class='ocr_line' id='line_1_32' title="bbox 321 3255 1445 3330; baseline 0.001 -20"><span class='ocrx_word' id='word_1_331' title='bbox 321 3255 445 3310; x_wconf 79' lang='grc' dir='ltr'><em>εἶναιτὰ</em></span> <span class='ocrx_word' id='word_1_332' title='bbox 465 3257 610 3328; x_wconf 83' lang='grc' dir='ltr'><em>σχήματα,</em></span> <span class='ocrx_word' id='word_1_333' title='bbox 636 3255 729 3330; x_wconf 80' lang='grc' dir='ltr'><em>ὥσπερ</em></span> <span class='ocrx_word' id='word_1_334' title='bbox 747 3259 782 3310; x_wconf 86' lang='grc' dir='ltr'><em>τά</em></span> <span class='ocrx_word' id='word_1_335' title='bbox 801 3259 870 3310; x_wconf 79' lang='grc' dir='ltr'><em>ἀλλα</em></span> <span class='ocrx_word' id='word_1_336' title='bbox 888 3260 965 3322; x_wconf 87' lang='grc' dir='ltr'><em>ποιά,</em></span> <span class='ocrx_word' id='word_1_337' title='bbox 991 3257 1025 3312; x_wconf 86' lang='lat' dir='ltr'><strong>of.</strong></span> <span class='ocrx_word' id='word_1_338' title='bbox 1042 3263 1087 3310; x_wconf 76' lang='lat' dir='ltr'><strong>BP</strong></span> <span class='ocrx_word' id='word_1_339' title='bbox 1105 3257 1167 3312; x_wconf 82' lang='lat'><strong>396.</strong></span> <span class='ocrx_word' id='word_1_340' title='bbox 1203 3257 1279 3328; x_wconf 81' lang='lat' dir='ltr'><strong>Ipsae</strong></span> <span class='ocrx_word' id='word_1_341' title='bbox 1297 3257 1445 3327; x_wconf 77' lang='lat' dir='ltr'><strong>qualitates</strong></span> 
     </span>
     <span class='ocr_line' id='line_1_33' title="bbox 304 3343 1446 3416; baseline 0.002 -19"><span class='ocrx_word' id='word_1_342' title='bbox 304 3343 355 3398; x_wconf 71' lang='lat' dir='ltr'><strong>&#39;ad</strong></span> <span class='ocrx_word' id='word_1_343' title='bbox 373 3343 498 3415; x_wconf 88' lang='lat' dir='ltr'><strong>quaedam</strong></span> <span class='ocrx_word' id='word_1_344' title='bbox 525 3344 593 3398; x_wconf 86' lang='lat' dir='ltr'><strong>aeris</strong></span> <span class='ocrx_word' id='word_1_345' title='bbox 617 3343 725 3398; x_wconf 87' lang='lat' dir='ltr'><strong>flumina</strong></span> <span class='ocrx_word' id='word_1_346' title='bbox 750 3345 922 3413; x_wconf 83' lang='lat' dir='ltr'><strong>revocabant,</strong></span> <span class='ocrx_word' id='word_1_347' title='bbox 950 3346 1045 3416; x_wconf 91' lang='lat' dir='ltr'><strong>quibus</strong></span> <span class='ocrx_word' id='word_1_348' title='bbox 1063 3346 1176 3399; x_wconf 89' lang='lat' dir='ltr'><strong>materia</strong></span> <span class='ocrx_word' id='word_1_349' title='bbox 1193 3346 1240 3398; x_wconf 88' lang='lat' dir='ltr'><strong>illa</strong></span> <span class='ocrx_word' id='word_1_350' title='bbox 1258 3345 1364 3399; x_wconf 84' lang='lat' dir='ltr'><strong>infinita</strong></span> <span class='ocrx_word' id='word_1_351' title='bbox 1382 3346 1446 3400; x_wconf 89' lang='lat' dir='ltr'><strong>sub-</strong></span> 
     </span>
     <span class='ocr_line' id='line_1_34' title="bbox 320 3432 1445 3511; baseline 0.003 -25"><span class='ocrx_word' id='word_1_352' title='bbox 320 3432 437 3486; x_wconf 87' lang='lat' dir='ltr'><strong>stantiae</strong></span> <span class='ocrx_word' id='word_1_353' title='bbox 455 3432 624 3511; x_wconf 84' lang='lat' dir='ltr'><strong>dirimeretur</strong></span> <span class='ocrx_word' id='word_1_354' title='bbox 641 3435 669 3486; x_wconf 89' lang='lat' dir='ltr'><strong>et</strong></span> <span class='ocrx_word' id='word_1_355' title='bbox 686 3433 714 3486; x_wconf 92' lang='lat' dir='ltr'><strong>in</strong></span> <span class='ocrx_word' id='word_1_356' title='bbox 733 3433 836 3487; x_wconf 74' lang='lat' dir='ltr'><strong>diversa</strong></span> <span class='ocrx_word' id='word_1_357' title='bbox 854 3450 962 3504; x_wconf 87' lang='lat' dir='ltr'><strong>corpora</strong></span> <span class='ocrx_word' id='word_1_358' title='bbox 979 3434 1160 3504; x_wconf 81' lang='lat' dir='ltr'><strong>explicaretur,</strong></span> <span class='ocrx_word' id='word_1_359' title='bbox 1179 3433 1210 3488; x_wconf 85' lang='lat' dir='ltr'><strong>cf.</strong></span> <span class='ocrx_word' id='word_1_360' title='bbox 1228 3439 1273 3488; x_wconf 76' lang='lat' dir='ltr'><strong>BP</strong></span> <span class='ocrx_word' id='word_1_361' title='bbox 1294 3435 1347 3490; x_wconf 86' lang='grc'><strong>398</strong></span> <span class='ocrx_word' id='word_1_362' title='bbox 1356 3433 1387 3502; x_wconf 82' lang='lat'><strong>0,</strong></span> <span class='ocrx_word' id='word_1_363' title='bbox 1415 3438 1445 3489; x_wconf 91' lang='lat' dir='ltr'><strong>et</strong></span> 
     </span>
     <span class='ocr_line' id='line_1_35' title="bbox 319 3519 1443 3596; baseline 0.002 -20"><span class='ocrx_word' id='word_1_364' title='bbox 319 3519 482 3591; x_wconf 77' lang='lat' dir='ltr'><strong>Chrysippus</strong></span> <span class='ocrx_word' id='word_1_365' title='bbox 501 3537 541 3592; x_wconf 90' lang='lat' dir='ltr'><strong>ap.</strong></span> <span class='ocrx_word' id='word_1_366' title='bbox 560 3521 695 3575; x_wconf 88' lang='lat' dir='ltr'><strong>Plutarch.</strong></span> <span class='ocrx_word' id='word_1_367' title='bbox 715 3521 795 3576; x_wconf 84' lang='lat' dir='ltr'><strong>Staio.</strong></span> <span class='ocrx_word' id='word_1_368' title='bbox 814 3522 879 3593; x_wconf 84' lang='lat' dir='ltr'><strong>Rep.</strong></span> <span class='ocrx_word' id='word_1_369' title='bbox 897 3523 945 3589; x_wconf 84' lang='lat'><strong>43;</strong></span> <span class='ocrx_word' id='word_1_370' title='bbox 964 3528 1008 3575; x_wconf 78' lang='lat' dir='ltr'><strong>BP</strong></span> <span class='ocrx_word' id='word_1_371' title='bbox 1026 3523 1109 3577; x_wconf 66' lang='lat'><strong>406³„</strong></span> <span class='ocrx_word' id='word_1_372' title='bbox 1133 3551 1168 3562; x_wconf 90' lang='lat'>—</span> <span class='ocrx_word' id='word_1_373' title='bbox 1201 3525 1239 3577; x_wconf 85' lang='grc' dir='ltr'><strong>Τὸ</strong></span> <span class='ocrx_word' id='word_1_374' title='bbox 1257 3525 1327 3585; x_wconf 88' lang='grc' dir='ltr'><em>πὼς</em></span> <span class='ocrx_word' id='word_1_375' title='bbox 1345 3525 1443 3596; x_wconf 78' lang='grc' dir='ltr'><em>ἔχον,</em></span> 
     </span>
     <span class='ocr_line' id='line_1_36' title="bbox 319 3609 1445 3683; baseline 0.004 -21"><span class='ocrx_word' id='word_1_376' title='bbox 319 3609 338 3665; x_wconf 91' lang='lat' dir='ltr'><strong>i.</strong></span> <span class='ocrx_word' id='word_1_377' title='bbox 348 3626 370 3664; x_wconf 93' lang='lat' dir='ltr'><strong>e.</strong></span> <span class='ocrx_word' id='word_1_378' title='bbox 389 3609 477 3680; x_wconf 84' lang='lat' dir='ltr'><strong>aliquo</strong></span> <span class='ocrx_word' id='word_1_379' title='bbox 494 3609 570 3664; x_wconf 88' lang='lat' dir='ltr'><strong>modo</strong></span> <span class='ocrx_word' id='word_1_380' title='bbox 589 3627 617 3662; x_wconf 85' lang='lat' dir='ltr'><strong>se</strong></span> <span class='ocrx_word' id='word_1_381' title='bbox 634 3609 742 3677; x_wconf 90' lang='lat' dir='ltr'><strong>habeus,</strong></span> <span class='ocrx_word' id='word_1_382' title='bbox 757 3611 843 3664; x_wconf 85' lang='lat' dir='ltr'><strong>omnia</strong></span> <span class='ocrx_word' id='word_1_383' title='bbox 861 3611 993 3665; x_wconf 83' lang='lat' dir='ltr'><strong>attributa</strong></span> <span class='ocrx_word' id='word_1_384' title='bbox 1006 3611 1183 3682; x_wconf 88' lang='lat' dir='ltr'><strong>amplectitur,</strong></span> <span class='ocrx_word' id='word_1_385' title='bbox 1202 3627 1269 3682; x_wconf 85' lang='lat' dir='ltr'><strong>quae</strong></span> <span class='ocrx_word' id='word_1_386' title='bbox 1282 3611 1367 3683; x_wconf 88' lang='lat' dir='ltr'><strong>ipsam</strong></span> <span class='ocrx_word' id='word_1_387' title='bbox 1383 3613 1445 3667; x_wconf 88' lang='lat' dir='ltr'><strong>sub·</strong></span> 
     </span>
     <span class='ocr_line' id='line_1_37' title="bbox 321 3698 1445 3771; baseline 0.004 -19"><span class='ocrx_word' id='word_1_388' title='bbox 321 3698 436 3752; x_wconf 86' lang='lat' dir='ltr'><strong>stantiae</strong></span> <span class='ocrx_word' id='word_1_389' title='bbox 453 3700 576 3752; x_wconf 88' lang='lat' dir='ltr'><strong>naturam</strong></span> <span class='ocrx_word' id='word_1_390' title='bbox 595 3715 646 3754; x_wconf 89' lang='lat' dir='ltr'><strong>nou</strong></span> <span class='ocrx_word' id='word_1_391' title='bbox 665 3699 811 3768; x_wconf 81' lang='lat' dir='ltr'><strong>attingunt,</strong></span> <span class='ocrx_word' id='word_1_392' title='bbox 831 3700 877 3753; x_wconf 90' lang='lat' dir='ltr'><strong>sed</strong></span> <span class='ocrx_word' id='word_1_393' title='bbox 895 3717 911 3753; x_wconf 89' lang='lat' dir='ltr'><strong>a</strong></span> <span class='ocrx_word' id='word_1_394' title='bbox 928 3700 984 3754; x_wconf 92' lang='lat' dir='ltr'><strong>loco</strong></span> <span class='ocrx_word' id='word_1_395' title='bbox 1002 3701 1089 3770; x_wconf 85' lang='lat' dir='ltr'><strong>aliquo</strong></span> <span class='ocrx_word' id='word_1_396' title='bbox 1107 3701 1148 3754; x_wconf 82' lang='lat' dir='ltr'><strong>val</strong></span> <span class='ocrx_word' id='word_1_397' title='bbox 1166 3703 1283 3771; x_wconf 87' lang='lat' dir='ltr'><strong>tempore</strong></span> <span class='ocrx_word' id='word_1_398' title='bbox 1307 3701 1349 3755; x_wconf 86' lang='lat' dir='ltr'><strong>vel</strong></span> <span class='ocrx_word' id='word_1_399' title='bbox 1366 3704 1445 3756; x_wconf 88' lang='lat' dir='ltr'><strong>motu</strong></span> 
     </span>
     <span class='ocr_line' id='line_1_38' title="bbox 319 3787 1445 3860; baseline 0.004 -19"><span class='ocrx_word' id='word_1_400' title='bbox 319 3787 361 3841; x_wconf 89' lang='lat' dir='ltr'><strong>vel</strong></span> <span class='ocrx_word' id='word_1_401' title='bbox 388 3787 490 3841; x_wconf 90' lang='lat' dir='ltr'><strong>actione</strong></span> <span class='ocrx_word' id='word_1_402' title='bbox 518 3803 548 3840; x_wconf 87' lang='lat' dir='ltr'><strong>ac</strong></span> <span class='ocrx_word' id='word_1_403' title='bbox 574 3787 695 3858; x_wconf 88' lang='lat' dir='ltr'><strong>passione</strong></span> <span class='ocrx_word' id='word_1_404' title='bbox 722 3788 836 3858; x_wconf 85' lang='lat' dir='ltr'><strong>repetita</strong></span> <span class='ocrx_word' id='word_1_405' title='bbox 862 3787 957 3844; x_wconf 85' lang='lat' dir='ltr'><strong>Stoicis</strong></span> <span class='ocrx_word' id='word_1_406' title='bbox 984 3806 1037 3843; x_wconf 91' lang='lat' dir='ltr'><strong>uon</strong></span> <span class='ocrx_word' id='word_1_407' title='bbox 1061 3791 1128 3853; x_wconf 76' lang='grc' dir='ltr'><em>ἕξεις</em></span> <span class='ocrx_word' id='word_1_408' title='bbox 1151 3787 1366 3860; x_wconf 82' lang='lat' dir='ltr'><strong>appellabantur,</strong></span> <span class='ocrx_word' id='word_1_409' title='bbox 1396 3790 1445 3845; x_wconf 80' lang='lat' dir='ltr'><strong>sed</strong></span> 
     </span>
     <span class='ocr_line' id='line_1_39' title="bbox 319 3874 1445 3956; baseline 0.005 -26"><span class='ocrx_word' id='word_1_410' title='bbox 319 3880 436 3948; x_wconf 88' lang='grc' dir='ltr'><em>σχέσεις,</em></span> <span class='ocrx_word' id='word_1_411' title='bbox 461 3893 484 3930; x_wconf 89' lang='lat' dir='ltr'><strong>v.</strong></span> <span class='ocrx_word' id='word_1_412' title='bbox 503 3874 595 3946; x_wconf 82' lang='lat' dir='ltr'><strong>Simpl.</strong></span> <span class='ocrx_word' id='word_1_413' title='bbox 614 3875 632 3930; x_wconf 87' lang='lat' dir='ltr'><strong>f.</strong></span> <span class='ocrx_word' id='word_1_414' title='bbox 651 3877 721 3930; x_wconf 77' lang='lat' dir='ltr'><strong>44n</strong></span> <span class='ocrx_word' id='word_1_415' title='bbox 743 3880 758 3930; x_wconf 84' lang='grc' dir='ltr'>ὁ</span> <span class='ocrx_word' id='word_1_416' title='bbox 783 3877 815 3931; x_wconf 80' lang='grc' dir='ltr'><strong>δὲ</strong></span> <span class='ocrx_word' id='word_1_417' title='bbox 834 3879 882 3945; x_wconf 81' lang='grc' dir='ltr'><em>τὴν</em></span> <span class='ocrx_word' id='word_1_418' title='bbox 905 3881 1005 3933; x_wconf 88' lang='grc' dir='ltr'><em>στάσιν</em></span> <span class='ocrx_word' id='word_1_419' title='bbox 1022 3883 1070 3933; x_wconf 84' lang='grc' dir='ltr'><em>καὶ</em></span> <span class='ocrx_word' id='word_1_420' title='bbox 1088 3880 1136 3946; x_wconf 85' lang='grc' dir='ltr'><em>τὴν</em></span> <span class='ocrx_word' id='word_1_421' title='bbox 1154 3882 1269 3934; x_wconf 76' lang='grc' dir='ltr'><em>κάθισιν</em></span> <span class='ocrx_word' id='word_1_422' title='bbox 1291 3883 1333 3953; x_wconf 83' lang='grc' dir='ltr'><strong>μὴ</strong></span> <span class='ocrx_word' id='word_1_423' title='bbox 1355 3900 1445 3956; x_wconf 86' lang='grc' dir='ltr'><em>προσ-</em></span> 
     </span>
     <span class='ocr_line' id='line_1_40' title="bbox 320 3961 1447 4041; baseline 0.004 -22"><span class='ocrx_word' id='word_1_424' title='bbox 320 3967 490 4036; x_wconf 82' lang='grc' dir='ltr'><em>ποιούμενος</em></span> <span class='ocrx_word' id='word_1_425' title='bbox 515 3966 585 4032; x_wconf 86' lang='grc' dir='ltr'><em>(τοῖς</em></span> <span class='ocrx_word' id='word_1_426' title='bbox 606 3961 694 4030; x_wconf 82' lang='grc' dir='ltr'><em>οὖσιν)</em></span> <span class='ocrx_word' id='word_1_427' title='bbox 716 3967 785 4020; x_wconf 79' lang='grc' dir='ltr'><em>ἔοικε</em></span> <span class='ocrx_word' id='word_1_428' title='bbox 805 3970 913 4041; x_wconf 75' lang='grc' dir='ltr'><em>Στωϊκῇ</em></span> <span class='ocrx_word' id='word_1_429' title='bbox 937 3987 992 4020; x_wconf 92' lang='grc' dir='ltr'><em>τινι</em></span> <span class='ocrx_word' id='word_1_430' title='bbox 1015 3973 1148 4038; x_wconf 72' lang='grc' dir='ltr'><em>συνηθείᾳ</em></span> <span class='ocrx_word' id='word_1_431' title='bbox 1168 3973 1340 4024; x_wconf 73' lang='grc' dir='ltr'><em>συνέπεσθαι</em></span> <span class='ocrx_word' id='word_1_432' title='bbox 1358 3971 1447 4026; x_wconf 74' lang='grc' dir='ltr'><em>οὐδέν</em></span> 
     </span>
    </p>
   </div>
   <div class='ocr_carea' id='block_1_8' title="bbox 320 4054 1447 4577">
    <p class='ocr_par' dir='ltr' id='par_1_8' title="bbox 320 4054 1447 4577">
     <span class='ocr_line' id='line_1_41' title="bbox 320 4054 1447 4134; baseline 0.005 -26"><span class='ocrx_word' id='word_1_433' title='bbox 320 4057 389 4108; x_wconf 79' lang='lat' dir='ltr'><strong>auo</strong></span> <span class='ocrx_word' id='word_1_434' title='bbox 407 4057 423 4121; x_wconf 77' lang='grc' dir='ltr'><em>ἢ</em></span> <span class='ocrx_word' id='word_1_435' title='bbox 442 4055 474 4107; x_wconf 86' lang='grc' dir='ltr'><em>τό</em></span> <span class='ocrx_word' id='word_1_436' title='bbox 494 4055 676 4126; x_wconf 81' lang='grc' dir='ltr'><em>ἀποκείμενον</em></span> <span class='ocrx_word' id='word_1_437' title='bbox 694 4054 765 4108; x_wconf 82' lang='grc' dir='ltr'><em>εἶναι</em></span> <span class='ocrx_word' id='word_1_438' title='bbox 783 4057 910 4129; x_wconf 82' lang='grc' dir='ltr'><em>νομίζων,</em></span> <span class='ocrx_word' id='word_1_439' title='bbox 930 4057 979 4117; x_wconf 84' lang='grc' dir='ltr'><strong>τὰς</strong></span> <span class='ocrx_word' id='word_1_440' title='bbox 997 4056 1029 4111; x_wconf 78' lang='grc' dir='ltr'><strong>δὲ</strong></span> <span class='ocrx_word' id='word_1_441' title='bbox 1048 4061 1110 4128; x_wconf 87' lang='grc' dir='ltr'><em>περὶ</em></span> <span class='ocrx_word' id='word_1_442' title='bbox 1130 4059 1198 4110; x_wconf 82' lang='grc' dir='ltr'><em>αὐτὸ</em></span> <span class='ocrx_word' id='word_1_443' title='bbox 1216 4057 1356 4134; x_wconf 79' lang='grc' dir='ltr'><em>διαφορὰς</em></span> <span class='ocrx_word' id='word_1_444' title='bbox 1375 4061 1447 4115; x_wconf 86' lang='grc' dir='ltr'><em>ἀνυ-</em></span> 
     </span>
     <span class='ocr_line' id='line_1_42' title="bbox 321 4143 1446 4216; baseline 0.004 -18"><span class='ocrx_word' id='word_1_445' title='bbox 321 4145 480 4204; x_wconf 72' lang='grc' dir='ltr'><em>ποστάτους</em></span> <span class='ocrx_word' id='word_1_446' title='bbox 498 4143 652 4216; x_wconf 79' lang='grc' dir='ltr'><em>ἡγούμενος</em></span> <span class='ocrx_word' id='word_1_447' title='bbox 669 4147 716 4196; x_wconf 83' lang='grc' dir='ltr'><em>καὶ</em></span> <span class='ocrx_word' id='word_1_448' title='bbox 734 4143 792 4205; x_wconf 88' lang='grc' dir='ltr'><em>πὼς</em></span> <span class='ocrx_word' id='word_1_449' title='bbox 811 4145 911 4215; x_wconf 78' lang='grc' dir='ltr'><em>ἔχοντα</em></span> <span class='ocrx_word' id='word_1_450' title='bbox 931 4146 1001 4198; x_wconf 86' lang='grc' dir='ltr'><strong>αάτά</strong></span> <span class='ocrx_word' id='word_1_451' title='bbox 1020 4147 1174 4211; x_wconf 75' lang='grc' dir='ltr'><em>ἀποκαλῶν,</em></span> <span class='ocrx_word' id='word_1_452' title='bbox 1193 4149 1228 4209; x_wconf 82' lang='grc' dir='ltr'><em>ὡς</em></span> <span class='ocrx_word' id='word_1_453' title='bbox 1246 4149 1277 4201; x_wconf 81' lang='grc' dir='ltr'><strong>ἐν</strong></span> <span class='ocrx_word' id='word_1_454' title='bbox 1295 4153 1353 4210; x_wconf 86' lang='grc' dir='ltr'><em>τοῖς</em></span> <span class='ocrx_word' id='word_1_455' title='bbox 1373 4150 1446 4203; x_wconf 79' lang='grc' dir='ltr'><em>ὑπο-</em></span> 
     </span>
     <span class='ocr_line' id='line_1_43' title="bbox 320 4231 1445 4305; baseline 0.006 -21"><span class='ocrx_word' id='word_1_456' title='bbox 320 4235 454 4303; x_wconf 74' lang='grc' dir='ltr'><em>κειμένοις</em></span> <span class='ocrx_word' id='word_1_457' title='bbox 481 4231 583 4302; x_wconf 77' lang='grc' dir='ltr'><em>ἓχοντα</em></span> <span class='ocrx_word' id='word_1_458' title='bbox 608 4232 677 4284; x_wconf 79' lang='grc' dir='ltr'><em>αὐτὸ</em></span> <span class='ocrx_word' id='word_1_459' title='bbox 705 4241 787 4286; x_wconf 86' lang='grc' dir='ltr'><em>τοῦτο</em></span> <span class='ocrx_word' id='word_1_460' title='bbox 816 4235 848 4286; x_wconf 89' lang='grc' dir='ltr'><em>τὸ</em></span> <span class='ocrx_word' id='word_1_461' title='bbox 876 4233 934 4295; x_wconf 85' lang='grc' dir='ltr'><em>πὼς</em></span> <span class='ocrx_word' id='word_1_462' title='bbox 960 4235 1044 4305; x_wconf 77' lang='grc' dir='ltr'><em>ἔχειν,</em></span> <span class='ocrx_word' id='word_1_463' title='bbox 1072 4234 1104 4288; x_wconf 81' lang='lat' dir='ltr'><strong>uf.</strong></span> <span class='ocrx_word' id='word_1_464' title='bbox 1122 4235 1220 4289; x_wconf 70' lang='lat' dir='ltr'><strong>Plotia</strong></span> <span class='ocrx_word' id='word_1_465' title='bbox 1242 4235 1280 4288; x_wconf 77' lang='lat' dir='ltr'><strong>Vl</strong></span> <span class='ocrx_word' id='word_1_466' title='bbox 1300 4237 1324 4302; x_wconf 93' lang='lat' dir='ltr'><strong>l,</strong></span> <span class='ocrx_word' id='word_1_467' title='bbox 1343 4237 1388 4291; x_wconf 88' lang='lat'><strong>30.</strong></span> <span class='ocrx_word' id='word_1_468' title='bbox 1407 4266 1445 4277; x_wconf 91' lang='lat'>—</span> 
     </span>
     <span class='ocr_line' id='line_1_44' title="bbox 320 4316 1445 4395; baseline 0.006 -24"><span class='ocrx_word' id='word_1_469' title='bbox 320 4316 439 4390; x_wconf 87' lang='lat' dir='ltr'><strong>Denique</strong></span> <span class='ocrx_word' id='word_1_470' title='bbox 464 4321 549 4390; x_wconf 84' lang='grc' dir='ltr'><em>πρός</em></span> <span class='ocrx_word' id='word_1_471' title='bbox 571 4339 605 4374; x_wconf 88' lang='grc' dir='ltr'><strong>τι</strong></span> <span class='ocrx_word' id='word_1_472' title='bbox 629 4320 699 4382; x_wconf 81' lang='grc' dir='ltr'><em>πὼς</em></span> <span class='ocrx_word' id='word_1_473' title='bbox 722 4321 864 4392; x_wconf 76' lang='grc' dir='ltr'><em>ἔχοντα,</em></span> <span class='ocrx_word' id='word_1_474' title='bbox 891 4322 909 4376; x_wconf 90' lang='lat' dir='ltr'><strong>i.</strong></span> <span class='ocrx_word' id='word_1_475' title='bbox 928 4338 950 4376; x_wconf 89' lang='lat' dir='ltr'><strong>e.</strong></span> <span class='ocrx_word' id='word_1_476' title='bbox 969 4321 1151 4393; x_wconf 89' lang='lat' dir='ltr'><strong>aliquomodo</strong></span> <span class='ocrx_word' id='word_1_477' title='bbox 1176 4324 1210 4378; x_wconf 87' lang='lat' dir='ltr'><strong>ad</strong></span> <span class='ocrx_word' id='word_1_478' title='bbox 1227 4323 1328 4395; x_wconf 87' lang='lat' dir='ltr'><strong>aliquid</strong></span> <span class='ocrx_word' id='word_1_479' title='bbox 1346 4325 1445 4393; x_wconf 81' lang='lat' dir='ltr'><strong>relata,</strong></span> 
     </span>
     <span class='ocr_line' id='line_1_45' title="bbox 320 4407 1446 4482; baseline 0.008 -23"><span class='ocrx_word' id='word_1_480' title='bbox 320 4407 385 4459; x_wconf 90' lang='lat' dir='ltr'><strong>sunt</strong></span> <span class='ocrx_word' id='word_1_481' title='bbox 402 4422 433 4460; x_wconf 89' lang='lat' dir='ltr'><strong>ea</strong></span> <span class='ocrx_word' id='word_1_482' title='bbox 451 4407 597 4474; x_wconf 83' lang='lat' dir='ltr'><strong>attributa,</strong></span> <span class='ocrx_word' id='word_1_483' title='bbox 622 4408 718 4479; x_wconf 91' lang='lat' dir='ltr'><strong>quibus</strong></span> <span class='ocrx_word' id='word_1_484' title='bbox 742 4409 831 4480; x_wconf 87' lang='lat' dir='ltr'><strong>aliqua</strong></span> <span class='ocrx_word' id='word_1_485' title='bbox 855 4427 897 4466; x_wconf 88' lang='lat' dir='ltr'><strong>res</strong></span> <span class='ocrx_word' id='word_1_486' title='bbox 915 4410 949 4464; x_wconf 85' lang='lat' dir='ltr'><strong>ad</strong></span> <span class='ocrx_word' id='word_1_487' title='bbox 967 4411 1033 4466; x_wconf 82' lang='lat' dir='ltr'><strong>alias</strong></span> <span class='ocrx_word' id='word_1_488' title='bbox 1051 4428 1118 4482; x_wconf 88' lang='lat' dir='ltr'><strong>quaa</strong></span> <span class='ocrx_word' id='word_1_489' title='bbox 1142 4429 1196 4466; x_wconf 89' lang='lat' dir='ltr'><strong>una</strong></span> <span class='ocrx_word' id='word_1_490' title='bbox 1213 4413 1346 4467; x_wconf 81' lang='lat' dir='ltr'><strong>exsistunt</strong></span> <span class='ocrx_word' id='word_1_491' title='bbox 1362 4414 1446 4468; x_wconf 79' lang='lat' dir='ltr'><strong>roter-</strong></span> 
     </span>
     <span class='ocr_line' id='line_1_46' title="bbox 321 4493 1445 4577; baseline 0.009 -31"><span class='ocrx_word' id='word_1_492' title='bbox 321 4493 375 4562; x_wconf 88' lang='lat' dir='ltr'><strong>tur,</strong></span> <span class='ocrx_word' id='word_1_493' title='bbox 393 4494 425 4550; x_wconf 80' lang='lat' dir='ltr'><strong>of.</strong></span> <span class='ocrx_word' id='word_1_494' title='bbox 444 4493 535 4566; x_wconf 85' lang='lat' dir='ltr'><strong>Simpl.</strong></span> <span class='ocrx_word' id='word_1_495' title='bbox 553 4496 571 4550; x_wconf 85' lang='lat' dir='ltr'><strong>i.</strong></span> <span class='ocrx_word' id='word_1_496' title='bbox 586 4497 621 4571; x_wconf 82' lang='grc'><strong>42</strong></span> <span class='ocrx_word' id='word_1_497' title='bbox 630 4504 718 4552; x_wconf 88' lang='lat' dir='ltr'><strong>E·Z</strong></span> <span class='ocrx_word' id='word_1_498' title='bbox 732 4501 801 4576; x_wconf 86' lang='grc' dir='ltr'><em>πρός</em></span> <span class='ocrx_word' id='word_1_499' title='bbox 819 4520 846 4554; x_wconf 89' lang='grc' dir='ltr'><strong>τι</strong></span> <span class='ocrx_word' id='word_1_500' title='bbox 862 4501 917 4574; x_wconf 74' lang='grc' dir='ltr'><strong>μὲν</strong></span> <span class='ocrx_word' id='word_1_501' title='bbox 933 4503 1062 4572; x_wconf 75' lang='grc' dir='ltr'><em>λέγουσιν</em></span> <span class='ocrx_word' id='word_1_502' title='bbox 1079 4501 1133 4557; x_wconf 77' lang='grc' dir='ltr'><em>ὅσα</em></span> <span class='ocrx_word' id='word_1_503' title='bbox 1150 4497 1215 4557; x_wconf 82' lang='grc' dir='ltr'><em>κατ’</em></span> <span class='ocrx_word' id='word_1_504' title='bbox 1234 4507 1334 4558; x_wconf 72' lang='grc' dir='ltr'><em>οἰκεῖον</em></span> <span class='ocrx_word' id='word_1_505' title='bbox 1347 4523 1445 4577; x_wconf 82' lang='grc' dir='ltr'><em>χαρα-</em></span> 
     </span>
    </p>
   </div>
   <div class='ocr_carea' id='block_1_9' title="bbox 0 0 1579 4982">
    <p class='ocr_par' dir='ltr' id='par_1_9' title="bbox 0 0 1579 4982">
     <span class='ocr_line' id='line_1_47' title="bbox 0 0 1579 4982; baseline 0 0"><span class='ocrx_word' id='word_1_506' title='bbox 0 0 1579 4982; x_wconf 95' lang='lat' dir='ltr'><strong> </strong></span> 
     </span>
    </p>
   </div>
  </div>
 </body>
</html>
