3146 4982
1329 13 1564 149 '-

320 340 375 404 420
775 343 856 400 Stoiei
873 344 981 415 priores.

142 521 295 574 diminute·
387 505 472 570 Plan.
494 504 542 570 IV
566 513 596 582 4,
620 511 650 569 4.
685 505 764 570 Don
789 512 863 572 390.
921 501 962 572 Oi
992 501 1134 570 Στωϊκοὶ
1163 498 1200 583 ἐξ
1227 499 1314 570 όκτδι
1336 513 1445 590 μερῶν
1453 518 1528 562 nor

321 631 406 699 φασι
434 608 616 676 συνιστάνει
651 611 722 699 (τὴν
753 611 887 698 ψυχήν),
922 609 1020 676 πέντε
1048 608 1109 694 μὲν
1137 622 1203 676 τῶν
1237 605 1447 698 αἰσθητικῶν

321 716 477 804 ὁρατικοῦ
498 715 694 784 ἀκουστικοῦ
716 714 920 806 ὀσφρητικοῦ
934 727 1102 802 γευστικοῦ
1116 717 1269 798 ἁπτικοῦ,
1293 713 1388 782 ἕκτου
1407 713 1447 782 δὲ

321 833 533 912 φωνητικοῦ,
570 819 708 908 ἑβδόμου
739 834 982 910 σπερματικοῦ,
1017 820 1132 908 ὀγδόου
1160 821 1261 889 αὐτοῦ
1289 832 1349 889 τοῦ
1371 822 1447 910 ἡγε-

320 939 456 1014 μανικοῦ
463 981 470 1010 ,
505 918 569 1019 ἀφ’
591 924 632 996 od
651 939 756 995 ταῦτα
787 927 899 996 πάντα
930 928 1126 996 ἐπιτέταται
1149 930 1206 995 διὰ
1228 942 1294 995 τῶν
1317 925 1448 996 οἰκείων

322 1033 465 1124 όργόνων
488 1049 684 1126 προσφερῶς
706 1039 782 1114 ταῖς
804 1046 862 1102 τοῦ
886 1035 1077 1115 πολύποδος
1100 1033 1329 1116 πλεκτάναιςὶ

392 1179 477 1246 Sext
499 1179 603 1245 Maon.
626 1179 674 1244 IX
699 1187 772 1246 102.
817 1178 935 1268 Πάσης
964 1180 1025 1266 γὰρ
1053 1178 1181 1268 φόσειος
1208 1177 1268 1246 καὶ
1296 1189 1404 1266 ψυχῆς
1427 1177 1526 1265 elnon

322 1287 468 1374 καταρχὴ
498 1297 556 1374 τὴς
585 1285 739 1374 κινὴσεως
767 1281 920 1371 γίνεσθαι
943 1286 1034 1352 δοκεῖ
1056 1284 1125 1352 ἀπὸ
1148 1287 1353 1372 ἡγεμονικοῦ,
1387 1282 1449 1354 καὶ

323 1402 433 1458 πᾶσαι
460 1387 497 1458 αὶ
520 1390 579 1458 ἐπὶ
601 1389 747 1480 τὰμέρη
775 1402 833 1458 τοῦ
856 1391 932 1458 ὅλου
955 1390 1273 1476 ἐξαποστελλόμεναι
1294 1390 1449 1474 δυνάμεις

323 1499 369 1577 ὡς
391 1497 459 1566 ἀπό
481 1521 569 1578 τινος
591 1510 699 1587 πηγὴς
720 1507 779 1564 τοῦ
800 1500 991 1587 ἡγεμονικοῦ
1012 1495 1327 1578 ἒξαποστέλλωνται,
1362 1499 1449 1562 ὥστε

323 1615 439 1670 πᾶσαν
461 1605 595 1687 δόναμιν
617 1606 675 1692 τὴν
697 1603 775 1692 περὶ
803 1606 842 1671 τὸ
864 1603 962 1693 μέρος
990 1601 1087 1672 οὖσαν
1115 1603 1174 1671 καὶ
1202 1602 1282 1692 περὶ
1310 1604 1350 1670 τό
1372 1603 1449 1669 όλον

324 1703 408 1777 alone
431 1711 487 1791 διὰ
509 1712 548 1778 τὸ
571 1709 640 1777 όπδ
661 1721 721 1777 τοῦ
741 1709 775 1777 ἕν
797 1709 888 1799 αὐτῷ
910 1713 1098 1800 ἡγεμονικοῦ
1120 1708 1367 1778 διαδίδοσθαιλ.

182 1881 190 1910 ι
246 1880 257 1909 e
287 1881 298 1910 ε
391 1853 483 1936 Diog.
506 1853 572 1919 VII
596 1860 671 1922 159.
713 1842 923 1940 Ἡγεμονικδν
946 1843 978 1920 δ’
998 1845 1082 1921 εἶναι
1103 1855 1143 1920 τδ
1165 1853 1367 1942 κυριώτατον
1389 1863 1524 1940 τῆςιιοσ

324 1973 446 2049 ψυχῆς,
474 1959 507 2028 ἐν
531 1944 558 2048 ᾧ
581 1957 618 2027 αὶ
641 1957 825 2050 φαντασίαι
854 1960 913 2027 καὶ
936 1958 973 2028 αῖ
996 1959 1097 2049 όρμαὶ
1120 1957 1263 2046 γίνονται
1284 1957 1345 2026 καὶ
1366 1958 1449 2026 ὅθεν

324 2068 343 2134 δ
365 2067 459 2152 λόγος
481 2065 731 2151 ἀναπέμπεται·
753 2067 835 2155 όπερ
859 2059 944 2134 εἶναι
967 2066 1001 2134 όν
1023 2064 1172 2156 καρδίᾳο.

395 2223 425 2264 a.
450 2207 488 2263 Cf.
507 2208 578 2263 Plac.
597 2207 636 2261 IV
654 2208 697 2275 21,
712 2208 737 2264 2.
762 2208 828 2264 Dox.
842 2209 897 2262 410
915 2209 973 2262 ono
991 2208 1023 2263 δὲ
1042 2217 1093 2262 τὀῦ
1109 2211 1275 2282 ἡγεμονικοῦ
1292 2206 1365 2260 ἑπτά
1377 2210 1450 2282 μέρη

325 2299 384 2353 ἔστι
403 2307 449 2366 τῆς
467 2307 559 2369 ψυχῆς
576 2299 751 2370 ἐκπεφυκότα
773 2301 821 2352 καὶ
845 2299 1020 2371 ἐκτεινόμενα
1045 2301 1083 2359 εἰς
1105 2300 1138 2351 τὸ
1163 2307 1245 2370 σῶμα
1268 2299 1400 2369 καθάπερ
1419 2297 1452 2349 αἱ

326 2387 383 2440 ἀπὸ
407 2396 458 2440 τοῦ
481 2386 643 2448 πολύποδος
662 2389 819 2440 πλεκτάναι.
849 2413 883 2423 -
913 2385 938 2441 3.
957 2389 973 2453 ἡ
990 2387 1044 2460 μὲν
1062 2387 1158 2458 δρασίς
1175 2388 1235 2440 ἔστι
1254 2395 1365 2458 πνεῦμα
1384 2384 1451 2438 δια·

326 2481 416 2529 τεῖνον
441 2477 499 2529 ἀπὸ
522 2477 691 2548 ἡγεμονικοῦ
713 2479 810 2549 μέχρις
836 2475 1005 2547 ὀφθαλμῶν,
1034 2475 1101 2541 ἀκοὴ
1125 2475 1158 2529 δὲ
1177 2485 1287 2548 πνεῦμα
1306 2474 1452 2528 διατεῖνον

325 2565 384 2618 ἀπό
407 2574 458 2618 τοῦ
481 2565 649 2638 ἡγεμονικοῦ
669 2568 766 2636 μέχρις
790 2567 874 2618 ὤτων.
903 2591 938 2602 -
966 2574 1021 2618 τῶν
1039 2563 1070 2618 δὲ
1089 2566 1196 2618 λοιπῶν
1219 2565 1252 2616 τὸ
1268 2563 1322 2636 μὲν
1340 2566 1452 2633 λέγεται

326 2658 451 2725 σπέρμα,
480 2654 549 2726 ὅπερ
575 2656 622 2707 καὶ
650 2654 718 2706 αὐτὸ
746 2655 858 2726 πνεῦμά
885 2654 945 2708 ἔστι
969 2653 1111 2708 διατεῖνον
1136 2654 1194 2706 ἀπὸ
1212 2662 1263 2705 τοῦ
1280 2653 1452 2724 ἡγεμονικοῦ

324 2747 408 2817 μέχρι
433 2752 487 2796 τῶν
505 2751 699 2817 παραστατῶν.
727 2744 760 2796 τδ
778 2741 810 2796 δὲ
829 2752 940 2814 φωνᾶεν
959 2744 1015 2796 ὑπὸ
1037 2752 1089 2796 τοῦ
1106 2743 1233 2808 Ζήνωνος
1256 2740 1451 2815 alpapthon&

325 2835 372 2885 καὶ
391 2832 484 2903 φωνὴν
501 2835 646 2894 καλοῦσιν,
673 2831 733 2885 ἔστι
751 2841 862 2904 πνεῦμα
880 2831 1021 2885 διατεῖνον
1039 2833 1096 2884 ἀπὸ
1114 2839 1165 2884 τοῦ
1182 2832 1349 2902 ἡγεμονικοῦ
1365 2833 1452 2902 μέχρι

327 2923 472 2993 φάρυγγος
493 2924 540 2973 καὶ
564 2921 684 2989 γλώττης
706 2922 827 2973 καὶτῶν
846 2923 951 2974 οἰκείων
970 2921 1101 2993 ὀργάνων,
1130 2920 1198 2972 αδτδ
1217 2919 1249 2972 δὲ
1267 2919 1299 2971 τὸ
1311 2909 1451 2991 ἡγεμόνι·

326 3010 375 3060 κόν
392 3007 485 3080 ὥσπερ
508 3009 538 3062 ἐν
554 3010 651 3080 κόσμῳ
663 3009 801 3076 (ἥλιος)1
821 3015 943 3063 κατοικεῖ
965 3009 995 3064 ἐν
1019 3011 1052 3082 τῇ
1070 3010 1187 3082 ἡμετέρᾳ
1212 3007 1390 3080 σφαιροειδεῖ
1406 3027 1451 3063 κε·

327 3098 408 3170 φυλῇ.
445 3094 483 3149 Cf.
502 3101 545 3150 BP
564 3097 617 3151 398
627 3096 656 3152 C.

397 3199 429 3257 b.
452 3201 596 3273 Propterea
617 3204 751 3272 negabant
775 3203 992 3273 distinguendum
1014 3219 1071 3257 esse
1094 3203 1165 3256 inter
1188 3202 1346 3256 rationalem
1369 3206 1400 3258 et
1417 3204 1452 3258 ir·

326 3289 482 3345 rationalem
499 3294 602 3363 partem
621 3293 734 3359 animam
753 3295 919 3364 ἡγεμονικόν
931 3292 1001 3346 enim
1014 3291 1151 3345 rationalia
1165 3291 1266 3345 animae
1284 3307 1343 3346 eoae
1356 3294 1451 3363 λόγον,

133 3394 303 3437 antaradenae
330 3395 408 3451 quem
432 3381 518 3434 vocari
542 3383 570 3434 et
589 3381 718 3436 διάνοιαν
736 3384 765 3436 et
788 3384 820 3436 τὸ
839 3384 1002 3453 λογιστικόν.
1038 3379 1270 3449 Diog.vl1157;
1299 3379 1393 3436 Galen.
1419 3381 1453 3435 de

326 3467 407 3540 Hipp.
426 3469 543 3524 etPlat
561 3469 624 3524 115
643 3487 669 3541 p.
689 3471 742 3525 244
750 3469 799 3537 K.;
818 3471 895 3540 Diog.
914 3469 967 3524 VII
984 3469 1036 3524 111
1054 3471 1134 3524 δοκεῖ
1151 3469 1183 3524 δὲ
1202 3471 1297 3532 αὐτοῖς
1315 3472 1351 3524 τὰ
1371 3474 1453 3539 πάθη

326 3564 429 3633 κρίσεις
447 3558 517 3613 εἶναι
534 3561 631 3630 (λόγου
649 3561 850 3634 ἡμαρτημένας,
869 3559 901 3614 ef.
915 3558 1042 3613 Themist.
1057 3557 1089 3612 de
1103 3556 1190 3612 Anim.
1204 3575 1230 3628 p.
1245 3558 1298 3613 197
1313 3557 1451 3628 Spengel);

327 3645 831 3718 Plut.deV1rt.Mora1.7p.446F
858 3650 927 3703 ἔνιοι
951 3649 987 3703 δέ
1003 3665 1093 3721 φασιν
1116 3647 1169 3718 οδχ
1187 3646 1279 3719 ἕτερον
1303 3647 1376 3702 εἶναι
1401 3657 1453 3702 τοῦ

327 3737 413 3805 λόγου
431 3738 463 3790 τδ
481 3739 575 3798 πάθος
593 3737 659 3792 cett
678 3737 759 3792 δυοῖν
777 3737 919 3810 διαφοράν
935 3741 983 3791 καλ
1001 3739 1107 3803 στάσιν,
1127 3737 1196 3790 ἀλλὰ
1210 3736 1271 3797 ἑνός
1283 3738 1370 3806 λόγου
1388 3755 1452 3808 τρο·

328 3825 384 3892 πὴν
401 3821 449 3879 ἐπ’
467 3827 614 3900 ἀμφότερα
631 3828 831 3880 λανθάνουσαν
848 3828 921 3900 ἡμᾶς
939 3827 1048 3894 ὀξύτητι
1065 3829 1112 3880 καὶ
1130 3829 1209 3896 τάχει
1225 3827 1387 3898 μεταβολῆς.

399 3960 426 4003 α.
451 3946 524 4002 Haeo
548 3951 613 4002 sunt
641 3948 766 4003 adversus
789 3949 927 4004 Platonem
950 3953 1004 4015 (BP
1022 3950 1109 4014 aeae)
1131 3949 1277 4019 disputata
1314 3948 1383 4003 Zeno
1409 3965 1452 4022 ap.

328 4033 421 4092 Galen.
449 4035 482 4090 de
504 4035 629 4108 Hippon.
657 4039 686 4091 et
711 4038 783 4092 Plat.
801 4037 865 4092 115
889 4055 915 4110 p.
935 4037 1030 4094 24111.
1049 4038 1089 4092 ita
1115 4037 1262 4092 concludit:
1295 4040 1373 4109 φωνὴ
1401 4039 1453 4093 διὰ

329 4128 475 4199 φάραγγος
495 4131 594 4200 χωρεῖ·
626 4130 652 4180 εί
674 4126 707 4182 δὲ
731 4125 765 4195 ἦν
783 4129 840 4181 άπὸ
858 4137 910 4181 τοῦ
933 4129 1087 4199 ἐγκεφάλου
1105 4137 1251 4200 χωροῦσα,
1278 4128 1328 4180 οὐκ
1347 4130 1383 4180 δν
1401 4127 1452 4181 διδ

330 4215 474 4284 φάρυγγος
492 4215 593 4288 ἐχώρει.
614 4215 681 4269 ὅθεν
699 4215 731 4270 δὲ
745 4217 833 4286 λόγος,
853 4219 900 4269 καὶ
920 4217 1000 4288 φοινὴ
1013 4217 1118 4270 ἐκεῖθεν
1128 4221 1225 4288 χωρεῖ·
1244 4216 1327 4285 λόγος
1346 4216 1378 4270 δὲ
1393 4218 1452 4270 ἀπὸ

330 4299 458 4364 διανοίας
472 4309 566 4376 χωρεῖ,
586 4301 653 4358 ὥστ’
672 4305 721 4358 οὐκ
738 4305 769 4359 ἒν
786 4307 824 4374 τῷ
842 4306 984 4377 ἐγκεφάλῳ
1002 4305 1078 4359 ἐστὶν
1095 4307 1112 4372 ἡ
1130 4303 1251 4359 διάνοια.

402 4461 430 4526 1)
448 4463 521 4528 ἣλιος
539 4461 614 4516 deest
630 4463 658 4518 in
676 4463 766 4518 libris:
784 4463 899 4518 addebat
917 4463 999 4519 Diela.
