3140 4990
512 1320 790 1423 Leucippus
823 1322 873 1402 et
905 1319 1226 1403 Democritus,

788 1510 947 1518 ——-—

160 1648 285 1701 noueram
375 1631 613 1712 Theophrastus
638 1650 687 1714 ap.
705 1631 814 1714 Simpl.
829 1632 925 1715 Phys.
944 1641 961 1697 7
977 1642 1001 1694 ¹.
1020 1640 1070 1708 28,
1087 1639 1106 1694 4
1123 1631 1161 1694 Ι).
1196 1629 1382 1708 Λεύκιππος
1398 1635 1432 1700 dl
1453 1647 1492 1688 1⁴³

309 1732 486 1822 οἝλείιτης
507 1732 724 1822 ἢΜιλήσιος“
747 1774 790 1784 -
814 1733 998 1824 ἀμφοτέρως
1022 1732 1080 1824 γὰρ
1104 1738 1219 1822 λέγεται
1243 1745 1310 1824 περὶ
1333 1736 1433 1806 αὐτοῦ

306 1878 350 1889 -
370 1841 556 1929 κοινωνήσας
575 1842 783 1931 Πορμενίιλῃῑ)
806 1845 860 1930 τῆς
877 1847 1060 1932 φιλοσοφίας
1076 1839 1110 1909 οὗ
1128 1839 1182 1928 τὴν
1198 1840 1293 1930 αὐτὴν
1309 1841 1431 1928 ε’βοὶὁιοε

305 1953 484 2038 Παρμενίδῃ
505 1955 554 2015 καὶ
576 1947 745 2036 Ξενοφάνει
769 1955 834 2035 περὶ
858 1953 919 2015 τῶν
944 1942 1042 2016 ὄντων
1071 1944 1154 2029 ὁδόν,
1185 1946 1249 2016 ἀλλ’
1275 1946 1318 2030 ὡς
1350 1955 1435 2018 δοκεῖ

306 2052 362 2143 τὴν
385 2059 530 2122 ἐναντίον.
578 2057 725 2141 (Doxogr.
744 2064 823 2134 ¹483,
850 2058 912 2141 11.)

377 2195 405 2235 a.
433 2179 507 2234 Idem
526 2196 580 2236 voc.
600 2196 647 2248 pro
662 2183 771 2247 Μήλιος
789 2179 928 2248 legendum
948 2197 988 2249 ap.
1004 2181 1081 2249 Diog.
1098 2179 1202 2247 1x30;
1222 2182 1291 2235 certe
1309 2180 1432 2235 Milesius

306 2268 404 2323 dicitur
423 2285 466 2337 ap.
485 2268 569 2322 Clem.
589 2267 720 2337 Protrept.
740 2269 814 2322 431)
833 2269 951 2337 aliosque
970 2271 1097 2324 auctores.

375 2375 407 2430 b.
437 2375 513 2443 Diog.
533 2373 572 2426 IX
591 2376 634 2428 30.
655 2367 734 2436 οὗτος
753 2379 851 2441 ἤκουσε
870 2377 1001 2442 Ζήνωνος.
1040 2375 1106 2428 Cum
1133 2374 1234 2430 Eleatis
1260 2377 1432 2445 coniungitur

306 2464 455 2531 Leucippus
480 2464 562 2516 etiam
585 2462 655 2531 apud
680 2462 762 2516 Arist.
783 2461 846 2516 Gen.
866 2466 893 2516 et
912 2464 984 2518 Corr.
1004 2465 1062 2517 18.
1082 2464 1134 2517 325
1149 2475 1162 2502 ²
1181 2466 1288 2519 2—36.
1326 2465 1431 2518 Aristo-

308 2552 373 2605 teles
384 2551 543 2620 Leucippum
559 2552 671 2619 primum
687 2554 789 2604 atomos
802 2553 965 2620 excogitasse
980 2555 1076 2608 censet.
1113 2552 1187 2606 Libri
1201 2554 1266 2619 eius,
1285 2551 1353 2606 unde
1372 2552 1432 2606 Ari·

306 2639 414 2694 stoteles
438 2643 465 2694 et
489 2639 686 2708 Theophrastus
711 2641 870 2708 sapientiam
901 2641 984 2709 ipsius
1014 2644 1203 2710 cognoverant,
1232 2643 1312 2709 vulgo
1337 2641 1432 2694 Demo-

306 2729 395 2782 criteis
415 2728 537 2782 videntur
555 2729 647 2782 inserti
666 2728 761 2795 fuisse;
781 2729 859 2798 Diog.
870 2729 909 2782 IX
924 2731 959 2782 46
974 2731 1136 2798 (Democriti)
1150 2737 1251 2801 Μέγας
1265 2731 1430 2801 διάκοσμος,

307 2819 339 2870 ὃν
349 2822 376 2870 οἱ
390 2822 451 2889 περὶ
469 2820 649 2888 Θεόφραστον
662 2823 830 2872 Λευκίππου
845 2823 934 2890 φασὶν
948 2820 1025 2872 εἶναι.
1054 2818 1214 2873 Dubitanter
1237 2819 1318 2872 eiiam
1341 2819 1365 2871 is
1385 2818 1432 2886 qui

306 2906 413 2974 scripsit
431 2905 462 2958 de
480 2906 587 2958 Melisso
602 2907 626 2969 6,
642 2907 694 2960 980
708 2918 721 2946 ὃ
741 2907 764 2960 7.
784 2910 814 2961 ἐν
828 2914 885 2968 τοῖς
899 2913 1067 2962 Λευκίππου
1079 2912 1257 2982 καλουμένοις
1269 2910 1368 2976 λόγοις.
1395 2905 1432 2960 At

307 2993 416 3046 fidenter
431 2993 503 3047 Stob.
519 2993 573 3047 Eol.
589 2993 603 3046 Ι
620 2995 678 3048 160.
698 2995 761 3048 Dox.
772 2996 823 3050 321
835 2995 859 3050 b.
880 3000 1045 3058 Λεύκιππος
1120 3001 1193 3066 λέγει
1203 3001 1232 3052 ἐν
1245 3000 1282 3066 τῷ
1293 3001 1362 3070 Περὶ
1373 3007 1431 3049 νοῦ.
1500 3017 1503 3022 ·

307 3081 380 3145 Quae
390 3081 469 3134 verba
479 3098 538 3135 cum
548 3098 577 3134 ex
591 3082 771 3151 Theophrasto
781 3084 879 3137 hausta
888 3085 952 3149 sint,
965 3084 1065 3138 frustra
1080 3085 1178 3138 librum
1197 3086 1273 3138 illum
1285 3085 1385 3138 Heeren
1404 3085 1432 3138 et

306 3169 425 3224 Mullach
436 3170 574 3224 vindicant
588 3172 745 3226 Democrito.
765 3172 857 3242 Simpl.
873 3172 952 3242 Phys.
969 3175 1011 3228 61.
1028 3175 1070 3241 25,
1082 3177 1095 3227 1
1105 3173 1140 3227 D.
1161 3179 1294 3244 Διογένης
1309 3169 1432 3228 ὁἈττολ-

305 3261 436 3326 λωνιάτης
455 3261 489 3312 τὰ
506 3261 559 3332 μὲν
578 3266 693 3316 πλεῖστα
709 3268 965 3336 συμπεφορημίνως
980 3267 1101 3334 γέγραφε
1116 3265 1217 3336 τὰμὲν
1232 3265 1300 3315 κατὰ
1317 3259 1433 3324 Ἀναξα-

306 3349 399 3420 γόραν,
426 3350 460 3401 τὰ
485 3349 516 3402 di
535 3351 605 3402 κατὰ
624 3353 791 3404 Λεύκιππον
809 3355 901 3420 λέγων.
931 3351 1054 3419 (Doxogr.
1074 3352 1146 3418 477.)
1183 3351 1294 3405 Aristot.
1314 3351 1345 3404 de
1365 3350 1431 3405 Gen.

306 3437 333 3488 et
351 3435 423 3490 Corr.
443 3435 456 3488 I
476 3437 492 3490 8
512 3436 565 3504 (BP
587 3437 637 3492 148
648 3437 691 3503 Α).
725 3444 787 3512 περὶ
806 3443 918 3492 ττιίντων
943 3441 983 3492 ἑνὶ
1008 3441 1080 3509 λόγῳ
1099 3441 1244 3514 scapnam
1264 3444 1433 3502 Λεύκιππος

305 3528 352 3576 καὶ
380 3527 557 3598 Δημόκριτος.
596 3525 652 3590 Quo
680 3527 735 3580 loco
765 3543 831 3596 quae
859 3529 1018 3595 sequuntur,
1046 3544 1076 3580 ex
1104 3528 1189 3596 ipsius
1212 3528 1338 3597 Leucippi
1367 3531 1433 3582 sunt

305 3611 387 3664 libro:
406 3624 457 3666 τοῦ
474 3617 552 3676 ὄντος
572 3617 656 3669 οὐθὲν
673 3618 713 3688 μὴ
732 3620 763 3668 ὄν
783 3633 868 3687 φησιν
882 3617 959 3670 εἶναι.

198 2534 251 2574 libri

176 3723 272 3797 russiana
379 3719 447 3773 Mira
464 3722 557 3773 narrat
576 3721 652 3789 Diog.
673 3721 697 3774 X
716 3723 758 3786 13,
778 3737 828 3790 quo
847 3723 903 3776 loco
922 3723 1065 3792 Epicurum
1089 3723 1156 3776 dixit
1181 3739 1291 3799 negasse
1311 3723 1431 3792 antiquis

158 3787 285 3839 L⁰¹¹⁰¹¹³⁹¹¹⁵
305 3805 468 3876 philosophis
487 3825 513 3862 se
532 3809 677 3878 quidquam
696 3809 801 3864 debere:
828 3809 882 3865 ἀλλ’
906 3813 971 3866 οὐδὲ
990 3815 1157 3866 Λεύκιππόν
1176 3834 1238 3866 τινα
1261 3818 1434 3882 γεγενῆσθαί

307 3914 376 3968 φησι
405 3899 562 3969 φιλόσοφον
581 3941 586 3950 .
607 3941 612 3951 .
633 3941 638 3951 .
659 3941 664 3951 .
686 3901 717 3952 ὃν
748 3901 818 3953 ἔνιοί
845 3919 916 3972 φασι
1051 3903 1224 3956 τίιιλιίσκοιλον
1252 3908 1431 3974 Δημοκρίτου

305 3994 479 4055 γεγενῆσθαι.
518 3986 625 4054 Epicuri
643 3988 784 4041 iactationi
804 3988 924 4042 Erasinus
943 3989 1032 4042 Rhode
1051 3992 1159 4043 tantum
1183 3991 1294 4057 tribuit,
1321 3993 1353 4044 ut
1372 4007 1432 4046 ora·

306 4074 377 4127 tione
402 4074 473 4143 apud
498 4073 644 4143 philologos
663 4075 777 4130 Treviris
798 4077 866 4132 1879
892 4077 986 4132 habita
1006 4077 1048 4140 lei.
1068 4079 1165 4133 Jahrb.
1185 4081 1206 4146 f.
1229 4080 1328 4133 Philol.
1351 4081 1430 4146 1882,

206 4176 249 4216 rut
307 4178 331 4230 p.
352 4162 414 4230 741)
433 4162 514 4216 fuisse
532 4163 692 4232 Leucippum
711 4165 766 4233 ipse
786 4181 886 4234 quoque
901 4167 1045 4235 negaverit.
1083 4167 1217 4221 Praetulit
1231 4167 1384 4228 Aristotelis
1403 4171 1431 4222 et

307 4248 480 4318 Theophrasti
500 4253 698 4317 auctoritatem,
726 4255 858 4308 revocavit
876 4256 1035 4324 Leucippum
1054 4256 1129 4324 eique
1151 4262 1253 4326 Μέγαν
1272 4239 1432 4330 diuiduos

306 4337 383 4391 illum
407 4339 521 4394 reddidit
546 4341 579 4394 H.
600 4341 680 4405 Diels,
707 4341 735 4394 in
754 4342 830 4395 Actis
849 4342 944 4398 Philol.
972 4343 1081 4397 Stetiin.
1107 4345 1176 4399 1881
1196 4343 1283 4406 editis,
1321 4339 1432 4402 'iissent

306 4425 374 4494 quod
392 4427 519 4496 Leucippi
538 4431 685 4484 sententiae
706 4446 758 4484 non
777 4447 865 4486 omnes
884 4448 943 4485 oum
957 4433 1130 4486 Democriteis
1144 4435 1300 4502 congruunt,
1321 4447 1348 4516 u
1357 4434 1433 4513 pren
