3130 4980
291 266 345 326 214
779 266 920 335 Cyrenaici.

291 427 407 512 μονίαν
441 428 524 506 ὅλως
558 426 715 492 άδίνατον
749 419 848 492 εἶναι·
886 428 924 492 τὸ
957 425 1017 510 μὲν
1052 427 1112 514 γάρ
1147 440 1243 509 σῶμα
1277 426 1414 491 πολλῶν

257 613 259 618 ¹
292 534 552 622 ἀναπεπλῆσθαι
586 532 814 621 παθημάτων,
849 535 906 621 τήν
940 532 976 598 δέ
1006 535 1111 621 ψυχήν
1139 537 1332 616 συμπαθεῖν
1365 531 1415 617 τῷ

292 644 421 727 σώματι
454 639 511 706 καί
542 640 784 728 ταράττεσθαι,
819 642 876 728 τήν
906 639 942 705 δέ
976 641 1071 728 τύχην
1100 639 1210 706 πολλοὶ
1239 653 1304 704 τῶν
1339 628 1411 704 κατ’

292 746 412 816 ἐλπίδα
436 748 577 828 κωλύειν,
602 750 685 813 ὥστε
708 747 764 813 διὰ
787 757 890 812 ταῦτα
906 746 1111 835 ἀνύπαρκτον
1134 749 1191 835 τήν
1205 744 1415 829 εὐδαιμονίαν

289 848 383 922 εἶναι.
414 856 471 943 τήν
494 878 529 920 τε
552 853 634 942 ζωήν
657 852 791 919 καὶτὸν
814 853 961 920 θάνατον
984 850 1120 941 αἱρετόν.
1150 854 1246 942 φάσει
1268 877 1304 919 τε
1320 852 1413 918 οὐδέν

290 964 350 1052 ἡδδ
364 963 385 1051 ἡ
400 960 497 1050 άηδές
512 960 752 1044 ὑπελάμβανον,
777 961 833 1026 διὰ
857 958 894 1026 δέ
916 960 1037 1026 σπάνιν
1060 961 1080 1048 ἢ
1102 960 1250 1044 ξενισμὸν
1273 962 1293 1049 ἡ
1317 961 1414 1043 κόρον

290 1072 365 1148 τοὺς
385 1067 445 1152 μέν
467 1069 608 1156 ήδεσθαι
637 1069 712 1144 τοὺς
734 1058 766 1132 δ’
793 1066 900 1156 ἀηδῶς
923 1063 1012 1148 ἔχειν.
1050 1064 1166 1133 πενίαν
1190 1067 1247 1132 καὶ
1271 1069 1413 1133 πλοῦτον

289 1179 375 1264 πρὸς
397 1177 512 1264 ἡδονῆς
535 1174 628 1259 λόγον
642 1165 725 1239 εἶναι
741 1171 846 1239 οὐδέν·
884 1177 929 1262 μή
953 1176 1014 1261 γάρ
1030 1174 1248 1262 διαφερόντως
1270 1175 1412 1262 ήδεσθαι

290 1285 364 1360 τοῦς
388 1279 566 1359 πλουσίους
590 1282 609 1370 ἡ
640 1282 715 1358 τοὺς
744 1280 897 1369 πένητας.
930 1279 1077 1347 δουλείαν
1100 1279 1219 1370 ἐπίσης
1241 1278 1412 1369 ἐλευθερίᾳ

290 1388 471 1476 άδιάφορον
494 1390 579 1476 πρὸς
603 1388 716 1476 ήδονῆς
738 1386 872 1476 μέτρον,
903 1387 960 1454 καὶ
989 1387 1146 1474 εὐγένειαν
1170 1386 1331 1476 δυσγενείᾳ
1354 1387 1412 1452 καί

291 1495 389 1574 δόξαν
422 1492 547 1582 άδοξίηι.
596 1504 646 1562 95.
678 1492 736 1560 καὶ
770 1494 817 1580 τῷ
851 1494 910 1578 μέν
943 1495 1061 1583 άφρονι
1096 1497 1134 1560 τὸ
1164 1495 1220 1582 ζῆν
1249 1493 1412 1573 λυσιτελές

291 1594 382 1678 εἶναι,
418 1599 464 1686 τῷ
498 1600 535 1666 δὲ
569 1598 717 1689 φρονίμῳ
752 1601 960 1689 άδιάφορονῦ.
1001 1602 1057 1667 τόν
1090 1626 1126 1667 τε
1160 1602 1262 1690 σοφὸν
1296 1598 1412 1666 ἑαυτοῦ

291 1706 382 1773 ἕνεκα
418 1707 527 1771 πάντα
568 1707 722 1792 πράξειν·
769 1705 882 1774 οέδένα
918 1711 978 1795 γάρ
1012 1710 1166 1796 ἡγεῖσθαι
1204 1721 1269 1772 τῶν
1306 1707 1412 1772 ἄλλων

291 1811 409 1902 ἐπίσης
438 1813 529 1892 άξιον
559 1813 657 1900 αὐτῷ.
695 1815 755 1880 κᾶν
785 1817 846 1902 γάρ
876 1817 918 1880 τά
940 1813 1080 1899 μέγιστα
1103 1816 1183 1902 δοκῇ
1206 1803 1286 1901 παρ’
1311 1812 1410 1879 άλλοσ

291 1926 520 2008 καρποῦσθαι,
555 1922 599 2008 μή
633 1913 717 1986 εἶναι
747 1920 884 2000 άντάξια
917 1917 960 1986 ὧν
990 1921 1087 1999 αὐτὸς
1115 1921 1277 2008 παράσχῃ.
1302 1959 1344 1967 -
1368 1957 1408 1967 -

291 2023 398 2112 ἔλεγον
419 2028 461 2091 τά
484 2027 707 2114 ἁμαρτήματα
738 2029 924 2116 συγγνώμης
948 2028 1129 2113 τυγχάνειν·
1160 2027 1196 2093 οὐ
1219 2029 1279 2113 γὰρ
1296 2023 1409 2091 ἑκόντα

291 2133 500 2220 ἁμαρτάνειν,
539 2132 622 2197 άλλά
656 2158 720 2198 τινι
755 2133 863 2199 πάθει
897 2133 1200 2223 κατηναγκασμένον
1216 2137 1236 2198 ¹.
1274 2131 1332 2198 καὶ
1365 2133 1409 2220 μὴ

184 2268 186 2274 ’
290 2241 454 2328 μισήσειν,
488 2239 613 2322 μᾶλλον
643 2238 679 2304 δέ
708 2240 946 2322 μεταδιδάξειν.
982 2242 1095 2307 τόντε
1125 2243 1228 2329 σοφὸν
1251 2239 1306 2321 οέχ
1329 2241 1410 2304 οὕτω

292 2345 483 2412 πλεονάσειν
506 2344 540 2410 ἐν
562 2346 604 2434 τῇ
627 2359 692 2411 τῶν
714 2345 851 2430 άγαθῦν
873 2343 1003 2434 αἱρέσει,
1028 2347 1073 2424 ὡς
1096 2345 1129 2412 ἐν
1151 2346 1193 2435 τῇ
1216 2360 1281 2412 των
1303 2357 1411 2411 κακῶν

293 2570 342 2626 96.
374 2555 446 2646 ὃδὴ
463 2556 713 2646 περιγίγνεσθαι
737 2563 807 2636 τοῖς
828 2558 1072 2648 ἀδιαφορήσασι
1088 2559 1166 2646 περὶ
1188 2561 1230 2624 τά
1253 2560 1410 2647 ποιητικά

291 2679 348 2753 τῆς
370 2666 493 2754 ἡδονῆς.

362 2819 391 2865 a.
410 2808 449 2860 De
468 2807 536 2860 vitae
555 2810 689 2860 contemtu
708 2808 738 2860 cf.
757 2812 800 2859 BP
819 2807 872 2862 205
890 2825 911 2861 ε.

127 2999 266 3064 Αιυῑοοςῑᾱῑι
362 2985 460 3048 Clem.
485 2981 601 3049 δίκαια.
629 2985 664 3048 Π
686 2993 750 3050 498
774 2985 809 3048 P.
859 2980 898 3050 02
929 2983 965 3050 δέ
986 2973 1193 3072 Ἀννικέρειοι
1222 2984 1409 3068 καλούμενοι
1420 2999 1491 3040 21³1

145 3054 245 3095 dom
295 3089 332 3156 ἐκ
354 3102 411 3177 τῆς
435 3093 640 3178 Κυρηναϊκῆς
671 3091 823 3178 διαδοχῆς
850 3090 989 3174 τοῦμὲν
1012 3091 1087 3156 δ’λσο
1110 3089 1183 3174 βίου
1207 3090 1299 3170 τέλος
1322 3090 1410 3157 οὐδὲν
1489 3127 1496 3132 --

292 3193 467 3282 ὡρισμένον
514 3193 647 3275 ἔταξαν·
694 3194 832 3286 ἐκάστης
870 3196 907 3263 δέ
945 3196 1097 3284 πράξειος
1134 3193 1220 3262 ’ίδιον
1257 3197 1410 3283 ὑπάρχειν

291 3302 397 3382 τέλος,
427 3304 484 3390 τήν
508 3300 544 3367 ἐκ
567 3315 624 3390 τῆς
647 3301 798 3390 πράξεως
822 3301 1086 3391 περιγιγνομένην
1110 3304 1233 3391 ἡδονήν.
1268 3298 1356 3368 οὗτοι
1380 3298 1410 3368 σί

291 3407 492 3497 Κυρηναϊκοὶ
515 3409 571 3474 τδν
594 3408 668 3494 ὅρον
690 3422 747 3497 τῆς
776 3409 891 3498 ἡδονῆς
912 3398 1122 3497 Ἐπικούρου,
1152 3398 1237 3474 τοῦτ’
1263 3405 1333 3474 ἐστι
1356 3409 1411 3494 τήν

287 3527 349 3581 τοῦ
372 3515 544 3600 άλγοῦντος
561 3512 769 3600 ὑπεξαίρεσιν
785 3515 960 3581 ἀθετοῦσιν
975 3525 1086 3601 νεκροῦ
1101 3515 1303 3581 κατάστασιν
1325 3515 1411 3580 άπα-

292 3621 477 3697 καλοῦντες·
499 3617 622 3707 χαίρειν
644 3622 705 3708 γάρ
722 3623 808 3709 ἡμᾶς
830 3623 875 3710 μή
890 3622 987 3704 μόνον
1009 3620 1068 3687 ἐπὶ
1092 3621 1232 3709 ἡδοναῖς,
1256 3621 1340 3687 άλλά
1356 3619 1412 3687 καὶ

293 3724 352 3792 ἐπὶ
375 3723 522 3809 ὁμιλίαις
545 3724 602 3792 καί
625 3725 684 3792 ἐπὶ
708 3725 924 3816 φιλοτιμίαις.

1549 2183 1551 2294 ί

291 2451 392 2540 φυγῇ,
424 2450 516 2529 τέλος
538 2450 709 2536 τιθέμενον
738 2454 777 2518 τὸ
799 2455 844 2541 μή
868 2451 1037 2532 ἐπιπόνως
1060 2453 1115 2542 ζῆν
1137 2451 1220 2539 μηδὲ
1242 2453 1409 2540 λυπηρῶς·

1548 2947 1550 3012 ί

1547 3273 1549 3348 ί

1547 3433 1549 3484 !

169 3955 268 3996 micina
361 3922 569 4004 Diog.1196.
610 3909 795 3987 Ἀπέλιπον
810 3921 846 3988 δέ
869 3919 913 4007 (οἱ
924 3913 1141 4010 Ἀννικέρειοι)
1164 3921 1222 3989 καὶ
1243 3921 1358 4011 φιλίαν
1381 3922 1492 4003 3va

290 4026 353 4115 βίη)
375 4027 432 4094 καί
450 4027 544 4114 χάριν
568 4025 625 4091 καὶ
648 4027 733 4115 πρὸς
757 4027 868 4112 γονέας
890 4030 986 4117 τιμήν
1009 4028 1066 4094 καὶ
1088 4028 1171 4118 ὑπὲρ
1195 4027 1357 4117 πατρίδος
1380 4055 1413 4095 τι

292 4134 443 4222 πράξειν·
479 4134 557 4199 ὅθεν
578 4133 634 4198 διὰ
655 4144 770 4216 ταῦτα,
796 4135 856 4200 κάν
882 4133 1026 4224 ὀχλήσεις
1046 4134 1241 4225 ἀναδέξηται
1263 4137 1280 4202 δ
1301 4137 1411 4226 σοφάς,

364 4383 391 4446 1)
409 4380 465 4433 Alii
484 4381 556 4435 codd.
577 4386 746 4457 πιεζόμενον.
