3148 4984
663 339 792 394 Plotinue.
1233 337 1288 401 535

167 498 259 558 παύὲς
286 499 323 564 ύὴ
349 508 408 552 πᾶν
435 509 517 552 τοῦτο
544 498 574 552 ἓν
599 503 647 552 καὶ
674 502 710 560 ὡς
738 503 806 569 ζῷον
832 499 875 566 έν,
902 505 949 554 καὶ
973 503 1005 554 τὸ
1030 503 1123 575 πόρρω
1141 502 1177 568 όὴ
1195 505 1285 572 ἐγγύς.

166 585 205 639 Ib.
223 587 260 640 36
279 589 480 640 ποικιλώτατον
503 589 558 658 γάρ
580 589 612 641 τὸ
631 597 689 641 πᾶν
712 592 759 642 καὶ
777 591 856 658 λόγοι
875 593 978 650 πάντες
996 591 1025 644 ἰν
1044 593 1117 660 αὐτῷ
1135 595 1182 644 καλ
1200 591 1286 646 όυνά-

166 693 229 746 μεις
256 679 367 748 άπειροι
385 680 432 730 καὶ
459 679 589 730 ποικίλαι.
626 675 665 730 Ib.
684 675 719 730 45
744 680 780 738 ὡς
804 677 920 732 ἕκαστον
945 689 999 732 νῦν
1023 681 1052 733 ἔν
1070 683 1108 748 τῷ
1127 684 1213 734 παντὶ
1231 682 1287 752 ἔχει

168 766 277 834 φύσεως
300 768 347 818 καὶ
371 764 535 829 διαθέσεως,
562 767 633 818 οὕτω
659 786 702 820 τοι
722 769 846 821 συντελεῖ
869 771 908 828 εἰς
926 770 958 820 τὸ
977 778 1035 822 πᾶν
1053 773 1100 822 καὶ
1118 773 1222 840 πάσχει
1239 773 1287 823 καὶ

167 859 249 906 ποιεῖ.
285 851 328 906 Ad
345 853 416 907 hune
434 853 525 908 mundi
543 854 660 924 partium
673 871 828 910 eonsensum
846 859 925 926 atque
944 856 1106 910 eeneordiem
1124 858 1288 912 referendum

167 942 223 1006 eet,
257 941 327 1010 quod
354 943 460 995 tantum
487 943 670 1012 patrocinatur
697 943 781 997 cultui
808 947 960 998 statuarum
985 947 1013 998 et
1040 945 1143 999 artibus
1169 947 1286 1015 magieis,

166 1046 190 1082 v.
209 1028 275 1082 Eun.
294 1029 332 1082 IV
350 1031 375 1097 3,
395 1031 444 1097 113
462 1030 488 1106 4,
507 1031 591 1100 26εη.

117 1208 173 1274 ιαΙ
234 1189 315 1254 Eun.
338 1189 387 1254 IV
412 1199 441 1268 3,
467 1198 518 1257 15.
556 1179 644 1256 ''Iaou
667 1189 703 1258 δὲ
727 1190 857 1278 (ψυχαὶ)
881 1191 1070 1279 έκκύεμασαι
1092 1203 1150 1260 τοῦ
1171 1203 1287 1282 νοητοῦ
1312 1192 1435 1288 3220*ssss

167 1289 214 1371 εἰς
243 1292 377 1382 ούρανὸν
405 1294 465 1378 μέν
496 1309 645 1384 πρῶτον,
675 1295 732 1362 καὶ
756 1310 852 1382 σῶμα
875 1297 942 1364 ἐκεῖ
964 1299 1213 1386 προσλαβοῦσαι
1236 1289 1284 1367 δι’

99 1391 102 1396 ’
168 1398 267 1467 αὐτοῦ
288 1399 348 1490 ’ἤδη
369 1413 510 1489 χωροῦσι
532 1401 591 1468 καὶ
613 1402 673 1470 ἐπὶ
695 1405 738 1468 τὰ
760 1402 956 1492 γεωδέστερα
980 1406 1127 1488 σώματα,
1151 1403 1198 1486 εἰς
1212 1409 1287 1481 ὅσον

167 1507 205 1572 av
227 1503 274 1585 εἰς
295 1520 399 1596 μῆκος
422 1507 599 1590 ε’κταθῶσι,
623 1509 681 1575 καὶ
705 1507 741 1576 αἱ
762 1508 822 1593 μὲν
842 1499 909 1575 άπ>
927 1509 1063 1599 ούρανοῦ
1084 1508 1132 1590 εἰς
1147 1513 1287 1596 σώματα

167 1613 211 1678 ’τά
231 1612 422 1701 κατωτέρω,
447 1610 483 1679 αλ
507 1613 543 1680 δὲ
566 1603 632 1680 ἀπ’
650 1614 757 1680 ἄλλων
779 1611 826 1694 εἷς
849 1615 935 1681 άλλα
958 1612 1209 1704 εἰσκρινόμεναι,
1233 1610 1288 1698 αἷς

48 1775 52 1786 .
167 1719 187 1805 ἡ
210 1719 344 1804 δύναμις
366 1719 424 1786 οὐκ
447 1719 577 1810 ἤρκεσεν
593 1718 671 1810 ἆραι
693 1721 841 1788 ἐντεῦθεν
864 1723 920 1788 tut
941 1722 1095 1812 βάρονσιν
1109 1725 1167 1791 καὶ
1182 1725 1288 1815 λήθην

167 1826 253 1891 πολὺ
276 1824 508 1915 έφελκομέναις
529 1825 548 1894 ὃ
571 1827 688 1908 αὐταῖς
711 1825 903 1917 έβαρύνθηῦ.
949 1831 995 1894 Ib.
1022 1841 1079 1896 17.·
1092 1818 1169 1898 t'Oce
1192 1831 1229 1899 δέ
1250 1832 1288 1898 iu

123 1945 125 1955 ’
167 1941 225 1996 τοῦ
246 1943 362 2020 νοητοῦ
384 1931 431 2012 εἰς
453 1935 511 2022 τὴν
533 1933 670 2022 ούρανοῦ
691 1929 781 2000 ἴασιν
797 1931 834 2000 αἱ
849 1933 955 2021 ψυχαὶ
970 1937 1008 2001 τὸ
1024 1949 1156 2023 πρῶτον
1169 1939 1285 2026 χώραν,

168 2035 335 2122 λογίσαιτο
365 2037 404 2104 άν
434 2065 486 2119 τις
515 2039 552 2106 ἐκ
580 2053 646 2105 τῶν
675 2041 838 2108 τοιούτων.
879 2037 909 2106 εἰ
940 2043 1001 2128 γὰρ
1027 2031 1161 2130 οὐρανὸς
1183 2041 1217 2109 έν
1238 2051 1288 2130 τῷ

168 2141 322 2233 αἰσθητῷ
350 2145 446 2232 τόπῳ
476 2143 628 2230 ἀμείνων,
659 2143 710 2234 εἰἠ
741 2147 780 2212 ἂν
803 2149 963 2235 προσεχὴς
985 2160 1050 2212 τῶν
1072 2161 1195 2236 νοητῶν
1216 2137 1287 2228 τοῖς

168 2247 335 2332 ἐσχάτοις·
370 2251 498 2319 ἐκεῖθεν
520 2250 627 2320 τοίνυν
650 2263 813 2340 ψυχοῦται
836 2263 940 2318 ταῦτα
963 2266 1082 2342 πρῶτα
1105 2253 1163 2320 καὶ
1184 2280 1287 2339 μετα-

168 2357 326 2442 λαμβάνει
356 2359 400 2436 ὡς
434 2358 680 2448 ἐπιτηδειότερα
714 2359 990 2444 μεταλαμβάνειν·
1033 2361 1072 2426 τό
1106 2359 1143 2427 όέ
1176 2364 1288 2452 γεηρὸν

168 2464 305 2531 ύστατόν
326 2475 362 2531 ’τε
376 2463 435 2531 καὶ
458 2477 564 2554 ψυχῆς
586 2460 682 2554 ἧττον
705 2467 853 2553 πεφυκός
874 2467 1136 2551 μεταλαμβάνειν
1157 2467 1288 2558 καὶτῆς

169 2569 344 2654 ἀσωμάτου
369 2573 495 2660 φύσεως
518 2571 642 2660 πόρρω.
677 2582 786 2638 πᾶσαι
808 2570 867 2655 μέν
890 2573 929 2660 δὴ
951 2573 1210 2658 καταλάμπουσι
1232 2577 1288 2642 τὸν

170 2675 302 2764 οὐρανόν
331 2677 389 2744 καὶ
418 2677 566 2744 διδόασιν
595 2669 663 2744 οἷον
691 2679 730 2744 τὸ
758 2678 844 2744 πολὺ
874 2679 979 2744 αὑτῶν
1008 2679 1067 2746 καὶ
1095 2681 1289 2768 τὸπρῶτον

169 2781 308 2871 aaziae,
339 2787 383 2850 τὰ
411 2782 449 2850 όὲ
471 2784 556 2850 ἄλλα
578 2788 649 2863 τοῖς
672 2783 819 2871 ὑστέροις
841 2779 1080 2869 έναυγάζονται.
1116 2782 1153 2852 αλ
1176 2776 1210 2852 δ’
1229 2783 1289 2852 έπλ

168 2888 270 2957 πλέον
299 2901 472 2957 κατιοῦσαι
501 2890 711 2976 ἐναυγάζουσι
739 2891 864 2974 μᾶλλον
893 2891 1000 2972 κάτω,
1032 2890 1150 2970 αὐταῖς
1171 2890 1208 2958 de*
1231 2890 1289 2958 οὐκ

170 2993 299 3080 άμεινον
321 2994 368 3075 εἰς
391 2997 477 3063 πολὺ
500 2998 720 3084 πρσὶούσαιςθ.

240 3135 269 3176 α.
287 3121 379 3191 Ipsum
398 3121 551 3174 descensum
569 3121 716 3174 animarum
738 3121 814 3174 medo
831 3121 893 3174 inde
911 3121 1037 3192 explieat,
1063 3121 1133 3192 quod
1157 3124 1185 3176 et
1203 3122 1291 3176 anima

169 3210 287 3280 requirat
311 3210 449 3264 materiam
474 3212 502 3262 et
525 3209 638 3262 materia
659 3210 774 3264 animam
797 3208 1184 3278 (unn.18,14;1ve,r),
1213 3211 1288 3264 modu

169 3297 238 3365 inde,
262 3299 332 3368 quod
355 3299 410 3352 fate
434 3299 475 3352 ita
492 3298 682 3368 praestitutum
708 3298 758 3364 eit,
783 3301 816 3351 ut
834 3315 908 3352 suam
927 3315 1044 3368 quaeque
1062 3299 1149 3352 anima
1166 3301 1290 3354 naturam

171 3403 298 3457 auumque
317 3387 456 3442 arbitrium
475 3390 614 3457 sequatur:
632 3387 710 3454 ΝΒ,
725 3387 759 3441 13
779 3389 811 3440 τὸ
829 3389 883 3462 γὰρ
902 3387 1119 3461 ἀναπύόραστον
1136 3391 1183 3441 καὶ
1195 3389 1213 3454 ἡ
1227 3388 1290 3454 κλίνη

172 3477 256 3537 ούτως
280 3479 310 3530 ἐν
329 3478 412 3548 φύσει
430 3479 569 3550 κρατούσῃ
595 3479 666 3530 ἰέναι
685 3475 801 3530 ἕκαστον
819 3476 848 3530 ἔν
866 3479 941 3537 τάξει
960 3477 1029 3550 πρός
1047 3477 1063 3528 ὅ
1081 3476 1157 3529 ἐστιν
1175 3474 1291 3530 ἕκαστον

170 3567 321 3638 γενόμενον
335 3565 450 3619 εἴδωλον
464 3568 649 3638 προαιρέσεως
662 3568 708 3618 καὶ
723 3565 875 3624 διαθέσεως
889 3566 1054 3638 ἀρχετύπου,
1069 3562 1289 3634 ef.1112,12sq.;

169 3651 207 3705 Ν
225 3654 257 3720 4,
275 3653 319 3708 45.
357 3651 466 3707 Accedit
484 3653 579 3707 oblivio
597 3652 644 3706 illa
667 3653 745 3724 primi
763 3652 884 3724 principii
902 3655 931 3706 et
949 3652 1058 3705 audacia
1076 3654 1156 3722 atque
1173 3651 1289 3719 licentIa,

169 3747 213 3794 ΒΡ
231 3741 292 3796 509.

240 3829 271 3886 b.
292 3829 329 3886 Cf.
347 3829 415 3884 Eun.
433 3829 457 3882 V
476 3829 537 3897 1,2
565 3831 643 3900 ψυχὴ
669 3832 792 3885 ἐλθοῦσα
819 3834 857 3892 εἲς
876 3839 958 3902 σῶμα
986 3831 1104 3900 ούρανοῦ
1130 3829 1214 3884 ἔδωκε
1237 3831 1292 3902 μὲν

172 3922 250 3987 ζωήν,
279 3921 362 3974 ἔδωκε
388 3920 420 3973 δὲ
439 3921 615 3983 ἀθανασίαν,
638 3921 729 3991 ἤγειρε
747 3919 932 3991 ύὲ-κείμενον.
962 3918 1029 3972 ate
1042 3921 1166 3985 ’κινηθεὶς
1183 3922 1291 3985 κίνησιν

172 4008 266 4062 ἀίδιον
291 4011 347 4063 ὑπὸ
370 4016 462 4080 ψυχῆς
483 4009 629 4082 ἐμφρόνως
648 4009 770 4076 ἀγούσης
794 4009 862 4076 ζῷον
886 4007 1024 4080 εύόαιμον
1047 4006 1162 4076 ἐγένετο.
1194 4005 1291 4060 Totum

171 4097 271 4150 eaelum
288 4099 331 4150 est
349 4097 414 4150 <leue
431 4096 548 4166 itemque
566 4095 606 4148 eol
624 4098 652 4148 et
669 4094 763 4162 sidera,
781 4095 905 4164 quisunt
923 4094 950 4148 di
969 4093 1076 4148 seeundi
1090 4093 1202 4160 ordinie;
1229 4109 1290 4148 nam

172 4185 270 4239 statuit
293 4188 398 4254 praeter
424 4201 555 4238 summum
579 4183 657 4238 deum
679 4183 706 4237 lr.
725 4199 748 4237 e.
783 4182 872 4237 Unum
897 4185 952 4236 tres
977 4183 1084 4236 deorum
1102 4181 1211 4236 ordinae
1224 4199 1290 4249 esee,

171 4274 284 4343 primum
301 4273 454 4328 intellectus
473 4275 501 4327 et
518 4275 683 4343 potestatum
700 4271 921 4326 intellectualium
938 4269 1093 4338 ffl515b3
1111 4269 1249 4338 Enth,
1260 4273 1290 4338 9;

170 4361 194 4413 V
211 4361 238 4430 5,
256 4363 289 4429 33
306 4361 330 4414 V
348 4363 374 4429 8,
392 4362 483 4432 ὅσα),
512 4361 652 4414 seeundum
671 4376 808 4432 corporum
826 4359 994 4426 caelestium,
1011 4359 1118 4414 tertiam
1136 4359 1291 4416 daemonum

171 4451 217 4521 qui
234 4453 373 4518 vetantur,
401 4451 447 4520 qui
465 4452 530 4504 eunt
546 4449 626 4504 medii
643 4449 715 4504 inter
732 4452 831 4504 terram
853 4452 881 4502 et
899 4449 1003 4515 lunam,
1031 4449 1102 4502 inter
1120 4447 1182 4503 dees
1200 4452 1229 4504 et
1246 4449 1292 4504 hu·

1022 4536 1078 4592 35*
