3146 4982
610 349 685 402 Philo
702 349 822 405 Iudaeus.
998 362 999 366 ’
1223 349 1277 410 495

157 507 364 596 παθητικόν
403 507 460 574 καί
495 509 546 574 ότι
580 511 618 574 τὸ
652 509 711 592 μὲν
740 511 934 599 δραστήριον
965 511 1070 576 ὁτῶν
1100 511 1182 577 ὅλων
1204 521 1276 591 νοῦς

158 614 245 680 ἐστιν
280 611 551 701 είλικρινέστατος
592 615 650 681 καί
685 615 966 704 ἀκραιφνέστατος
1001 616 1154 705 κρείττων
1188 641 1223 683 τε
1257 619 1276 706 l}

158 721 254 809 ἀρετή
277 720 335 786 καί
358 719 513 808 κρείττων
536 723 555 811 ἢ
579 721 744 810 ἐπιστήμη
772 722 829 788 καί
852 721 1005 810 κρείττων
1028 725 1048 813 ἢ
1072 723 1150 789 αὐτὸ
1174 723 1275 810 τάγα-

158 829 222 893 θὸν
238 825 294 893 καί
311 827 390 893 αὐτὸ
406 830 443 893 τὸ
459 828 572 894 καλόν·
597 829 635 894 τὸ
651 829 688 896 δὲ
703 831 894 917 παθητικὸν
909 829 1035 918 ἀψυχον
1050 829 1107 896 καί
1124 827 1274 919 ἀκίνητον
1302 835 1325 875 θλ
1338 832 1425 884 petiens

86 1011 91 1019 Ι
158 933 193 1013 ἐξ
216 931 349 1015 ἑαυτοῦ,
384 933 518 1024 κινηθὲν
551 934 587 1002 dd
618 935 675 1000 καί
706 935 930 1024 σχηματισθὲν
952 937 1008 1002 καὶ
1033 935 1190 1022 ψυχωθὲν
1212 939 1278 1004 ὑπὸ

158 1051 217 1106 τοῦ
238 1053 293 1106 νοῦ
314 1040 488 1126 μετέβαλεν
517 1039 563 1120 είς
586 1044 623 1108 τὸ
646 1043 850 1108 τελειότατον
873 1039 980 1130 ἔργον,
1016 1044 1108 1110 τόνδε
1135 1045 1191 1109 τὸν
1220 1043 1277 1110 κό-

158 1159 266 1230 σμονλ.

229 1269 257 1308 a.
279 1253 412 1323 Quidquid
430 1254 550 1308 effectum
569 1257 612 1308 est
628 1255 761 1308 iudicatur
785 1259 814 1310 et
832 1273 910 1310 causa
929 1253 970 1311 δι’
989 1249 1021 1310 οὗ
1039 1259 1066 1310 et
1085 1273 1164 1310 causa
1181 1259 1210 1319 ἐξ
1229 1249 1262 1310 οὗ
1272 1277 1277 1309 ;

159 1341 222 1402 haee
240 1346 282 1396 est
300 1345 332 1397 τὸ
351 1346 507 1410 παθητικὸν
527 1349 624 1408 αἴτιον,
644 1345 754 1398 materia
774 1362 794 1398 s.
815 1347 941 1415 quattuor
960 1346 1100 1400 elementa:
1121 1347 1152 1400 de
1167 1345 1277 1422 Cherub.

159 1431 193 1486 35
212 1449 237 1502 p.
258 1433 309 1486 161
319 1431 364 1485 fin.
385 1435 454 1505 πρὸς
473 1435 527 1505 γὰρ
545 1435 594 1498 τήν
613 1453 686 1494 τινος
705 1437 814 1503 γένεσιν
832 1437 921 1488 πολλὰ
941 1435 987 1488 ἀεῖ
1004 1439 1154 1500 συνελθεῖν,
1174 1437 1205 1488 τὸ
1225 1429 1275 1506 ὑφ’

160 1514 199 1586 οὗ,
226 1524 258 1574 τὸ
282 1523 311 1584 ἐξ
335 1514 374 1586 οὗ,
401 1524 433 1574 τὸ
452 1518 493 1575 δι’
517 1514 556 1584 οὗ,
581 1523 613 1574 τὸ
631 1519 676 1575 δι’
693 1523 716 1575 ὅ.
744 1527 791 1576 καὶ
810 1524 869 1576 ἔστι
886 1525 940 1596 μὲν
958 1526 990 1577 τὸ
1009 1519 1060 1595 ὑφ’
1079 1517 1112 1578 οὗ
1130 1527 1161 1578 τὸ
1181 1529 1278 1587 αἴτιον,

160 1614 189 1675 ἐξ
208 1603 241 1664 οὗ
259 1611 290 1664 ἀὲ
309 1613 325 1677 ή
344 1613 405 1677 ὕλη,
435 1606 476 1663 δι’
496 1602 528 1664 οὗ
547 1611 578 1665 δὲ
598 1613 629 1664 τὸ
647 1613 801 1686 ἐργαλεῖον,
822 1609 864 1664 δι’
883 1613 898 1664 ὃ
917 1611 948 1666 de
967 1615 982 1679 ή
1002 1617 1086 1679 αἰτία,
1106 1613 1152 1666 ubi
1170 1615 1280 1682 apparet

161 1701 267 1752 subesse
286 1715 378 1752 causas
396 1697 595 1766 Aristotelicas,
620 1699 666 1752 sed
685 1700 850 1770 aliquantum
869 1701 1032 1754 immutatas.
1069 1699 1209 1754 Materiam
1227 1702 1280 1754 sta·

160 1789 214 1842 tuit
243 1788 340 1858 partim
366 1787 466 1841 Stoicos
490 1787 588 1857 partim
613 1788 749 1842 Platonem
775 1793 881 1842 secutus
911 1806 968 1843 esse
1000 1793 1099 1845 οὐσίαν
1122 1791 1281 1862 δυναμένην

160 1882 292 1946 γενέσθαι
320 1880 425 1940 πάντα,
455 1879 484 1938 ἐξ
508 1877 604 1945 ἑαυτῆς
633 1882 753 1932 ἄτακτον
780 1879 947 1948 appellatque
970 1879 1051 1932 etiam
1074 1881 1114 1951 μὴ
1132 1883 1177 1932 dr:
1206 1877 1280 1942 Quod

159 1965 231 2020 Deus
249 1966 390 2019 Immutab.
409 1965 445 2020 25
463 1983 488 2036 p.
508 1966 568 2020 290.
606 1965 695 2036 Atque
720 1983 761 2020 res
789 1969 891 2020 creatae
919 1969 1079 2037 quantopere
1107 1967 1162 2020 sint
1187 1969 1281 2036 imper-

160 2055 242 2108 fectae
261 2055 427 2108 considerans
445 2072 498 2107 non
516 2057 606 2124 potest
624 2073 676 2108 non
695 2055 833 2108 concedere
859 2056 900 2109 dei
919 2056 1056 2109 consilium
1079 2072 1109 2108 ac
1134 2055 1280 2125 potentiam

160 2161 212 2197 non
231 2144 350 2197 absolute
368 2143 450 2196 videri
476 2160 532 2196 sese
551 2143 693 2212 exprimere
711 2161 800 2214 posse:
828 2144 862 2196 ib.
884 2145 915 2198 17
935 2162 960 2214 p.
980 2144 1082 2212 284sq.
1111 2146 1199 2218 ὁγὰρ
1217 2145 1281 2206 θεὸς

136 2285 137 2288 ,
160 2239 220 2294 ταῖς
244 2233 381 2305 δυνάμεσι
407 2235 476 2304 πρὸς
498 2233 552 2306 μὲν
577 2233 675 2286 ἑαυτὸν
694 2235 823 2306 ἀκράτοις
837 2243 946 2305 χρῆται,
965 2238 1144 2306 κεκραμέναις
1163 2233 1194 2286 δὲ
1213 2235 1282 2306 πρὸς

160 2327 278 2390 γένεσιν·
309 2323 358 2382 τὰς
383 2323 436 2392 γὰρ
463 2323 572 2393 ἀμιγεῖς
590 2323 694 2388 θνητήν
713 2323 859 2393 ἀμήχανον
878 2325 964 2393 φύσιν
978 2331 1111 2394 χωρῆσαι.
1140 2351 1173 2360 -
1202 2320 1281 2382 εἰδὼς

161 2417 255 2465 τοίνυν
274 2414 289 2464 ὁ
308 2411 479 2483 δημιουργὸς
498 2411 546 2470 τὰς
565 2414 627 2484 περὶ
647 2413 731 2463 αὑτὸν
749 2413 778 2464 ἒν
795 2413 885 2464 ἅπασι
904 2417 962 2472 τοῖς
980 2413 1103 2483 ἀρίστοις
1122 2411 1280 2483 ὑπερβολάς,

160 2506 207 2554 καὶ
232 2501 281 2566 τὴν
305 2511 358 2552 τῶν
381 2500 549 2567 γεγονότων,
579 2504 603 2552 εἰ
626 2503 674 2552 καὶ
693 2500 806 2573 σφόδρα
824 2503 1037 2570 μεγαλαυχοῐεν,
1058 2500 1178 2570 φυσικήν
1196 2500 1280 2552 ἀσθέ-

161 2608 243 2653 νειαν,
275 2592 335 2641 οὔτε
364 2589 513 2660 εὐεργετεῖν
542 2591 603 2640 οὔτε
631 2590 753 2649 κολάζειν
781 2591 816 2648 ὡς
844 2589 963 2641 δύναται
990 2590 1130 2656 βούλεται,
1160 2581 1220 2641 ἀλλ’
1247 2589 1282 2646 ὡς

161 2679 275 2748 ἔχοντας
300 2680 350 2748 ὁρᾷ
376 2676 520 2748 δυνάμεως
545 2678 609 2736 τοὺς
633 2677 761 2748 ἑκατέρου
783 2681 959 2749 μεθέξοντας.
996 2675 1091 2745 ltaque
1116 2667 1229 2728 materia*
1250 2677 1282 2728 ut

161 2783 227 2836 quae
246 2766 282 2818 sit
300 2782 392 2831 causa,
416 2767 524 2834 propter
547 2781 625 2834 quam
649 2781 690 2818 res
709 2765 839 2818 exsistant
863 2781 956 2835 parum
975 2765 1007 2818 ad
1027 2764 1068 2817 dei
1087 2763 1223 2817 consilium
1242 2779 1282 2816 ao

161 2855 346 2919 commodatae,
367 2855 464 2907 dicitur
482 2854 564 2906 etiam
582 2857 597 2920 ἡ
612 2860 714 2929 χείρων
734 2857 828 2908 οὐσίαι
852 2853 884 2906 de
902 2853 1014 2908 Constit.
1034 2853 1155 2906 Prina'l
1175 2869 1200 2921 p.
1219 2851 1280 2906 367.

161 2945 233 2998 Deus
262 2944 343 2997 solius
371 2944 432 2997 boni
461 2960 540 2996 causa
564 2946 617 2996 est:
646 2943 677 2996 de
696 2943 785 3010 Agric.
804 2945 839 2998 29
863 2961 889 3013 p.
909 2945 975 3008 320;
1003 2943 1034 2996 de
1052 2941 1129 2995 Nom.
1148 2941 1283 2995 Musaue

163 3051 189 3103 p.
200 3033 260 3088 583.
285 3033 324 3087 At
336 3033 435 3086 malurn
454 3032 572 3102 procedit
590 3049 621 3084 ex
639 3033 757 3098 materia,
776 3033 850 3086 cuius
869 3049 900 3085 aa
918 3035 1015 3084 natura
1033 3035 1082 3098 est,
1101 3034 1133 3084 ut
1150 3029 1236 3100 possit
1253 3035 1281 3083 et

160 3123 256 3175 bonum
277 3125 304 3176 et
321 3122 419 3174 malum
437 3122 465 3174 in
484 3138 511 3174 se
530 3121 677 3187 admittere,
696 3121 713 3174 l.
733 3122 750 3174 l.

113 3296 150 3336 ⁴⁹1
229 3283 277 3346 De
310 3282 566 3347 Sacrificantibus
600 3289 639 3346 13
675 3300 705 3363 p.
731 3289 804 3345 261.
861 3268 915 3357 Ἐξ
949 3275 1071 3365 ἐκείνης
1111 3280 1171 3364 γὰρ
1211 3277 1282 3364 (τῆς

163 3385 288 3472 οὐσίας)
312 3377 413 3451 πάντ’
430 3383 591 3474 ἐγέννησεν
614 3385 632 3450 ό
655 3385 741 3464 θεός,
766 3384 823 3450 οὐκ
847 3383 1074 3472 ἐφαπτόμενος
1097 3382 1210 3460 αὐτός·
1246 3382 1282 3448 οὐ

163 3497 223 3581 γὰρ
247 3492 296 3582 Ιήν
330 3491 430 3576 θέμις
463 3489 599 3578 ἀπείρου
634 3489 692 3555 καί
727 3489 933 3577 πεφυρμένης
968 3490 1044 3576 ὕλης
1079 3490 1198 3576 ψαύειν
1218 3491 1282 3555 τὸν

162 3595 282 3682 ίόμονα
306 3597 363 3664 καί
386 3598 563 3682 μακάριον,
599 3596 682 3661 ἀλλὰ
713 3600 788 3674 ταῖς
810 3596 997 3678 ἀσιυμάτοίς
1020 3594 1206 3678 δυνάμεσιν,
1239 3591 1283 3660 ὧν

163 3703 280 3788 ἔτυμον
302 3701 404 3788 όνσμα
428 3701 463 3769 αῖ
488 3701 588 3783 ἰδέαι,
620 3704 838 3790 κατεχρήσατο
868 3703 952 3790 πρὸς
974 3703 1012 3767 τὸ
1036 3700 1124 3788 γένος
1146 3699 1283 3768 ἕκαστον

163 3813 221 3898 τήν
244 3811 468 3897 ἁρμόττουσαν
490 3811 603 3892 λαβεῖν
624 3810 783 3896 μσρφήνᾶ.

235 3949 264 3990 a.
283 3935 323 3988 De
342 3934 412 3990 θοαί.
433 3935 507 4002 Ling.
522 3935 557 3988 35
575 3952 600 4003 p.
615 3934 669 3988 432
687 3937 743 4002 θεῷ
763 3935 817 4006 γάρ
836 3937 873 4002 τῷ
892 3935 1065 4005 πανηγεμόνι
1083 3933 1221 4006 ίμπρεπὲς
1236 3935 1284 3986 οὐκ

165 4026 260 4086 ἔδοξεν
284 4015 354 4078 εἶναι
381 4026 431 4089 τὴν
448 4025 494 4078 ἐπὶ
513 4022 697 4076 κακίαν-ὁδὸν
715 4025 745 4076 ἐν
763 4027 840 4094 ψυχή
859 4025 954 4094 λογική
973 4019 1014 4075 δι’
1032 4023 1133 4075 ἑαυτοῦ
1151 4021 1284 4093 δημιουρ-

165 4122 263 4182 γῆσαι·
284 4105 317 4166 οὗ
332 4115 416 4184 χάριν
435 4119 492 4174 τοῖς
509 4108 573 4184 μετ’
593 4113 677 4165 αὐτὸν
695 4113 827 4180 ἐπέτρεψε
846 4113 895 4177 τὴν
909 4113 1009 4164 τούτου
1024 4119 1073 4164 τοι)
1086 4114 1187 4182 μέρους
1200 4129 1284 4162 κατα-

166 4204 270 4268 σκευήν.
299 4202 356 4255 ἔδει
374 4203 428 4272 γάρ
446 4205 493 4254 καὶ
511 4203 543 4254 τὸ
563 4202 717 4254 ἀντίπαλον
734 4204 772 4268 τῷ
791 4201 912 4268 ἀκουσίῳ
927 4201 958 4253 τὸ
972 4201 1098 4253 ἑκούσιον
1117 4203 1154 4259 είς
1173 4199 1222 4264 τὴν
1235 4209 1285 4252 τοι)

166 4293 271 4351 παντὸς
295 4291 495 4362 συμπλήρωσιν
517 4289 745 4343 κατασκευασθὲν
769 4288 978 4358 ἀναδειχθῆναι.
1020 4287 1151 4340 Videntur
1179 4285 1207 4340 hi
1234 4286 1285 4339 leci

165 4379 330 4449 aliquantum
348 4377 464 4442 differre3
484 4377 568 4430 altero
586 4377 655 4431 enim
674 4377 738 4430 dans
755 4379 860 4446 praeter
874 4376 972 4430 malurn
991 4376 1085 4442 omnia,
1104 4374 1195 4441 altero,
1216 4375 1285 4445 quod

167 4467 271 4535 quidem
288 4467 316 4519 in
334 4467 383 4520 hoc
401 4465 497 4518 mundo
517 4465 561 4532 sit,
581 4466 646 4518 nihil
664 4466 720 4535 ipse
734 4481 835 4518 creasse
849 4464 1010 4530 affirmatur;
1030 4467 1072 4517 est
1090 4467 1178 4517 autem
1195 4465 1223 4518 in
1237 4464 1286 4517 hoe
