3148 4984
320 343 375 434 52¹2
787 375 977 445 Neoplctonici.

322 534 400 600 δδέ
427 533 574 623 κινηθείς
605 532 728 622 κίνησιν
758 532 864 600 ἀίδιον
893 535 960 600 ὑπὸ
984 547 1089 622 ψυχῆς
1112 533 1280 621 ἐμφρόνως
1303 533 1442 624 ἀγούσης

321 641 404 729 ζῴον
426 639 578 725 ἀίδαιμον
601 639 739 726 ἐγένετο,
771 637 842 723 ἔσχε
871 665 906 707 τε
935 638 1030 720 ἀξίαν
1054 640 1187 728 ούρανδς
1211 653 1317 729 ψυχῆς
1340 637 1441 708 εἰσοι-

321 745 505 836 κισθείσης,
537 748 581 812 ὢν
614 749 680 834 πρὸ
705 759 809 836 ψυχῆς
832 761 927 831 σῶμα
951 747 1068 836 νεκρόν,
1093 760 1132 836 γη
1155 746 1213 813 καὶ
1236 747 1332 835 ὕδωρ,
1355 749 1441 831 μᾶλ-

320 855 376 920 λον
404 853 441 920 δὲ
471 855 587 932 σκότος
616 855 693 942 δλης
722 854 779 920 καὶ
802 857 847 943 μὴ
870 855 905 921 ’δν
929 854 985 920 καί
1008 851 1053 936 ,ὃ
1075 853 1261 940 στυγέουσιν
1284 852 1317 921 oi
1339 853 1441 921 &roffi

320 958 403 1050 φησί
431 986 490 1038 τις.
527 960 649 1047 γένοιτο
672 963 692 1026 δ
698 950 707 977 ’
726 963 765 1026 δν
788 959 996 1050 φανερωτέρα
1027 961 1125 1050 αὐτῆς
1148 960 1206 1027 καὶ
1230 961 1440 1049 ἐναργεστέρα

319 1069 339 1154 ἡ
367 1069 501 1151 δύναμις
530 1066 588 1134 καὶ
616 1069 635 1154 ἡ
668 1069 779 1157 φύσις,
814 1065 846 1134 εἴ
872 1091 923 1146 τις
954 1067 1098 1134 ἐνταῦθα
1127 1066 1319 1158 διανοηθείη
1350 1069 1441 1146 ὅπως

319 1173 461 1261 περιέχει
484 1173 542 1240 καὶ
566 1174 636 1260 ι’ίγει
659 1179 733 1254 ταῖς
756 1176 855 1264 αύτης
876 1176 1049 1264 βουλησεσι
1076 1176 1132 1240 τὸν
1155 1174 1297 1262 ούρανύν.
1337 1174 1440 1240 παντὶ

318 1279 378 1364 μὲν
407 1283 468 1368 γὰρ
498 1282 546 1368 τῷ
573 1279 708 1366 μεγέθει
736 1281 839 1368 τούτῳ
872 1281 946 1359 δσος
970 1280 1057 1348 ἐστὶν
1079 1277 1197 1348 ἔδωκεν
1220 1277 1353 1370 ἑαυτήν,
1383 1281 1440 1348 καὶ

318 1397 388 1451 πᾶν
418 1386 581 1476 διάστημα
611 1387 669 1453 καὶ
695 1386 779 1473 μέγα
811 1387 868 1453 καὶ
896 1391 1013 1476 μικρὸν
1043 1387 1241 1474 εἰμύχωται,
1259 1388 1359 1454 ἀλλου
1381 1389 1440 1472 μέν

319 1491 400 1581 ἀέλλη
430 1492 577 1577 κειμένου
606 1505 664 1560 τοῦ
692 1495 861 1578 σώματος,
896 1493 954 1560 καὶ
983 1505 1043 1560 τοῦ
1068 1494 1128 1578 μὲν
1156 1493 1217 1560 ὡδὶ
1239 1507 1297 1560 τοῦ
1320 1494 1357 1560 δὲ
1380 1495 1440 1560 ὡδὶ

318 1596 424 1681 ὄντος,
454 1599 511 1666 καὶ
540 1613 605 1665 τῶν
632 1600 693 1685 μέν
723 1600 759 1680 ἐξ
787 1598 936 1680 ἐναντίοις
965 1614 1029 1666 τῶν
1059 1601 1095 1668 δὲ
1124 1601 1230 1666 ἀλλων
1253 1601 1440 1690 ἀπάρτησιν

319 1697 384 1771 ἀπ’
410 1706 556 1795 ἀλλήλων
586 1705 728 1789 ἐχόντων.
768 1697 844 1773 ἀλλ’
862 1706 918 1790 ούχ
947 1709 966 1796 ἡ
998 1710 1084 1796 ψυχὴ
1114 1709 1216 1785 οὕτως
1245 1707 1320 1774 ούδέ
1349 1706 1440 1795 μέρει

319 1814 417 1901 αὑτῆς
447 1810 573 1900 ἑκάστῳ
603 1818 949 1902 κατακερματισθεῖσα
978 1813 1083 1902 μορίῳ
1119 1827 1224 1902 ψυχῆς
1253 1814 1308 1902 ζῆν
1337 1817 1439 1895 ποιεῖ,

318 1919 401 1986 ἀλλὰ
423 1922 465 1985 τά
488 1920 599 1986 πάντα
622 1921 664 2010 ζῇ
686 1920 729 2009 τῇ
751 1921 818 2010 cip,
842 1920 900 1986 καὶ
923 1920 1064 2008 πάρεστι
1088 1931 1183 1986 πᾶσα
1206 1932 1377 2002 πανταχοῦ
1392 1920 1439 2007 τῷ

317 2027 500 2114 γεννήσαντι
531 2026 636 2114 πατρί
666 2027 856 2116 ὁμοιουμένη
887 2026 944 2093 καί
978 2029 1064 2093 κατὰ
1092 2029 1131 2093 τὸ
1153 2023 1188 2092 έν
1210 2026 1268 2092 καὶ
1291 2030 1379 2092 κατὰ
1402 2031 1439 2094 τδ

318 2132 434 2221 πάντη.
470 2131 527 2198 καί
551 2134 653 2211 πολὺς
676 2133 720 2197 ὢν
743 2134 761 2198 ὁ
784 2133 918 2222 ούρανδς
941 2133 998 2199 καὶ
1021 2133 1119 2212 ἀλλος
1142 2133 1222 2222 ἀλλη
1246 2132 1279 2198 έν
1303 2133 1374 2200 ἐστι
1397 2133 1439 2223 τῇ

317 2240 436 2326 ταύτης
465 2237 615 2323 δυνάμει·
654 2239 711 2305 καί
742 2241 820 2318 θεός
850 2239 920 2306 ἐστι
951 2241 1006 2306 διὰ
1035 2241 1153 2330 ταύτην
1184 2241 1201 2305 ὁ
1225 2239 1347 2323 κόσμος
1376 2241 1438 2306 ὅδε.

318 2341 388 2411 έστι
419 2343 535 2412 δὲκαὶ
558 2346 648 2432 ἥλιος
673 2346 767 2426 θεός,
800 2347 851 2412 ὅτι
875 2341 1035 2434 ἔμψυχος,
1071 2345 1128 2412 καὶ
1150 2349 1192 2411 τά
1215 2346 1300 2411 ἀλλα
1324 2347 1438 2435 ἀστρα,

317 2450 374 2517 καὶ
390 2454 491 2539 ἡμεῖς,
514 2449 607 2538 εἴπερ
630 2476 672 2532 τι,
696 2453 752 2517 διδ
774 2463 887 2518 τοῦτο·
910 2451 1043 2532 ,νέκυες
1067 2455 1126 2540 γὰρ
1151 2450 1297 2540 κοπρίων
1320 2452 1438 2542 ἐκβλη-

317 2557 494 2644 τότεροιω.
526 2595 567 2605 -
598 2555 626 2624 εὶ
650 2547 683 2623 δ’
702 2559 721 2623 δ’
742 2583 775 2623 τι
799 2555 945 2643 ἔμψυχον
968 2560 1105 2625 διωκτδν
1129 2556 1236 2638 ἔσται,
1261 2556 1296 2623 τί
1319 2557 1438 2646 παρείς

316 2690 367 2743 τις
397 2661 511 2731 ἑαυτὸν
541 2663 638 2730 ἀλλον
667 2665 797 2746 διώκει,
831 2668 888 2754 τὴν
917 2664 954 2730 δέ
977 2663 1010 2730 έν
1039 2665 1127 2752 ἀλλην
1152 2667 1257 2754 ψυχὴν
1279 2665 1438 2750 ἀγάμενος

317 2773 451 2838 σεαυτὸν
474 2771 624 2856 ύίγασαιλ.

387 2892 415 2932 n.
435 2879 564 2932 Heracliti
589 2879 692 2947 Fragm.
712 2879 747 2933 85
772 2879 844 2947 Byrr.
873 2896 913 2950 ap.
933 2880 1005 2933 Plut.
1026 2877 1133 2944 Quaest.
1160 2896 1232 2932 conv,
1252 2879 1289 2931 lv
1315 2882 1340 2948 4,
1360 2882 1386 2946 3,
1407 2882 1436 2946 6;

316 2965 466 3036 Empedocli
484 2967 643 3021 adscribitur
661 2968 692 3020 ab
711 2967 853 3022 Eustatlrio
872 2971 900 3020 et
919 2967 1024 3022 scholiis
1042 2968 1070 3021 in
1088 2967 1165 3021 Hom.
1186 2972 1213 3021 Ω
1231 2969 1274 3021 54.

189 3081 276 3146 animno
387 3073 418 3128 b.
437 3074 489 3126 Per
508 3077 596 3128 totum
620 3075 718 3128 librum
735 3075 851 3128 Ennead.
869 3075 907 3127 IV
926 3077 942 3129 9
961 3075 1010 3128 hoc
1028 3075 1208 3145 persequitur,
1234 3076 1277 3128 ὅτι
1296 3087 1388 3130 πᾶσαι
1408 3081 1437 3130 αἱ

175 3136 294 3236 ffissugss
319 3167 409 3234 ψυχαὶ
427 3168 488 3235 μία.
525 3163 697 3232 Praecipuum
721 3166 907 3231 argumentum
925 3167 968 3216 est
986 3164 1056 3233 quod
1075 3164 1131 3216 sola
1148 3181 1256 3233 corpora
1279 3168 1436 3234 separantur

316 3251 382 3305 molc
401 3252 503 3322 (ὄγκος)
517 3255 545 3305 ct
563 3252 618 3305 loco
637 3256 665 3305 et
683 3253 811 3305 terminis.
849 3252 915 3307 Enn.
935 3251 972 3304 IV
990 3254 1049 3318 9,1
1076 3253 1124 3305 διὰ
1149 3259 1177 3305 τί
1198 3255 1253 3322 γὰρ
1277 3255 1293 3318 ἡ
1319 3256 1349 3306 ἒν
1374 3257 1449 3329 ἐμοὶ,

273 3352 276 3358 “
314 3347 380 3414 μία,
409 3338 475 3408 ἡδ’
493 3343 523 3395 ἐν
541 3345 579 3410 τῷ
598 3345 683 3394 παντὶ
709 3345 741 3394 ού
764 3347 834 3414 μίας
863 3344 895 3394 οὐ
919 3343 973 3415 γὰρ
997 3345 1078 3411 ὄγκος
1103 3342 1168 3395 οὐδὲ
1187 3344 1243 3395 guli
1261 3343 1326 3395 οὐδὲ
1347 3355 1434 3414 σῶμα.

315 3429 446 3497 Ib.V14‚
465 3431 483 3484 4
501 3431 651 3498 διέστησαν
669 3433 723 3504 γὰρ
741 3433 783 3496 (αἱ
802 3431 903 3500 ψυχαὶ)
923 3433 955 3484 οὐ
973 3431 1124 3484 διεστῶσαι
1142 3435 1188 3484 καὶ
1207 3433 1337 3502 πάρεισιν
1357 3433 1435 3496 cilici

316 3523 376 3579 λαις
395 3521 443 3573 οὐκ
462 3521 703 3591 ἀλλοτριωθεῖσαι·
724 3522 829 3592 οὐγὰρ
848 3523 966 3592 πέρασίν
980 3525 1034 3573 εἰσι
1053 3520 1241 3592 διωρισμέναι,
1262 3518 1357 3593 ὣσπερ
1372 3520 1435 3573 οὐδὲ

315 3611 468 3680 ἐπιστῆμαι
487 3612 518 3662 αἱ
536 3611 637 3664 πολλαὶ
655 3612 685 3662 ἐν
704 3613 781 3681 ψυχῇ
798 3613 861 3682 μιᾷ,
875 3613 923 3662 καλ
942 3610 1017 3662 ἔστιν
1036 3611 1051 3674 ἡ
1068 3613 1122 3680 μία
1142 3611 1254 3674 τοιαύτη
1273 3607 1344 3662 ὥστε
1364 3610 1435 3680 ἔχειν

316 3698 345 3750 ἐν
369 3697 451 3770 ἑαυτῇ
474 3699 575 3758 παίσας.
613 3699 698 3758 οὕτως
721 3699 797 3751 ἐστὶν
823 3701 934 3770 ἄπειρος
958 3699 1105 3762 ἡτοιαύτη
1130 3699 1221 3768 φύσις.
1257 3697 1339 3748 Patet
1357 3697 1435 3749 etiam

316 3785 353 3838 sic
370 3785 568 3839 multitudinem
587 3786 733 3838 animarum
751 3803 802 3838 non
822 3786 925 3838 omnino
945 3785 1011 3851 tolli,
1031 3785 1062 3838 cf.
1082 3783 1148 3838 Eun.
1167 3783 1205 3837 IV
1220 3785 1245 3850 9,
1264 3785 1281 3838 2
1301 3785 1435 3857 οὐδὲγὰρ

316 3875 387 3928 οὕτω
404 3879 475 3947 μίαν
493 3879 610 3948 λέγομεν
627 3877 687 3941 (τὴν
706 3876 809 3946 ψυχὴν)
827 3877 862 3936 ὡς
881 3877 970 3946 πάυτη
990 3877 1113 3941 πλῆθους
1133 3878 1264 3948 δίμοιρον·
1284 3885 1368 3927 τοῦτο
1383 3876 1455 3944 γὰρ,

315 3967 348 4037 τῇ
366 3969 499 4036 κρείττονι
519 3967 603 4034 φύσει
622 3965 732 4018 δοτέον·
753 3965 822 4016 ἀλλὰ
840 3969 911 4035 μίαν
929 3968 976 4016 καὶ
990 3966 1096 4030 πλῆθος
1110 3967 1227 4035 λέγομεν
1244 3967 1292 4014 καὶ
1310 3968 1434 4035 μετέχειν

315 4037 361 4120 τῆς
380 4055 488 4124 φύσεως
506 4063 552 4120 τῆς
570 4056 633 4124 περὶ
652 4054 686 4105 τὰ
706 4054 822 4124 σώματα
840 4061 970 4124 μεριστῆς
987 4056 1135 4124 γενομένης
1152 4055 1199 4104 καὶ
1218 4059 1264 4118 τῆς
1282 4053 1434 4124 ἀμερίστου

316 4139 362 4194 αὖ·
382 4141 450 4196 ὥστε
475 4145 561 4196 πάλιν
586 4141 656 4194 εἶναι
679 4146 757 4212 μίαν.
793 4139 913 4194 Unitatis
932 4141 1088 4204 argumente
1113 4141 1176 4192 sunt
1194 4137 1274 4192 ctiam
1293 4154 1433 4193 consensus

315 4231 344 4282 et
361 4231 447 4298 magia
465 4233 493 4284 et
510 4229 716 4284 incantationes:
735 4229 802 4282 Eun.
821 4229 858 4282 IV
873 4231 898 4294 9,
917 4229 934 4282 3
953 4233 999 4282 καὶ
1016 4230 1074 4300 μὴν
1092 4231 1120 4282 ἐκ
1139 4238 1189 4282 τοῦ
1206 4230 1335 4282 ἐναντίου
1351 4231 1433 4298 φησὶν
1515 4282 1521 4293 ‚

317 4321 332 4370 ὁ
354 4321 436 4388 λόγος
461 4327 625 4394 συμπαθεῖν
648 4321 771 4386 ἀλλήλοις
795 4321 867 4392 ἡμᾶς
889 4323 936 4372 καὶ
962 4319 1166 4386 συναλγοῦντας
1186 4319 1214 4370 ἐκ
1233 4303 1284 4368 τοῦ
1303 4319 1371 4390 ὁρᾶν
1388 4319 1432 4368 καὶ

317 4405 514 4479 διαχεομένους
537 4413 584 4462 καὶ
609 4414 647 4470 είς
673 4411 704 4461 τὸ
729 4411 821 4478 φιλεῖν
845 4407 1008 4480 ἑλκομένους
1030 4408 1101 4460 κατὰ
1120 4408 1213 4476 φύσιν.
1234 4435 1268 4442 -
1294 4409 1319 4458 εἰ
1338 4405 1432 4458 δὲκαὶ

315 4495 424 4563 ἐπῳδαὶ
441 4501 488 4549 καὶ
507 4497 574 4558 ὅλως
591 4503 708 4568 μαγεῖαι
727 4499 882 4566 συνάγουσι
900 4501 947 4549 καὶ
966 4500 1127 4568 συμπαθεῖς
1146 4496 1292 4564 πόρρωθεν
1311 4503 1431 4555 ποιοῦσι,
