3146 4982
640 350 793 410 Carneades.
827 393 829 398 -
1223 355 1279 416 447

158 511 218 578 καί
247 526 313 578 τῶν
343 512 435 592 ἐκτὸς
465 513 699 604 άντιληπτικόν
731 516 904 604 γενήσεται.
940 518 959 604 ή
990 515 1027 582 δέ
1055 513 1091 602 γε
1121 514 1280 607 αἴσθησις

155 617 311 707 ἀκίνητος
332 619 391 704 μὲν
414 617 494 686 οδσα
518 619 575 686 καί
599 621 737 710 άπαθής
761 621 818 688 καί
841 622 1004 710 ἄτρεπτος
1027 622 1098 690 οἵτε
1122 621 1279 715 α’ίσθησίς

160 725 248 791 ἐστιν
275 724 348 792 οίίτε
380 726 596 816 άντιληπτική
619 753 714 809 τινος,
753 739 825 796 161.
855 733 1022 816 τραπεῖοα
1054 729 1091 796 δὲ
1118 729 1176 798 καί
1205 757 1279 810 πιυς

159 837 320 898 παθοῦσα
344 835 428 898 κατὰ
451 837 508 923 τήν
525 847 589 900 τῶν
604 831 745 924 ἐναργῶν
767 836 970 917 δπόπτιυσιν,
993 835 1066 902 τότε
1082 835 1278 904 ἐνδείκνυται

159 941 201 1004 τά
231 939 421 1026 πράγματα.
458 939 493 1006 ἑν
522 941 586 1028 άρα
614 941 662 1030 τῷ
693 943 762 1008 άπὸ
792 955 849 1032 τής
880 939 1046 1029 ἐναργείας
1080 944 1188 1011 πάθει
1222 958 1279 1034 της

160 1058 265 1134 ψυχης
288 1045 440 1136 ζητητέον
462 1043 534 1113 ἐστὶ
557 1051 595 1116 τὸ
618 1050 790 1138 κριτήριον.
826 1060 922 1116 τοῦτο
938 1048 974 1115 δὲ
989 1051 1027 1116 τό
1043 1051 1159 1129 πάθος
1181 1053 1279 1118 αὑτοῦ

153 1149 356 1220 ,ἐνδεικτικὸν
394 1151 518 1242 ὀφείλει
554 1156 717 1240 τυγχάνειν
745 1155 802 1224 καί
817 1188 819 1192 ·
836 1167 895 1222 τοῦ
923 1155 1165 1245 ἐμποιήσαντος
1198 1156 1278 1223 αὐτὸ
1316 1243 1318 1246 v

154 1257 371 1347 φαινομένου,
407 1261 489 1347 ὅπερ
519 1262 635 1339 πάθος
665 1260 752 1327 ἐστίν
782 1261 837 1344 οὐχ
865 1260 972 1350 ἕτερον
1000 1275 1056 1350 της
1084 1261 1277 1352 φαντασίας.

150 1373 234 1458 1162.
265 1366 343 1432 ὅθεν
377 1366 434 1432 καί
469 1364 655 1455 φαντασίαν
684 1367 796 1457 ῥητέον
825 1361 909 1434 εἶναι
938 1353 1054 1448 πάθος
1084 1395 1117 1435 τι
1140 1359 1278 1458 περίὶτδ

155 1471 243 1560 ζῷον
271 1467 386 1538 ἑαυτοῦ
414 1498 450 1539 τε
478 1473 536 1540 καί
565 1485 623 1539 τοῦ
646 1469 760 1562 ἑτέρου
785 1477 1045 1564 παραστατικόν.
1082 1467 1149 1543 οἷον
1173 1481 1278 1562 προσ-

158 1577 342 1666 βλέψαντές
371 1605 449 1660 τινι,
485 1579 585 1670 φησίν
615 1582 632 1646 ό
656 1573 839 1663 Ἀντίοχοςθ,
875 1581 1102 1665 διατιθέμεθά
1125 1584 1278 1671 πωςτήν

157 1683 247 1772 όψιν,
272 1685 329 1752 καί
353 1685 409 1768 οὐχ
432 1689 533 1766 οίίτιος
557 1687 655 1776 αὐτὴν
678 1687 882 1778 διακειμένην
904 1684 1034 1772 ἴσχομεν
1057 1690 1101 1767 ὡς
1125 1688 1205 1776 πρίν
1220 1700 1279 1754 τοῦ

156 1790 285 1878 βλέψαι
325 1792 529 1882 διακειμένην
569 1790 709 1877 εἴχομεν·
756 1793 842 1859 κατὰ
882 1793 993 1876 μέντοι
1029 1796 1087 1882 τήν
1125 1795 1278 1882 τοιαύτην

155 1896 333 1964 ἀλλοίωσιν
374 1899 464 1965 δυοῖν
504 1899 833 1985 ἀντιλαμβανόμεθα,
879 1897 948 1978 ἑνὸς
987 1900 1047 1984 μὲν
1089 1899 1186 1988 αδτής
1220 1913 1278 1988 της

156 2004 378 2086 άλλοιιόσειυς,
413 2004 562 2072 τουτέστι
593 2019 649 2093 της
677 2003 879 2094 φαντασίας,
911 2006 1057 2093 δευτέρου
1081 2005 1118 2071 δὲ
1140 2017 1199 2072 τοῦ
1220 2008 1278 2094 τήν

155 2108 331 2176 ἀλλοίωσιν
353 2111 606 2200 ἐμποιήσαντος,
636 2111 784 2178 τουτέστι
807 2123 866 2177 τοῦ
888 2113 1014 2200 ὁρατοῦ.
1050 2111 1108 2177 καί
1132 2111 1278 2177 ἐπὶτῶν

156 2217 266 2282 άλλων
289 2215 475 2306 αἰσθήσεων
496 2221 535 2284 τὸ
560 2219 804 2307 παραπλήσιον.
842 2229 914 2286 1631.
939 2221 1051 2306 ὥσπερ
1075 2215 1129 2284 οόν
1151 2221 1189 2284 τό
1204 2231 1277 2306 φῶς

158 2321 254 2390 ἑαυτό
277 2349 312 2390 τε
334 2308 476 2391 δείκνυσι
499 2325 557 2390 καί
581 2325 691 2390 πάντα
714 2327 756 2390 τά
780 2325 813 2390 έν
836 2323 933 2410 αὐτῷ,
962 2326 1046 2390 οίίτιυ
1067 2324 1126 2390 καὶ
1149 2328 1169 2413 ή
1191 2349 1276 2413 φαν-

52 2447 61 2462 ’
155 2428 257 2495 τασιά
280 2429 416 2518 ἀρχηγὸς
439 2427 519 2496 οὖσα
542 2444 599 2519 τής
622 2431 701 2518 περὶ
723 2431 760 2497 τὸ
784 2431 866 2517 ζῴον
889 2428 1039 2519 εἰδήσειος
1061 2433 1170 2518 φιυτδς
1185 2429 1277 2520 δίκην

158 2533 274 2624 ἑαυτήν
296 2561 331 2602 τε
355 2535 543 2625 ἐμφανίζειν
559 2523 763 2625 ὀφείλετ’λαί
778 2547 837 2603 τοῦ
851 2532 1049 2626 ποιήσαντος
1064 2537 1163 2626 αὐτήν
1183 2538 1277 2624 ἐναρ-

152 2653 233 2738 γοής
256 2641 672 2732 Ιένδεικττκήκαθεστάναι.
708 2633 784 2708 ἀλλ’
804 2643 878 2709 ἐπεὶ
902 2643 938 2709 οὐ
961 2645 999 2710 τὸ
1022 2632 1097 2709 κατ’
1118 2642 1278 2732 α’λήθειαν

101 2757 106 2788 ·’
156 2746 209 2814 άεί
231 2773 313 2825 ποτε
329 2747 533 2830 ἐνδείκνυται,
557 2751 719 2827 πολλάκις
743 2749 778 2815 δὲ
799 2749 1015 2836 διαψεύδεται
1037 2748 1093 2815 καί
1117 2749 1277 2837 διαφωνεῖ

156 2860 227 2934 τοῖς
258 2855 496 2938 άναπέμψασιν
527 2853 624 2945 αὐτήν
654 2857 860 2942 πράγμασιν,
897 2858 941 2934 ὡς
972 2853 1003 2922 ολ
1025 2855 1189 2944 μοχθηροί
1212 2867 1276 2920 τῶν

149 2962 308 3048 ἀγγέλων,
332 2952 412 3027 κατ>
431 2962 573 3050 άνάγκην
595 2963 799 3050 ήκολοάθησε
828 2965 865 3028 τὸ
888 2965 941 3050 μή·
956 2973 1069 3030 πᾶσαν
1091 2947 1277 3050 φαντασίαν

157 3069 322 3134 δύνασθαι
346 3069 510 3156 κριτήριον
532 3065 726 3134 ἀπολείπειν
748 3065 917 3157 άληθείας,
942 3069 1025 3134 ἀλλὰ
1047 3069 1148 3156 μάνην
1170 3067 1199 3136 εἰ
1219 3070 1277 3135 καί

155 3175 221 3264 δίρα
243 3177 302 3263 τήν
324 3177 443 3263 άληθη.
492 3185 565 3241 164.
582 3175 685 3240 πάλιν
708 3172 763 3240 οὖν
785 3174 858 3240 ἐπεὶ
882 3173 1016 3258 οὐδεμία
1039 3170 1127 3241 ἐστίν
1150 3177 1278 3265 ἀληθής

155 3283 291 3369 τοιαύτη
316 3282 371 3346 oie
395 3281 452 3347 οὐκ
476 3282 514 3346 λα
537 3280 660 3366 γένοιτο
685 3281 823 3369 ψευδής,
855 3279 938 3345 ἀλλὰ
962 3281 1053 3369 πάσῃ
1076 3281 1116 3370 τῇ
1140 3283 1276 3370 δοκοάση

155 3387 276 3475 ἀληθεῖ
304 3389 508 3453 καθεστάναι
538 3385 720 3475 εὑρίσκεταί
742 3387 807 3465 Ιτις
838 3388 1095 3474 άπαράλλακτος
1126 3389 1276 3476 ψευδήςθ,

155 3495 323 3582 γενήσεται
353 3495 391 3559 τὸ
421 3495 589 3582 κριτήριον
611 3493 644 3560 ἐν
667 3493 759 3582 κοινή
788 3492 955 3582 φαντασίᾳ
986 3505 1044 3560 τοῦ
1073 3519 1110 3560 τε
1132 3495 1277 3584 άληθοδς

156 3599 214 3665 καί
238 3601 386 3687 ψευδοῦς.
423 3599 503 3688 ήδὲ
533 3602 623 3688 κοινή
646 3601 777 3666 τοάτιυν·
791 3597 960 3688 φαντασία
983 3600 1042 3666 οόκ
1071 3597 1142 3666 ἔστι
1171 3625 1276 3667 κατα-

156 3706 315 3793 ληπτική,
329 3707 395 3792 ’μή
430 3702 511 3782 οὖσα
546 3705 582 3770 δὲ
617 3706 846 3794 καταληπτικὴ
878 3703 951 3771 αι’·δὲ
969 3690 1146 3794 ικριτήριον
1173 3705 1275 3774 ἔσται.

158 3820 230 3878 165.
260 3813 423 3900 μηδεμιάς
452 3811 488 3876 δὲ
518 3809 612 3899 οίσης
642 3809 827 3899 φαντασίας
856 3811 1100 3899 κριτικηςοδδὲ
1122 3813 1215 3898 λόγος
1239 3814 1277 3878 ἂν

155 3915 205 4005 εἴη
222 3917 411 4006 κριτήριον·
447 3917 516 3982 άπὸ
540 3915 724 4005 φαντασίας
746 3919 806 4005 γάρ
824 3903 916 3995 οὗτος
932 3917 1093 4002 άνάγεται.
1117 3913 1174 3984 καὶ
1190 3916 1277 3985 eiai-

153 4028 235 4102 τως·
263 4024 477 4112 πρῶτονμὲν
499 4025 560 4112 γάρ
583 4025 633 4090 δεῖ
656 4036 796 4111 φανῆναι
820 4023 909 4110 αὐτῷ
932 4026 969 4090 τὸ
992 4025 1185 4110 κρινόμενον,
1209 4048 1277 4113 φα-

155 4144 246 4218 νήναι
269 4129 306 4196 δὲ
330 4129 422 4196 οὐδὲν
446 4129 583 4196 δύναται
609 4129 710 4216 χωρίς
731 4135 788 4216 τῆς
811 4127 928 4214 άλόγοο
951 4127 1165 4218 αίσθήσειυςΰ.
1204 4129 1276 4196 οίίτε

147 4233 209 4302 ’σίν
232 4239 251 4325 η
275 4235 392 4322 άλογος
416 4233 575 4324 αἴσθησις
599 4235 672 4302 οίίτε
695 4236 713 4301 ό
736 4235 831 4320 λόγος
853 4234 891 4324 ήν
910 4236 1088 4324 κριτήριον.

226 4393 254 4433 a.
280 4375 358 4445 kHinc
385 4377 575 4431 existimaveris
599 4377 706 4430 Sextum
729 4375 793 4430 haec
821 4377 853 4430 de
878 4368 1019 4430 caineadis
1047 4365 1167 4431 dociiina
1193 4395 1277 4448 neque

153 4483 206 4521 non
224 4467 279 4520 isia
297 4467 330 4520 de
348 4465 465 4520 Arcesila
483 4467 603 4519 hausisse
620 4465 807 4532 ex'Aniioeh0‚
828 4465 859 4518 de
879 4481 930 4535 quo
949 4466 980 4518 es.
1000 4471 1044 4518 ΒΡ
1062 4467 1123 4522 443.
