3148 4984
497 331 657 385 lamblichus
675 332 782 402 eiusque
801 333 929 402 discipuli.
1223 329 1277 390 ὃλλ

153 491 268 561 generali
286 491 479 545 methematum
498 491 609 546 seientia
626 492 666 547 ed.
677 491 804 546 Villoison
823 493 852 546 in
869 491 967 546 Aneod.
986 508 1071 560 graec.
1090 492 1118 545 11
1135 509 1161 562 p.
1178 492 1277 562 188eq.

153 581 247 635 Venet.
267 579 349 646 17813
367 580 407 634 De
425 579 577 634 Nicomachi
595 581 739 636 introduct.
758 581 892 636 arithmet.
911 581 952 634 ed.
968 580 1103 649 Kiessling
1120 583 1190 647 (oum
1209 580 1279 634 libro

154 671 186 724 de
204 670 261 723 vita
278 669 382 738 Pyrra,
407 669 477 740 Iips.
498 669 576 724 1816.
602 697 636 708 -
667 670 707 724 De
729 670 896 740 philosophia
919 669 1057 724 Iambhohi
1081 670 1112 725 ef.
1132 669 1160 724 Z.
1179 669 1219 723 ΠΙ
1237 666 1278 724 2⁸

154 759 303 816 ere-714.

225 879 254 920 u.
273 864 343 919 Ante
361 880 420 918 eum
438 864 575 918 audiverat
592 863 807 932 Anatolium,
827 869 876 920 τὸν
893 869 964 920 κατὰ
980 868 1144 941 Πορφύριον
1162 868 1197 919 τὰ
1211 867 1276 920 δεύ-

154 974 218 1027 τερα
238 955 400 1028 φερόμενον,
419 971 443 1008 v.
462 953 562 1023 Eunap.
581 953 614 1008 V.
629 953 709 1026 Soph.
724 972 750 1026 p.
765 957 798 1010 11
814 955 899 1009 Boiss.
936 954 988 1008 Hie
1006 955 1127 1025 prineeps
1146 957 1189 1008 est
1201 954 1277 1007 Asia·

154 1044 222 1097 tioae
241 1043 344 1097 scholae
357 1041 606 1112 Neoplatonioorum
625 1043 695 1097 siout
707 1043 834 1098 Proculus
848 1043 962 1098 Atticae.
1000 1043 1037 1098 Gi.
1052 1044 1157 1114 Zumpt,
1177 1042 1276 1098 Comm.

154 1129 200 1187 Ao.
219 1132 304 1186 Berol.
324 1148 347 1186 a.
367 1131 445 1198 1842,
463 1149 489 1201 p.
510 1131 545 1186 74
554 1149 593 1202 sq.

225 1237 256 1294 h.
275 1237 397 1292 Mortuus
415 1240 459 1291 est
476 1241 605 1306 regnante
623 1237 797 1294 Constantino
822 1240 881 1294 ciro.
901 1255 924 1294 υ.
944 1239 1005 1306 330,
1024 1257 1048 1293 v.
1067 1237 1168 1309 Eunap.
1187 1255 1212 1308 p.
1232 1239 1277 1293 20.

154 1327 250 1381 Iuliani
277 1326 406 1397 epistulae
433 1326 467 1380 ad
493 1325 667 1381 lumbhchom
694 1328 846 1398 suppositae
874 1331 950 1394 sunt,
979 1329 1010 1382 of.
1036 1327 1063 1382 Z.
1091 1325 1133 1381 111
1158 1326 1197 1380 2³
1216 1327 1277 1382 680.

154 1416 288 1487 Eunapius
307 1415 388 1470 refert
405 1431 464 1470 eum
482 1415 568 1470 multa
585 1415 712 1470 miracula
729 1416 850 1471 edidisse.

226 1535 253 1580 ο.
272 1522 344 1577 Libri
366 1523 423 1577 eius
446 1523 491 1594 qui
516 1525 661 1594 supersunt
686 1524 889 1594 Pythagoricum
911 1523 1103 1595 philosophiam
1127 1523 1168 1577 vel
1195 1523 1277 1576 inter·

154 1613 290 1683 protentos
315 1612 356 1666 vel
378 1612 588 1667 concelebrantes
613 1617 704 1684 paries
728 1616 792 1667 sunt
814 1613 921 1667 maioris
940 1613 1039 1684 operis,
1065 1611 1135 1683 quod
1154 1613 1277 1666 inscribe·

154 1701 234 1756 batur
257 1704 404 1772 συναγωγὴ
428 1713 482 1755 τῶν
501 1707 704 1778 Πυθαγορείων
728 1703 888 1776 δογμάτων.
925 1701 1022 1756 Mirum
1042 1703 1169 1772 quantum
1189 1717 1277 1771 super·

156 1790 309 1845 stitionibus
327 1789 471 1846 abundant.
507 1789 539 1845 In
559 1791 704 1862 deperditis
723 1794 787 1846 sunt
805 1791 984 1846 commentarii
1002 1791 1030 1844 in
1048 1789 1199 1858 Platonem,
1218 1789 1277 1844 Ari-

156 1879 277 1934 stotelem
302 1882 329 1933 et
353 1879 385 1932 de
409 1879 574 1951 philosophia
598 1879 746 1935 Chaldaiea.
783 1879 822 1934 Ex
840 1879 963 1950 epistulis
987 1882 1016 1933 et
1039 1879 1115 1932 libris
1140 1879 1172 1932 de
1190 1879 1277 1933 anima

154 1969 207 2023 non
224 1985 307 2038 pauea
325 1971 430 2022 exstant
448 1969 518 2039 apud
535 1969 556 2023 Ι.
576 1968 725 2024 Stobaeum.
763 1967 800 2023 cf.
820 1969 847 2022 Z.
866 1967 907 2021 III
925 1965 964 2022 2⁸
982 1968 1033 2022 681
1045 1983 1083 2037 sq.

106 2141 146 2185 ore
222 2129 345 2194 Prooul.
367 2129 401 2192 in
424 2129 503 2192 Tim.
529 2137 570 2195 94
583 2128 616 2194 Ο.
662 2125 747 2215 Περὶ
769 2125 806 2192 δέ
828 2138 886 2214 τής
909 2124 942 2191 ἒν
968 2122 1099 2212 Τιμαίῳ
1122 2136 1180 2192 τοῦ
1195 2128 1275 2206 Διὸς
1321 2120 1410 2163 ⁰¹³²⁶⁰³

155 2231 366 2322 δημιουργίας
396 2234 529 2323 γράφων
551 2223 761 2320 (Ἰάμβλιχος)
791 2234 874 2317 μετὰ
903 2234 964 2312 τὰς
991 2234 1108 2321 νοητὰς
1136 2233 1275 2321 τριάδας
1302 2175 1433 2270 dmm

155 2339 212 2406 καὶ
227 2341 286 2419 ’τὰς
302 2353 367 2406 τῶν
382 2353 499 2427 νοερῶν
514 2346 602 2406 θεῶν
617 2343 705 2426 τρεῖς
727 2339 866 2428 τριάδας
889 2337 922 2405 ἐν
945 2337 986 2428 τῇ
1008 2339 1103 2426 νοερᾷ
1118 2335 1276 2424 ἑβδομύδι

154 2449 212 2535 τήν
234 2444 346 2537 τρίτην
369 2445 402 2513 έν
424 2450 495 2525 τοῖς
518 2445 685 2534 πατράσιν
708 2445 865 2530 ἀπονέμει
887 2444 935 2532 τῷ
959 2444 1144 2534 δημιουργῷ
1171 2446 1273 2526 τάξιν.

1356 2549 1379 2590 et

1325 2600 1427 2644 seriorum

154 2555 201 2619 Ib.
226 2562 299 2621 299.
335 2551 405 2619 Kal
429 2553 497 2619 ἀπὸ
526 2567 591 2618 τῶν
621 2551 777 2642 οὐρανίων
811 2551 847 2619 δέ
875 2565 979 2639 χορῶν
1001 2549 1133 2640 πρόεισί
1155 2577 1206 2632 τις
1228 2551 1274 2632 είς
1301 2601 1324 2644 ,n

155 2663 212 2748 τήν
246 2658 364 2746 γένεσιν
398 2659 548 2740 διάταξις
584 2658 883 2748 διπλασιαζομένη,
919 2661 963 2736 ὥς
997 2679 1097 2747 φησιν
1130 2659 1148 2725 δ
1181 2664 1276 2739 θεῖος

153 2756 349 2851 Ἰύμβλιχος·
372 2765 442 2833 ἀπὸ
456 2765 516 2850 μέν
537 2768 598 2854 γὰρ
622 2779 686 2832 τῶν
708 2763 812 2834 εἴκοσι
835 2764 893 2832 καὶ
916 2761 985 2844 ἑνὸς
1007 2764 1167 2854 ήγεμύνων
1188 2765 1274 2852 γενέ·

156 2879 240 2939 σθαι
270 2873 326 2940 δύο
357 2871 414 2939 καί
442 2872 683 2960 τετταράκοντα
713 2862 800 2940 καθ’
820 2869 959 2960 ἑκάστην
982 2869 1141 2954 στοιχείου
1166 2871 1276 2962 λήξινλι

155 2977 327 3067 ἡγεμονίας
350 2985 437 3046 θεῶν
460 2992 699 3066 γενεσιουργιῖιν·
723 2979 792 3048 ὐπὸ
815 2977 852 3046 δέ
874 2992 939 3044 τῶν
961 2973 997 3058 ἓξ
1019 2977 1077 3044 καί
1099 2978 1276 3067 τριάκοντα

156 3087 361 3174 δειαδαρχῶν
384 3086 440 3152 δύο
468 3084 525 3152 καὶ
549 3083 770 3175 ἑβδομήκοντα
793 3083 1055 3174 προεληλυθέναι
1077 3083 1135 3150 καὶ
1158 3083 1277 3165 δίλλους

157 3193 311 3270 ὡσαύτως
332 3193 439 3273 θεούς,
463 3193 589 3282 πλήθει
604 3191 664 3276 μέν
680 3189 877 3270 διπλασίους
900 3205 965 3257 τῶν
989 3189 1153 3279 οὐρανίων,
1178 3192 1275 3258 δυνύ-

155 3323 210 3383 μει
233 3297 270 3366 δέ
285 3295 574 3382 ἀπολειπομένους.
599 3299 650 3365 δεῖ
673 3298 709 3366 δέ
732 3297 789 3365 καὶ
812 3300 872 3376 τὰς
895 3299 1038 3384 τριπλᾶς
1062 3295 1168 3363 αὐτῶν
1190 3322 1275 3385 προ-

156 3406 250 3484 ύδους
272 3408 409 3492 θεωρεῖν
432 3404 488 3470 καὶ
511 3407 570 3484 τὰς
593 3409 804 3493 πενταμερεῖς
827 3402 1003 3491 διαιρέσεις
1025 3401 1083 3469 καὶ
1105 3405 1163 3491 τήν
1185 3393 1274 3470 καθ’

157 3508 323 3596 ἑβδομάδα
340 3508 437 3578 θείαν
459 3509 690 3600 ὐπογένιησιν·
713 3511 869 3596 ὐνύλογον
890 3512 951 3597 γὰρ
975 3511 1023 3596 τῷ
1045 3509 1158 3596 κόσμῳ
1173 3509 1277 3576 παντὶ

156 3618 213 3686 καί
235 3619 331 3708 τριχῇ
360 3619 623 3708 διεκοσμήθησαν
652 3617 710 3684 καὶ
733 3616 878 3706 πενταχῇ
902 3615 960 3682 καί
984 3612 1113 3705 έπταχῇ
1141 3615 1195 3681 ἵνα
1219 3615 1275 3683 ναὶ

157 3723 293 3791 ἕκαστον
308 3737 373 3790 τῶν
388 3722 553 3807 στοιχείων
569 3724 690 3808 κόσμος
713 3709 735 3814 ᾗ
757 3723 815 3790 καὶ
837 3719 937 3801 ὐντως
959 3719 1092 3810 μίμημα
1115 3733 1173 3788 τοῦ
1188 3747 1276 3787 παν-

157 3832 220 3910 τδς.
255 3830 356 3920 ήμέν
385 3831 424 3920 δή
453 3831 611 3915 σύντομος
640 3827 839 3897 διδασκαλία
868 3828 945 3917 περὶ
968 3842 1033 3894 τῶν
1055 3827 1121 3894 ὑπὸ
1145 3827 1277 3916 σελήνην

156 3943 245 4028 θεῶν
266 3937 401 4027 τοιαύτη
423 3934 476 4015 τίς
491 3936 561 4004 ἐστι
584 3938 671 4003 κατὰ
693 3937 754 4014 τὰς
777 3937 900 4015 διπλᾶς
923 3931 1036 4012 οὐσίας
1058 3932 1116 3999 καὶ
1139 3935 1200 4011 τὰς
1223 3934 1275 3998 δι-

157 4047 249 4132 φυεῖς
272 4043 357 4124 ζωὰς
380 4042 436 4110 καὶ
459 4044 573 4124 διττὰς
596 4043 703 4132 λήξεις
726 4043 1009 4132 προεληλυθότων.

227 4181 256 4224 ⁸.
273 4166 311 4223 Cf.
330 4167 423 4222 Iambl.
441 4185 483 4238 ap.
502 4165 574 4222 Stob.
589 4167 644 4224 Eoi.
663 4184 689 4239 p.
704 4167 758 4223 904
776 4169 811 4220 τὰ
831 4173 963 4238 στοιχεῖα,
981 4160 1049 4239 μεθ’
1068 4158 1105 4216 ὧν
1122 4168 1169 4218 καὶ
1185 4168 1274 4236 ψυχαὶ

158 4259 401 4331 συνεπληρώθησαν
424 4254 492 4312 καθ’
509 4258 626 4324 ἑκάστην
650 4258 781 4323 τοιαύτην
799 4259 880 4323 λῆξιν.
917 4253 1055 4323 Respioere
1080 4251 1185 4306 videtur
1203 4252 1273 4307 Plau.

156 4344 217 4413 leg.
235 4345 260 4395 V
278 4349 344 4400 extr.

228 4451 331 4506 Poterit
357 4468 388 4506 ex
410 4452 464 4506 illis
488 4451 648 4518 existimari,
677 4453 804 4520 quantum
822 4447 1005 4519 Neoplatonioi
1027 4462 1079 4500 non
1098 4446 1183 4500 solum
1202 4446 1275 4499 theo-
