3146 4982
623 333 698 385 Philo
717 333 837 387 Iudaeus.
1237 333 1289 394 491

170 513 263 556 καισν
291 487 407 577 μέτρον
436 479 527 556 τοῦτ>
553 486 637 572 ἐστι,
671 494 714 557 τὰ
745 491 780 558 δέ
808 481 895 558 καθ’
915 496 999 582 ήμᾶς
1034 495 1139 582 ψεύδη
1168 519 1203 561 τε
1232 495 1289 561 καί

171 593 280 660 ύίύικα.

86 788 163 830 ιειι
239 774 286 838 Ι)ε
312 773 422 839 Sacris.
446 775 504 839 Ab.
529 777 561 839 et
584 775 675 840 Caini
700 783 741 842 28
765 797 803 860 p:
821 786 893 844 181.
942 778 1014 864 Θεῷ
1036 775 1073 843 δὲ
1095 776 1186 844 οὐδὲν
1209 777 1289 868 ύδη-
1316 759 1431 855 ἕλῖιῖἱῖ

173 880 227 945 λον
258 877 333 945 ούύέ
362 879 675 968 ἀμφισβητούμενον,
710 878 746 960 ὃς
775 880 833 948 καὶ
862 886 931 960 τοῖς
954 882 1066 962 ἄλλοις
1094 885 1137 949 τὰ
1175 883 1290 974 γνωρί-

172 1008 283 1068 σματα
306 999 363 1074 της
386 984 546 1075 ἀληθείας
570 986 710 1076 ἐναργῶς
733 985 921 1071 ἐπιδέδειχε.
937 1027 977 1036 -
990 989 1119 1074 ύίμεινον
1141 990 1178 1058 δὲ
1200 991 1291 1060 ούύέν

173 1091 346 1180 ἐπινοῆσαι
368 1091 469 1176 θέμις
484 1103 543 1160 τού
557 1091 674 1176 αἰτίου,
699 1095 800 1162 ὁπότε
815 1095 890 1162 οὐδὲ
904 1091 983 1178 ἴσον,
1006 1088 1082 1163 ἀλλ’
1103 1097 1178 1164 ούύέ
1192 1096 1291 1186 ὀλίγῳ

173 1198 437 1285 καταδεέστερον,
472 1189 547 1264 ἀλλ’
571 1201 636 1287 δληι
666 1200 747 1286 γένει
771 1204 994 1290 καταβεβηκὸς
1023 1205 1114 1269 ύίπαν
1143 1206 1181 1271 τὸ
1210 1207 1292 1288 μετὰ

173 1307 251 1372 θεὸν
273 1303 463 1392 εὑρίσκεται.

89 1463 164 1505 4³⁵ss
240 1448 287 1512 De
313 1448 447 1514 Cherub.
472 1459 490 1516 6
514 1469 544 1534 p.
563 1459 635 1515 142.
686 1451 731 1516 Τὸ
753 1449 790 1516 δέ
812 1464 926 1540 στήναι
950 1451 1007 1518 καί
1030 1451 1191 1539 ύίτρεπτον
1213 1454 1290 1540 κτή-
1318 1450 1396 1492 Μ·

174 1559 303 1618 σασθαι
327 1552 474 1620 διάνοιαν
497 1554 588 1640 ἐγγὺς
611 1553 775 1640 ἐπιβαίνει
790 1563 872 1624 θεοῦ
895 1559 1058 1642 δυνάμεως
1074 1562 1093 1639 ¹,
1118 1558 1232 1648 ἐπειδή
1255 1561 1293 1626 τὸ

173 1658 232 1742 μὲν
253 1663 347 1725 θεῖον
370 1660 545 1748 ύίτρεπτον,
579 1664 617 1727 τὸ
641 1661 677 1728 ύέ
699 1663 861 1747 γενόμενον
888 1665 984 1753 φύσει
1006 1666 1218 1754 μεταβλητύν.
1263 1662 1298 1732 εἴ

174 1791 225 1844 τις
248 1763 302 1832 σύν
323 1768 382 1854 τήν
397 1766 546 1852 γενέσεως
569 1765 692 1848 οἰκείαν
715 1772 820 1858 φορὰν
837 1766 934 1858 ἐρωτι
957 1771 1141 1860 ἐπιστήμης
1164 1770 1292 1858 ἐγχαλι-

175 1872 356 1956 νωσύμενσς
391 1873 547 1958 ἐβιάσατο
576 1887 690 1963 στῆναι
720 1889 874 1964 ποιήσαι,
909 1879 954 1965 μή
983 1876 1174 1944 λανθανέτω
1197 1876 1294 1958 θείας

174 1977 380 2063 εὐδαιμονίας
403 1980 494 2066 ἐγγύς
517 1980 569 2046 ύίν.

89 2136 165 2179 ⁴⁸⁵⁰
243 2123 290 2187 De
313 2123 395 2189 Μαί.
420 2124 513 2189 Nom.
539 2131 557 2190 5
588 2145 618 2208 p.
644 2131 717 2190 585.
767 2121 825 2202 Τίς
854 2125 915 2210 γὰρ
945 2121 1002 2190 ούκ
1032 2115 1117 2190 οἶδεν
1150 2125 1201 2190 ὅτι
1234 2123 1292 2190 καί

176 2229 242 2314 πρὸ
276 2240 333 2316 της
367 2239 426 2294 τοῦ
459 2229 581 2312 κόσμου
617 2227 765 2314 γενέσεως
800 2226 911 2307 ίιιανὸς
945 2227 983 2318 ήν
1016 2228 1114 2308 αὐτὸς
1149 2231 1180 2314 (ὁ
1202 2232 1293 2316 θεὸς)
1327 2297 1329 2302 ,

176 2329 283 2420 ἐαυτῷ
305 2334 362 2400 καί
384 2338 466 2418 μετὰ
490 2337 546 2422 τήν
569 2335 689 2419 κόσμον
708 2334 829 2421 γένεσιν
845 2337 863 2401 ὁ
879 2336 976 2415 αὐτὸς
999 2333 1119 2420 ἐμεινεν
1142 2336 1179 2402 ού
1193 2359 1294 2420 μετα-

174 2440 319 2524 βαλών“,·

247 2581 276 2621 a.
295 2567 356 2636 Leg.
375 2565 459 2636 Alleg.
479 2567 493 2620 Ι
512 2567 546 2621 14
564 2585 589 2638 p.
609 2567 644 2622 ὄλ
669 2575 738 2622 θεοῦ
762 2570 816 2642 γὰρ
844 2569 908 2623 οὐδὲ
928 2571 943 2622 ὁ
962 2571 1076 2641 σύμπας
1093 2571 1199 2642 κόσμος
1217 2573 1297 2630 ίίξιον

177 2657 212 2707 ἐν
240 2659 279 2722 εἴη
303 2661 409 2730 χωρίον
435 2661 482 2710 καὶ
509 2656 688 2729 ἐνδιαίτημα,
718 2659 778 2710 ἐπεὶ
807 2658 888 2717 αὐτὸς
916 2657 1005 2726 ἑαυτῷ
1033 2659 1118 2719 τόπος
1142 2661 1189 2711 καὶ
1215 2659 1296 2718 αὐτὸς

176 2743 277 2798 ἑαυτοῦ
296 2749 397 2818 πλήρης
414 2751 461 2799 καὶ
481 2748 574 2808 ἱκανὸς
593 2748 675 2807 αὐτὸς
694 2747 781 2814 ἑαυτῷ
801 2749 816 2798 ὁ
834 2748 906 2810 θεός,
926 2748 959 2798 τὰ
978 2747 1030 2807 μὲν
1049 2750 1118 2800 ίίλλοι
1136 2747 1233 2812 ἐπιδεῆ
1250 2751 1296 2800 καὶ

176 2834 263 2906 ἔρημοι
282 2840 329 2888 καὶ
348 2837 412 2889 κενὰ
432 2839 499 2888 ὄντα
519 2839 627 2906 πληρῶν
644 2839 691 2888 καὶ
710 2839 849 2907 περιέχων,
871 2836 952 2895 αὐτὸς
970 2835 1002 2888 ύέ
1018 2831 1067 2888 ὑπ’
1086 2836 1198 2896 ούύενὸς
1213 2839 1297 2888 ἄλλον

177 2925 379 2995 περιεχόμενος,
400 2926 447 2978 ἅτε
467 2917 504 2985 εἷς
522 2927 569 2976 καὶ
587 2926 619 2977 τὸ
638 2933 696 2976 πᾶν
715 2925 797 2984 αὐτὸς
815 2926 859 2974 ὤν.

125 3132 167 3173 ωε
244 3119 319 3200 Leg.
342 3119 443 3200 Alleg.
466 3119 500 3182 II
525 3129 541 3183 1
567 3139 596 3202 p.
622 3126 672 3183 66.
714 3105 755 3182 ‘0
776 3118 855 3194 θεὸς
877 3116 974 3200 μόνος
1004 3115 1074 3183 ἐστὶ
1097 3114 1225 3198 καὶέν,
1260 3115 1297 3183 ού
1329 3125 1370 3208 2¹12
1401 3125 1423 3207 ζ

177 3223 346 3310 σύγκριμα,
371 3224 469 3311 φύσις
491 3224 598 3311 ἆπλη·
622 3226 712 3311 ήμῶν
735 3211 768 3288 δ’
787 3220 924 3300 ἕκαστος
947 3221 1004 3288 καὶ
1026 3235 1091 3288 τῶν
1113 3221 1220 3287 ύίλλων
1236 3222 1297 3288 ὅσα

179 3326 286 3413 γε’γονε
309 3329 418 3395 πολλοί
425 3379 433 3410 ,
458 3319 525 3395 οἶον
548 3328 610 3413 ἐγὼ
634 3327 744 3394 πολλοί
767 3325 848 3412 είμι,
873 3330 959 3417 ψυχὴ
983 3342 1087 3412 σῶμα,
1111 3325 1169 3394 καί
1192 3338 1298 3416 ψυχης

179 3432 296 3519 ι’ίλογον
319 3433 463 3519 λογικόν,
496 3435 599 3500 πάλιν
622 3435 776 3517 σώματος
798 3435 923 3521 θερμὸν
946 3434 1085 3522 ψυχρόν,
1115 3433 1199 3522 βαρὺ
1221 3435 1298 3499 κού·

179 3563 258 3626 φον,
294 3540 389 3629 ξηρὸν
419 3541 521 3629 ύγρύν.
560 3540 638 3606 ύύέ
661 3541 739 3618 θεὸς
762 3539 799 3607 ού
821 3541 982 3626 σύγκριμα
1010 3537 1084 3606 ούύέ
1108 3537 1144 3606 ἐκ
1166 3540 1299 3606 πολλῶν

177 3649 350 3729 συνεστώς,
386 3637 461 3713 ἀλλ’
481 3647 600 3735 ἀμιγὴς
629 3646 727 3733 ύλλφ.
766 3643 784 3714 ὃ
811 3648 872 3735 γὰρ
903 3648 941 3712 ἐν
971 3643 1164 3734 προσκριθή
1185 3643 1298 3735 θεηῖή

179 3754 327 3839 κρεῖσσόν
357 3753 444 3820 ἐστιν
476 3753 575 3820 αύτού
596 3754 616 3842 ἢ
639 3749 776 3819 ἔλασσον
799 3755 820 3842 ἢ
841 3749 913 3819 ἰ’σον
936 3751 1035 3839 αύτῷ.
1074 3751 1147 3819 ούτε
1169 3750 1206 3818 δέ
1227 3748 1300 3818 ἰ’σον

178 3857 252 3924 σύτο
275 3861 422 3946 κρεῖσσόν
445 3857 516 3926 ἐστι
538 3865 634 3940 θεοῦ,
665 3855 803 3926 ἐλασσύν
825 3881 860 3944 γε
882 3861 945 3947 μήν
967 3857 1059 3924 ούύέν
1081 3857 1171 3946 αὕτη]
1193 3879 1299 3944 προσ-

174 3951 340 4052 ’κρίνεταν
376 3963 405 4032 εί
427 3964 465 4034 δέ
486 3967 540 4055 μή,
563 3965 621 4032 καί
645 3965 741 4043 αὐτὸς
765 3964 1049 4053 ἐλαττωθήσεται·
1083 3961 1113 4030 εἰ
1135 3962 1172 4030 ύέ
1194 3973 1299 4045 τοῦτο,

180 4070 238 4136 καί
261 4074 414 4160 φθαρτὸς
437 4069 539 4154 ἐσται,
570 4073 651 4160 ύπερ
681 4070 755 4138 οὐδὲ
784 4070 884 4155 θέμις
906 4083 1030 4159 νσησαι.
1068 4069 1224 4136 τέτακται
1247 4065 1301 4136 οὖν

179 4177 199 4242 ὁ
223 4179 302 4256 θεὸς
324 4181 411 4245 κατὰ
434 4180 472 4246 τὸ
494 4175 528 4246 ἐν
550 4178 608 4246 καὶ
630 4180 687 4267 τήν
710 4177 854 4261 μονάδα·
877 4178 1001 4260 μᾶλλον
1024 4174 1060 4242 δέ
1083 4174 1141 4241 καὶ
1163 4177 1300 4265 ήμονὰς
1349 4190 1351 4193 ’

255 4445 281 4508 1)
300 4446 444 4518 δυνάμεως
462 4445 537 4498 libri:
557 4445 738 4517 εὐδαιμονίας
756 4441 894 4512 proposuit
911 4441 1032 4510 Mangey.
