3130 4980
210 347 217 362 ’
270 353 324 415 ‘296
747 357 911 438 Aristotalas.

271 515 410 606 ποιηταὶ
434 514 492 581 καὶ
515 514 644 605 πέφυκε
658 520 796 606 φθονεῖν
818 519 857 584 τδ
871 521 973 598 θεῖον,
998 515 1056 583 ε’πὶ
1072 518 1186 584 τούτου
1202 514 1392 602 συμβαίνειν

270 621 416 705 μάλιστα
446 619 532 701 εὶκδς
560 621 618 688 καὶ
646 623 810 705 δυστυχεῖς
842 615 924 690 εἶναι
955 624 1084 702 πάντας
1110 625 1184 702 τοὺς
1207 623 1389 711 περιττούς.

274 716 350 794 ἀλλ’
367 726 440 795 ούτε
462 730 500 795 τδ
523 732 616 796 θεῖον
639 731 801 818 φθονερὸν
816 728 976 812 ἐνδέχεται
999 723 1092 812 εἶναι,
1116 729 1201 796 ἀλλὰ
1225 729 1282 795 καὶ
1304 731 1391 796 κατὰ

270 835 328 922 τήν
350 831 536 923 παροιμίαν
565 835 676 902 πολλὰ
699 836 877 923 ψεύδονται
906 834 1030 915 ἀοιδοί,
1064 835 1137 903 σ’ύτε
1159 849 1216 925 της
1238 837 1391 924 τοιαύτης

272 937 372 1029 ἀλλην
393 938 617 1030 χρήνομίζειν
639 941 851 1030 τιμιωτέραν·
885 945 905 1032 ή
928 945 989 1030 γὰρ
1012 943 1170 1032 θειοτάτη
1194 941 1252 1008 καὶ
1273 967 1391 1026 τιμιω-

271 1045 362 1134 τάτη.
407 1048 542 1136 τοιαύτη
572 1046 610 1114 δὲ
633 1049 730 1130 διχῶς
758 1044 868 1138 ἀνείη
891 1049 1006 1132 μόνον·
1051 1051 1089 1139 ήν
1112 1074 1148 1116 τε
1171 1051 1231 1136 γὰρ
1253 1037 1389 1132 μάλιστ’

272 1151 312 1217 ἀν
332 1154 412 1231 θεὸς
434 1149 518 1236 ἔχει,
550 1152 630 1221 θεία
664 1168 728 1220 τῶν
751 1151 942 1244 ἐπιστημῶν
965 1153 1051 1237 ἐστί,
1086 1155 1145 1222 κάν
1179 1151 1213 1221 εἴ
1242 1179 1293 1233 τις
1326 1165 1392 1220 τῶν

270 1255 372 1324 θείων
393 1257 453 1350 εἴη.
484 1259 564 1350 μόνη
588 1261 608 1326 δ
614 1249 623 1275 '
642 1262 722 1350 αύτη
745 1262 867 1328 τούτων
889 1261 1082 1350 ἀμφοτέρων
1104 1263 1284 1351 τετύχηκεν·
1316 1261 1337 1327 ό
1357 1285 1392 1326 τε

270 1366 332 1452 γὰρ
352 1367 432 1444 θεὸς
455 1367 544 1434 δοκεῖ
571 1381 636 1432 τῶν
665 1364 780 1434 αἰτίων
803 1378 907 1434 πᾶσιν
934 1361 1018 1435 εἶναι
1041 1367 1099 1436 καὶ
1121 1368 1201 1457 ἀρχή
1233 1393 1299 1448 τις,
1334 1365 1392 1434 καὶ

271 1472 328 1558 τήν
362 1471 514 1560 τοιαύτην
543 1474 563 1562 ή
593 1473 690 1557 μόνος
719 1475 739 1563 ἢ
767 1463 904 1559 μάλιστ’
928 1475 967 1540 δν
993 1471 1061 1558 ἔχοι
1083 1475 1190 1554 θεόςλ.
1236 1474 1392 1559 ἀναγκαι-

272 1575 382 1664 ότεραι
404 1577 463 1661 μὲν
485 1575 540 1645 ούν
563 1591 671 1646 πᾶσαι
693 1582 821 1669 ταύτης,
844 1579 982 1664 ἀμείνων
1004 1571 1035 1646 δ’
1055 1579 1198 1665 οὐδεμία.

344 1732 373 1776 a.
398 1719 436 1774 cf.
455 1726 499 1774 ΒΡ
517 1721 599 1776 2450.

343 1824 374 1881 1).
398 1826 430 1880 In
449 1827 664 1881 antecedentibus
682 1828 909 1883 demonstraverat
933 1830 1090 1900 sapientiam
1114 1847 1251 1884 causarum
1269 1830 1393 1898 cogniti&

272 1931 333 1968 nem
350 1931 420 1968 esse:
440 1915 511 1970 982ι
529 1917 563 1971 28
583 1919 652 1970 ἀλλὰ
670 1920 727 1990 μὴν
743 1923 791 1972 καὶ
810 1919 993 1986 διδασκαλική
1018 1939 1051 1989 γε
1069 1922 1085 1986 ἠ
1104 1930 1159 1972 τῶν
1177 1924 1273 1974 αἰτιῶν
1290 1926 1392 1994 θεωρη·

273 2005 333 2070 τική
358 2007 480 2076 μᾶλλον·
528 1997 605 2059 οὗτοι
633 2008 688 2081 γάρ
716 2007 901 2062 διδάσκουσιν
930 2011 957 2060 οἱ
984 2009 1033 2068 τὰς
1061 2013 1153 2069 αλτίας
1180 2011 1304 2077 λέγοντες
1331 2012 1393 2080 περὶ

273 2091 396 2147 ἕκαστον.
442 2096 475 2147 τὸ
506 2093 525 2147 δ
530 2089 537 2109 '
563 2094 668 2148 εἰδέναι
694 2099 740 2148 καὶ
775 2098 807 2148 τὸ
839 2097 1012 2150 ἰπίστασθαι
1040 2098 1131 2150 αὐτῶν
1164 2096 1242 2150 ἕνεκα
1268 2093 1389 2167 μάλισθ’

273 2181 392 2251 ὑπάρχει
415 2185 447 2255 τῇ
471 2191 522 2235 τοῦ
544 2186 668 2254 μάλιστα
695 2185 845 2250 ἐπιστητοῦ
868 2184 1014 2257 ἐπιστήμη.
1055 2186 1143 2256 ὁγὰρ
1166 2186 1198 2237 τὸ
1222 2186 1392 2239 ἐπίστασθαι

274 2263 316 2322 δι’
332 2269 415 2323 ἑαυτδ
434 2273 598 2344 αἱρούμενος
623 2273 674 2338 τήν
690 2275 815 2344 μάλιστα
837 2273 994 2343 ἐπιστήμην
1010 2276 1135 2346 μάλιστα
1156 2274 1309 2344 αἱρήσεται,
1337 2293 1392 2326 τοι·

274 2359 342 2424 αύτη
357 2355 388 2411 δ’
405 2360 481 2413 ἐστὶν
498 2362 514 2425 ή
533 2369 584 2413 τοῦ
599 2363 724 2432 μάλιστα
738 2361 894 2427 ἐπιστητοῦ,
912 2364 1036 2432 μάλιστα
1051 2357 1080 2415 δ’
1097 2363 1230 2429 ἐπιστητὰ
1250 2363 1284 2414 τά
1299 2372 1393 2436 πρῶτα

274 2448 374 2500 καὶτὰ
394 2451 484 2500 αἴτια·
520 2448 569 2500 διά
588 2450 643 2520 γάρ
667 2459 755 2502 ταῦτα
779 2454 826 2502 καὶ
851 2451 880 2503 ἐκ
905 2452 1009 2502 τούτων
1033 2450 1118 2502 τᾶλλα
1141 2452 1312 2524 γνωρίζεται,
1332 2445 1389 2502 ἀλλ’

276 2536 309 2588 οὐ
334 2545 420 2589 ταῦτα
446 2536 495 2590 διδ
519 2547 572 2590 τῶν
598 2540 791 2610 ὑποκειμένοιν.
836 2535 874 2592 Cf.
899 2536 961 2590 Eth.
986 2536 1045 2592 Nic.
1068 2537 1150 2592 V17.
1183 2537 1272 2592 1141ιι
1290 2538 1324 2591 17
1352 2538 1396 2592 δεῖ

276 2627 330 2696 άρα
349 2625 397 2677 τὸν
415 2627 506 2696 σοφὸν
523 2627 671 2699 μὴμόνον
689 2628 724 2680 τά
742 2627 771 2680 ἐκ
790 2637 844 2680 τῶν
862 2627 954 2700 ἀρχῶν
973 2626 1085 2692 εἰδέναι,
1112 2628 1248 2680 ἀλλὰκαὶ
1266 2627 1394 2700 περὶτὰς

167 2725 171 2733 ·
277 2713 364 2784 ἀρχάς
382 2714 531 2780 ἀληθεύειν.
560 2711 628 2769 ὥστ’
646 2719 687 2781 εἴη
706 2717 873 2786 ἀνήσοφίυι
891 2725 955 2774 νοῦς
974 2718 1019 2768 καὶ
1038 2716 1185 2786 ἐπιστήμη,
1204 2714 1393 2789 ὣσπεριιεφα-

276 2802 325 2867 λήν
342 2801 446 2871 ἔχουσα
464 2803 602 2874 ἐπιστήμη
622 2813 676 2855 τῶν
694 2805 875 2874 τιμιωτάτων.
912 2801 950 2856 Cf.
970 2807 1013 2856 BP
1031 2803 1092 2856 311.

100 3079 243 3144 paaosopaa
344 3067 421 3132 Met.
452 3065 499 3130 IV
528 3075 556 3130 2.
589 3075 694 3131 1004⁸
718 3077 768 3133 34.
815 3065 887 3132 Καὶ
915 3062 984 3132 ἔστι
1013 3077 1072 3133 τοῦ
1100 3067 1284 3156 φιλοσόφου
1319 3065 1396 3155 περὶ
1405 3081 1445 3120 ³⁰1

95 3135 150 3184 (³⁰¹⁶
164 3135 251 3186 'mm
279 3170 414 3236 πάντων
438 3171 603 3238 δύνασθαι
626 3177 791 3259 θεωρεῖν.
838 3169 868 3238 εἰ
891 3175 952 3260 γὰρ
974 3175 1020 3262 μή
1042 3184 1101 3240 τοῦ
1122 3173 1316 3262 φιλοσόφου,
1347 3170 1397 3252 τίς

279 3274 374 3345 ἔσται
403 3277 421 3344 δ
451 3277 710 3362 ἐπισκεψόμενος
739 3277 769 3344 εἰ
798 3277 898 3345 ταύτδ
929 3279 1104 3369 Σωκράτης
1132 3278 1192 3345 καὶ
1223 3280 1397 3368 Σωκράτης

278 3386 482 3474 καθήμενος,
517 3379 589 3472 ήά
611 3379 645 3449 ἓν
667 3380 714 3450 ἑνὶ
737 3381 894 3466 ἐναντίον,
929 3383 1006 3473 ήτί
1027 3384 1099 3451 ἐστι
1125 3387 1163 3452 τδ
1186 3384 1345 3468 ἐναντίον,
1377 3386 1398 3474 ή

278 3505 434 3573 ποσαχῶς
456 3489 601 3576 λέγεται,·
630 3487 751 3573 δμοίως
774 3489 892 3556 δὲκαὶ
914 3490 992 3578 περὶ
1020 3504 1085 3556 τῶν
1107 3490 1215 3556 ἀλλων
1237 3505 1303 3557 τῶν
1326 3516 1396 3558 τοι·

278 3598 392 3662 ούτων.
438 3594 513 3663 ε’πεὶ
542 3593 596 3664 οὖν
627 3607 685 3662 τοῦ
714 3593 783 3675 ἑνὸς
804 3580 826 3684 ᾗ
848 3593 882 3662 ἓν
911 3596 969 3662 καὶ
998 3608 1057 3663 τοῦ
1078 3595 1171 3676 ὄντος
1192 3581 1214 3686 ᾗ
1235 3597 1272 3664 δν
1294 3609 1398 3664 ταῦτα

66 3723 70 3732 ·
174 3787 178 3796 .
280 3691 365 3770 κου’
383 3702 467 3768 aaa
497 3701 568 3770 aa
599 3703 716 3791 πεεη,
752 3692 827 3768 ια’
846 3701 902 3784 σεχ
930 3686 953 3792 ᾗ
985 3703 1126 3792 aaa
1157 3705 1177 3792 η
1208 3703 1400 3793 γριμμαιη

280 3819 356 3896 πῦρ,
381 3809 476 3897 δήλου
500 3811 544 3887 ὡς
567 3807 690 3898 ἐκείνης
712 3821 771 3896 τῆς
793 3807 977 3898 ἐπιστήμης
1004 3809 1063 3876 καὶ
1092 3807 1127 3875 τί
1149 3809 1220 3877 ἐστι
1244 3808 1401 3899 γνωρίσαι

280 3914 339 3982 καὶ
362 3917 404 3980 τά
427 3907 644 4004 συμβεβηκότ’
664 3913 785 3993 αὐτοῖς.
802 3953 846 3963 -
862 3913 937 3982 ἐπεὶ
953 3917 1064 4004 ὥσπερ
1080 3915 1150 3983 ἐστὶ
1173 3915 1231 3982 καὶ
1253 3916 1402 4006 ἀριθμοῦ

280 4005 304 4110 ᾗ
326 4021 472 4110 ἀριθμὸς
494 4017 566 4087 ἴδια
590 4020 698 4109 πάθη,
723 4010 791 4087 οἷον
813 4022 1008 4111 περιττότης
1031 4022 1192 4112 ἀρτιότης,
1216 4020 1400 4112 συμμετρία

282 4125 408 4218 ἰσότης,
439 4127 579 4217 όπεροχή
603 4123 765 4215 ἔλλειψις,
796 4125 854 4194 καὶ
882 4139 987 4194 ταῦτα
1017 4128 1075 4194 καὶ
1097 4117 1184 4195 καθ’
1204 4129 1322 4207 αύτούς
1344 4128 1404 4194 καὶ

282 4235 368 4320 πρὸς
408 4233 565 4322 ἀλλήλους
606 4233 744 4322 ὑπάρχει
778 4237 849 4312 τοῖς
883 4233 1060 4321 ἀριθμοῖς·
1117 4233 1238 4319 ὁμοίως
1273 4233 1310 4302 δὲ
1346 4234 1404 4301 καὶ

281 4338 402 4427 στερεῷ
437 4339 493 4406 καὶ
528 4339 669 4428 ἀκινήτῳ
704 4337 761 4405 καὶ
796 4339 971 4428 κινουμένῳ
1006 4341 1122 4428 ἀβαρεῖ
1155 4363 1191 4407 τε
1221 4339 1281 4407 καὶ
1302 4341 1404 4428 βάρος

281 4440 386 4526 ἔχοντι
412 4441 500 4512 ἔστιν
521 4443 615 4533 ἕτερα
638 4441 725 4512 ἴδια·
774 4445 858 4512 ούτω
881 4446 1008 4534 καὶτῷ
1038 4443 1107 4514 δντι
1130 4431 1150 4537 ᾗ
1176 4447 1213 4514 δν
1235 4443 1307 4514 ἐστι
1329 4449 1404 4514 τινὰ
