3130 4980
322 295 377 360 284
838 301 922 354 Plato.

324 460 435 527 πάντα
458 455 528 546 ζηῖα
551 437 640 538 έντδς
663 461 764 527 αὑτοῦ
784 457 974 549 γεγενημένα
997 456 1250 548 περιειληφέναι,
1274 457 1375 546 ταύτῃ
1395 453 1445 524 &a

324 560 405 650 εἶχεν
426 563 595 650 άνομοίως.
641 577 737 634 τοῦτο
760 565 800 656 δή
822 565 861 633 τό
883 566 1087 634 κατάλοιπον
1109 563 1324 652 ἀπειργάζετο
1347 563 1446 630 αὐτοῦ

324 675 410 761 πρὸς
438 674 495 761 τήν
529 681 587 738 τού
615 669 885 758 παραδείγματος
915 671 1185 756 άποτυπούμενος
1207 669 1314 761 φύσιν.
1360 654 1445 759 ᾗπερ

325 777 379 847 οὖν
400 790 472 858 νοῦς
495 776 629 857 ἐνούσας
652 774 744 858 ἰδέας
766 778 814 866 τῷ
837 775 855 844 ὃ
877 774 948 846 ἔστι
971 777 1070 866 ζῷον,
1107 768 1177 844 οἷαί
1206 802 1241 844 τε
1267 773 1368 844 ’ἔνεισι
1389 775 1447 843 καί

325 887 410 968 ὅσαι,
433 885 576 974 καθορᾷ,
600 885 757 964 τοιαύτας
778 883 837 951 καὶ
857 886 1021 963 τοσαύτας
1035 885 1188 974 διενοήθη
1213 885 1281 950 δεῖν
1302 881 1362 950 καὶ
1376 883 1447 950 τόδε

325 997 420 1076 σχεῖν.
466 989 531 1058 εἶσί
553 989 590 1058 δέ
612 991 773 1080 τέτταρες,
796 987 858 1075 μία
881 990 941 1076 μέν
964 989 1112 1080 οὐράνιον
1134 997 1223 1057 θεῶν
1245 988 1343 1075 γένος,
1366 989 1446 1078 άλλη

326 1099 363 1166 δέ
385 1101 508 1188 πτηνὸν
531 1097 589 1164 καὶ
613 1097 806 1185 υίεροπόρον,
842 1096 937 1187 τρίτη
960 1097 997 1164 δέ
1020 1094 1150 1182 ένυδρον
1171 1089 1266 1178 εἶδος,
1289 1097 1391 1179 πεζὸν
1412 1096 1448 1163 δέ

283 1223 300 1264 ii
327 1205 385 1274 καί
405 1209 555 1293 χερσαῖον
578 1203 742 1292 τέταρτον.
774 1243 817 1254 -
851 1214 892 1272 41
907 1208 944 1271 A.
988 1193 1081 1271 Ἐπεὶ
1104 1193 1137 1271 δ’
1156 1200 1211 1270 οὖν
1233 1203 1355 1283 πάντες
1377 1204 1448 1270 ὅσοι

305 1337 362 1396 Ιτε
391 1312 611 1400 περιπολοῦσι
640 1325 788 1400 φανερῶς
818 1309 875 1378 καί
904 1313 977 1378 δσοι
999 1310 1174 1400 φαίνονται
1203 1299 1289 1378 καθ’
1314 1311 1390 1377 δ’σον
1411 1311 1449 1376 δν

326 1417 469 1486 ἐθέλωσι
497 1417 574 1485 θεοὶ
602 1416 723 1503 γένεσιν
751 1414 869 1500 έσχονζ
904 1417 990 1503 λέγει
1019 1420 1105 1506 πρὸς
1132 1415 1247 1496 αὐτούς
1275 1418 1293 1484 ό
1315 1417 1448 1484 τόδετὸ

328 1536 397 1590 πᾶν
418 1525 571 1614 γεννήσας
593 1524 688 1591 τάδε·
721 1524 800 1592 Θεοί
814 1531 911 1606 θεῶν,
935 1520 980 1590 ὧν
995 1525 1057 1611 ἐγὼ
1073 1526 1266 1614 δημιουργὸς
1288 1525 1400 1612 πατήρ
1415 1549 1448 1590 τε

200 1630 305 1726 mii:
331 1627 440 1720 έργων,
475 1665 520 1678 --
554 1669 596 1678 -
631 1628 650 1698 ὃ
684 1629 766 1717 λέγω
801 1633 885 1720 πρὸς
918 1632 1002 1715 ὑμᾶς
1036 1630 1281 1715 ἐνδεικνύμενος,
1315 1629 1448 1714 μάθετε.

327 1738 435 1826 θνητὰ
458 1731 508 1803 έτι
531 1733 603 1826 γένη
635 1738 738 1804 λοιπὰ
772 1727 839 1825 τρί’
865 1737 1029 1827 άγέννητα.
1075 1739 1197 1804 τούτων
1220 1735 1275 1804 οὖν
1295 1739 1341 1822 μὴ
1365 1761 1449 1824 γενο-

327 1841 432 1928 μένων
455 1840 588 1928 οὐρανὸς
611 1842 726 1933 άτελής
748 1840 858 1910 ἔσται·
905 1846 946 1909 τὰ
970 1845 1031 1932 γὰρ
1055 1847 1188 1910 ἅπαντα
1211 1842 1245 1910 έν
1268 1843 1357 1931 αὑτῷ
1380 1841 1449 1932 γένη

298 1945 420 2038 ’ζιβων
443 1949 499 2032 οὐχ
522 1948 596 2031 έξει,
620 1951 671 2016 δεῖ
693 1949 742 2032 δέ,
765 1947 795 2016 εἰ
816 1949 929 2034 μέλλει
951 1949 1058 2030 τέλεος
1082 1948 1202 2030 ἱκανῶς
1224 1943 1317 2018 εἶναι.
1341 1990 1386 2000 -
1409 1987 1449 1999 -

333 2045 435 2123 Ταῦτ’
460 2049 544 2138 εἶπε,
567 2055 625 2123 καὶ
647 2057 751 2122 πάλιν
773 2056 832 2123 ἐπὶ
854 2058 911 2123 τὸν
933 2057 1092 2145 πρότερον
1111 2070 1267 2146 κρατῆρα,
1291 2055 1325 2124 έν
1348 2039 1376 2144 ᾧ
1397 2058 1451 2144 τήν

328 2175 387 2231 τοῦ
408 2165 535 2242 παντὸς
565 2166 672 2254 ψυχήν
694 2165 845 2251 κεραννὺς
868 2160 1009 2250 έμισγε·,
1040 2167 1082 2230 τδι
1111 2177 1176 2230 τῶν
1198 2163 1348 2252 πρόσθεν
1370 2163 1450 2228 ύπό-

329 2271 434 2336 λοιπα
458 2274 623 2352 κατεχεῖτο
639 2268 765 2356 μίσγων
786 2270 911 2358 τρόπον
932 2269 992 2354 μέν
1005 2296 1079 2336 τινα
1103 2273 1159 2338 τὸν
1174 2269 1279 2351 αὐτόν,
1303 2269 1449 2358 άκήρατα

330 2366 365 2443 δ’
383 2374 491 2442 ούκέτι
522 2379 609 2442 κατὰ
637 2376 742 2443 ταύτὰ
773 2377 944 2458 ὡσαύτως,
980 2377 1064 2443 άλλδι
1093 2378 1225 2465 δεύτερα
1255 2375 1313 2443 καὶ
1347 2373 1450 2464 τρίτα.

330 2483 492 2572 ξυστήσας
520 2482 558 2550 δέ
587 2484 625 2550 τὸ
648 2495 717 2550 πᾶν
740 2485 839 2550 διεῖλε
863 2485 970 2572 ψυχάς
1001 2482 1201 2571 ἰσαρίθμους
1228 2486 1298 2562 τοῖς
1321 2481 1452 2569 άστροις

331 2584 437 2672 ένειμέ
458 2577 501 2654 θ’
519 2585 658 2678 ἑκάστην
677 2591 762 2678 πρὸς
783 2589 929 2672 ἕκαστον,
953 2589 1011 2656 καὶ
1034 2591 1217 2676 ἐμβιβάσας
1240 2590 1285 2668 ὡς
1300 2587 1334 2668 ές
1349 2586 1453 2676 όχημα

330 2696 388 2784 τήν
410 2705 469 2762 τοῦ
497 2697 623 2774 παντὸς
653 2697 751 2784 φύσιν
780 2693 907 2778 έδειξεθ,
943 2697 1059 2781 νόμους
1089 2721 1125 2763 τε
1147 2697 1221 2775 τούς
1244 2693 1453 2783 εἱμαρμένους

331 2793 422 2867 εἶπεν
451 2799 584 2883 αὐταῖς,
619 2802 670 2867 ότι
694 2801 814 2888 γένεσις
836 2802 953 2891 πρώτη
981 2802 1041 2887 μέν
1062 2799 1171 2869 έσοιτο
1193 2801 1370 2892 τεταγμένη
1392 2799 1453 2886 μία
1491 2796 1493 2801 ’

332 2918 449 2990 πᾶσιν,
471 2908 526 2973 ἵνα
549 2909 594 2996 μή
617 2931 668 2987 τις
691 2907 862 2975 έλαττοῖτο
885 2898 948 2974 ὑπ’
975 2907 1089 2991 αὐτοῦ,
1120 2907 1188 2976 δέοι
1212 2907 1249 2975 δέ
1271 2907 1454 2997 σπαρείσας

334 3011 435 3091 αύτὰς
464 3009 512 3092 είς
541 3016 583 3079 τὰ
615 3015 822 3104 προσήκοντα
853 3012 1004 3093 ἑκάστοις
1034 3013 1157 3082 ἕκαστα
1191 3012 1312 3103 ’όργανα
1342 3015 1454 3102 χρόνου

336 3129 437 3207 φῦναι
460 3114 551 3206 ζῴων
573 3122 610 3187 τὸ
633 3120 898 3206 θεοσεβέστατον,
923 3122 1044 3210 διπλης
1066 3121 1103 3188 δὲ
1126 3120 1222 3210 α’ύσης
1244 3134 1302 3209 της
1325 3119 1455 3208 άνθρω-

335 3221 434 3314 πίνης
456 3226 584 3314 φύσεως
606 3228 645 3293 τδ
667 3231 813 3315 κρεῖττον
835 3237 982 3306 τοιοῦτον
1003 3223 1053 3316 εἰἠ
1077 3226 1181 3312 γένος,
1217 3223 1235 3293 δ
1257 3225 1316 3293 καὶ
1338 3223 1456 3293 ἔπειτα

335 3332 525 3422 κεκλήσοιτο
549 3332 656 3422 άνήρᾱ.
702 3333 804 3400 ὁπότε
827 3335 866 3422 δή
882 3333 1031 3417 σώμασιν
1047 3332 1279 3421 έμφυτευθεῖεν
1302 3331 1340 3412 ἐξ
1362 3333 1456 3419 άνάγ·

335 3463 410 3526 κης,
445 3437 504 3504 καὶ
532 3439 571 3505 τδ
593 3437 653 3522 μέν
675 3437 811 3527 προσίοι
833 3441 872 3506 τὸ
895 3428 929 3504 δ’
947 3436 1045 3506 άπίοι
1073 3450 1132 3506 τοῦ
1161 3440 1315 3523 σώματος
1343 3439 1456 3520 αὐτῶν,

335 3557 467 3630 πρῶτον
495 3543 555 3628 μέν
577 3541 737 3634 αἴσθησιν
758 3545 935 3631 ἀναγκαῖον
964 3542 1014 3634 εἴη
1044 3543 1124 3629 μίαν
1153 3555 1257 3611 πᾶσιν
1280 3541 1317 3611 ἐκ
1339 3543 1457 3630 βιαίων

335 3650 546 3738 παθημάτων
561 3651 726 3740 ξύμηνυτον
748 3649 927 3738 γίγνεσθαι,
951 3652 1096 3738 δεύτερον
1119 3650 1156 3718 δέ
1178 3650 1277 3740 ήδονή
1299 3650 1357 3717 καὶ
1373 3652 1457 3739 λύπη

334 3753 528 3841 μεμιγμένον
551 3753 667 3843 έρωτα,
691 3759 776 3845 πρὸς
799 3756 836 3824 δὲ
858 3759 987 3835 τούτοις
1009 3757 1113 3846 φόβον
1136 3756 1193 3824 καὶ
1216 3759 1325 3841 θυμὸν
1346 3758 1409 3824 ὅσα
1424 3781 1457 3822 τε

336 3857 481 3946 ἑπόμενα
516 3861 629 3942 αύτοῖς
662 3863 721 3930 καὶ
749 3863 860 3930 ὁπόσα
891 3860 1043 3941 ἐναντίως
1073 3861 1201 3952 πέφυκε
1230 3863 1457 3951 διεστηκόταθ·

336 3963 380 4033 ὧν
402 3965 432 4034 εἰ
453 3967 513 4052 μὲν
536 3970 747 4057 κρατήσειαν,
782 3967 816 4034 έν
845 3968 919 4058 δίκη
947 3970 1120 4053 βιάσαιντο
1127 4020 1136 4051 ,
1170 3967 1390 4057 κρατηθέντες
1423 3965 1458 4033 δέ

191 4073 309 4167 ζζβζβ
337 4072 459 4163 ἀδικίᾳ.
505 4073 564 4140 καὶ
587 4074 606 4140 ό
627 4072 687 4157 μέν
716 4071 750 4140 εὖ
779 4075 835 4141 τδν
861 4076 1067 4163 προσήκοντα
1088 4075 1180 4158 βιοὺς
1206 4073 1319 4162 χρόνον
1357 4073 1458 4139 πάλιν

336 4177 383 4260 είς
405 4182 463 4270 τήν
486 4191 545 4248 τοῦ
566 4179 720 4264 ξυννόμου
749 4179 927 4267 πορευθείς
950 4177 1076 4269 οἴκησιν
1105 4179 1225 4268 ι’ίστρου
1254 4177 1327 4264 βίον
1349 4176 1457 4246 εὐδαί-

335 4310 420 4370 μονα
443 4286 502 4352 καὶ
524 4287 649 4375 συνήθη
672 4284 756 4366 έξοι·
789 4285 940 4375 σφαλεὶς
963 4285 999 4352 δὲ
1014 4287 1135 4353 τούτων
1157 4282 1204 4364 εἰς
1227 4286 1378 4371 γυναικὸς
1397 4285 1458 4374 φύ-

336 4412 389 4458 σιν
418 4390 457 4458 έν-
473 4393 516 4482 τῇ
539 4391 673 4481 δευτέρᾳ
701 4390 821 4478 γενέτα
848 4393 1051 4478 μεταβαλεῖν
1092 4394 1138 4481 μή
1162 4391 1346 4476 παυόμενος
1368 4388 1458 4458 δέέν
