3148 4984
670 349 804 402 Proculus.
1243 347 1296 408 tn?

176 510 248 580 εἶχεν
266 511 308 563 ἀεὶ
326 513 372 564 καὶ
391 510 481 578 ἔλεγεν
500 512 515 562 ὁ
533 515 748 575 θεοσεβέστατος
766 512 841 582 ἀνήρ,
861 511 904 562 ότι
924 511 972 562 τόν
991 512 1148 581 φιλόσοφον
1167 513 1297 582 προσήκει

177 600 209 652 οὐ
226 609 295 668 μιας
314 619 387 660 τινος
405 600 509 660 πόλεως
533 599 598 652 οὐδὲ
624 609 677 652 τῶν
695 594 764 671 παρ’
782 601 865 659 ίνίοις
883 604 1008 668 πατρίων
1026 599 1096 652 εἶναι
1115 601 1296 672 θεραπευτήν,

176 690 252 760 κοινῇ
271 687 302 740 δὲ
323 697 372 740 τοῦ
391 688 455 740 δλου
473 687 581 759 κόσμου
601 689 772 760 ἱεροφάντην.

247 775 275 833 (l.
298 774 335 830 Cf.
354 774 449 829 Maria,
468 775 500 830 V.
519 775 603 829 Procl.
624 775 659 829 22
677 777 747 835 κατὰ
767 778 869 843 ταύτην
886 777 947 843 (τὴν
961 774 1078 848 σοφίαν)
1098 777 1133 842 δὴ
1152 778 1297 849 ίνεργῶνδ

176 866 331 936 φιλόσοφος
356 875 452 918 πᾶσαν
473 867 528 934 μέν
551 868 701 934 θεολογίαν
725 864 863 931 ἑλληνικίην
888 884 915 918 τε
935 869 981 918 καλ
999 866 1166 938 βαρβαρικὴν
1183 869 1230 917 καὶ
1249 865 1297 930 τὴν

174 959 307 1022 μυθικοῖς
329 957 495 1026 πλάσμασιν
517 954 746 1026 έπισκιαζομένην
769 953 882 1007 κατεῖδέ
903 971 931 1007 τε
956 953 1058 1027 ῥηιδίως
1082 958 1128 1006 καλ
1154 960 1212 1014 τοῖς
1235 953 1296 1007 ίθέ-

175 1045 257 1096 λὸυσί
280 1061 308 1096 τε
332 1046 379 1097 καὶ
403 1043 571 1114 δυναμένοις
594 1047 767 1097 συνέπεσθαι
792 1047 830 1103 εἰς
849 1053 907 1114 φῶς
925 1047 1040 1112 ἤγαγεν,
1069 1043 1251 1116 ἐξηγούμενός
1269 1061 1297 1096 τε

176 1133 268 1184 πάντα
287 1133 583 1202 ἐνθουσιαστικώτεραν
600 1137 647 1185 καὶ
665 1137 704 1192 είς
722 1136 891 1204 συμφωνίαν
910 1136 998 1201 ίίγων·
1026 1141 1097 1186 πᾶσι
1116 1131 1147 1186 δὲ
1167 1138 1224 1192 τοῖς
1243 1142 1297 1184 τῶν

176 1223 366 1292 παλαιοτέρων
384 1223 605 1294 συγγράμμασιν
629 1221 744 1282 ἐπεξιὼν
762 1221 829 1274 ὅσον
845 1221 899 1292 μὲν
918 1219 950 1288 ἦν
969 1217 1037 1294 παρ’
1056 1223 1151 1288 αὐτοῖς
1169 1222 1296 1294 γόνιμον,

176 1319 257 1362 τοῦτο
274 1306 338 1380 μετ’
355 1311 515 1383 ἐπικρίσεως
539 1315 717 1374 εἰσεποιεῖτο,
746 1315 771 1363 εί
794 1309 828 1363 δέ
844 1329 871 1362 τι
895 1311 1041 1382 άνεμιαῐον
1064 1311 1186 1382 ηὕρισκε,
1215 1320 1297 1363 τοῦτο

176 1401 266 1470 πάντη
281 1401 316 1460 ὡς
328 1409 430 1472 μῶμον
444 1401 661 1470 ἀπῳκονομεῐτο,
681 1401 715 1452 τά
735 1399 770 1452 δέ
782 1417 813 1468 γε
830 1401 997 1460 ὑπεναντίως
1016 1400 1116 1469 ἔχοντα
1135 1405 1193 1459 τοῖς
1210 1403 1297 1460 καλῶς

176 1493 281 1541 τεθεῖσι
298 1491 370 1560 μετά
390 1491 490 1555 πολλῆς
506 1491 632 1555 βασάνου
651 1489 837 1556 ἀγωνιστικῶς
851 1488 1002 1558 διήλεγχεν,
1022 1490 1052 1542 ἔν
1070 1508 1098 1542 τε
1118 1495 1178 1548 ταῖς
1197 1503 1296 1542 συνου-

177 1581 250 1636 σίαις
268 1577 393 1637 δυνατῶς
412 1579 472 1648 άμα
490 1581 537 1630 καὶ
557 1588 654 1648 σαφῶς
672 1579 917 1650 ἔπεξεργαζόμενος
930 1577 1034 1632 ἕκαστα
1047 1581 1094 1632 καὶ
1108 1579 1138 1631 ἐν
1152 1581 1297 1650 συγγράμ·

175 1683 263 1737 μασιν
282 1667 395 1719 ἅπαντα
408 1667 661 1736 καταβαλλόμενος·
682 1669 834 1736 φιλοπονίᾳ
854 1669 909 1739 γάρ
924 1668 1033 1738 ἀμέτρῳ
1048 1669 1225 1738 χρησάμενος
1238 1667 1297 1734 ἔξη-

175 1759 252 1822 γεῖτο
276 1763 322 1821 τῆς
347 1756 429 1822 αὐτῆς
447 1756 549 1828 ἡμέρας
567 1759 662 1818 πέντε,
689 1756 732 1808 ότὲ
753 1755 783 1808 δὲ
802 1760 849 1808 καὶ
868 1758 980 1816 πλείους
999 1759 1111 1826 πράξεις
1128 1759 1175 1808 καὶ
1194 1756 1297 1829 ἔγραφε

176 1846 288 1912 στίχους
307 1845 341 1896 τὰ
360 1843 448 1896 πολλὰ
467 1845 543 1915 ἀμφὶ
562 1845 624 1904 τοὺς
638 1843 827 1904 ἑπτακοσίους.
856 1842 894 1896 Ex
912 1843 987 1898 libris
1005 1843 1085 1898 multi
1098 1843 1297 1906 interciderunt,

162 1929 221 1982 ‘sed
239 1930 318 1983 multi
335 1931 415 1984 etiam
434 1935 590 2000 supersunt,
615 1931 686 1984 inter
710 1948 776 2001 quos
800 1931 994 2001 philosophiam
1013 1931 1108 1984 donent
1131 1931 1297 2000 potissimum

176 2019 354 2072 eommentarii
372 2020 529 2090 scriptorum
546 2020 749 2074 Platoninorum.
787 2019 853 2074 Cum
877 2023 984 2074 tantem
1010 2037 1115 2090 operam
1133 2019 1162 2073 in
1180 2019 1297 2088 antiquis

174 2106 273 2160 litteris
299 2107 434 2161 tradendis
457 2112 485 2162 et
508 2109 714 2178 interpretandis
732 2109 911 2175 eollocaverit,
936 2109 1033 2162 mirum
1059 2112 1101 2162 est
1119 2108 1188 2178 quod
1206 2112 1298 2162 narrat

175 2196 269 2250 Marin.
287 2197 318 2250 V.
337 2197 421 2250 Procl.
441 2198 491 2252 38:
511 2201 603 2252 εἰώθει
622 2199 652 2252 δὲ
672 2201 803 2258 πολλάκις
821 2203 867 2251 καὶ
886 2209 969 2252 τοῦτο
987 2201 1076 2267 λέγειν
1094 2199 1144 2262 ὅτι,
1163 2200 1255 2270 κύριος
1274 2203 1298 2251 εἰ

176 2285 216 2354 ἦν,
234 2288 309 2357 μόνα
328 2289 363 2338 δν
381 2297 435 2339 τῶν
455 2289 578 2359 ἀρχαίων
597 2289 728 2340 ἁπάντων
745 2291 857 2354 βιβλίων
875 2289 990 2341 ἐποίουν
1011 2291 1148 2360 φέρεσθαι
1168 2287 1201 2340 τά
1216 2289 1297 2356 λόγια

175 2380 221 2428 καὶ
247 2377 295 2427 τὸν
317 2379 450 2444 Τίμαιον,
477 2377 511 2429 τά
532 2376 563 2429 δὲ
590 2379 658 2428 ίίλλα
677 2371 809 2448 ἠφάνιζον
834 2377 862 2430 ἐκ
881 2388 935 2429 τῶν
954 2385 1004 2428 νῦν
1023 2375 1179 2448 ἀνθρώπων
1198 2375 1246 2429 διὰ
1267 2377 1297 2428 τὸ

176 2469 222 2517 καὶ
240 2467 415 2532 βλάπτεσθαι
434 2467 523 2526 ένίους
541 2475 595 2518 τῶν
613 2467 669 2538 εἰκῇ
688 2469 734 2519 καὶ
749 2467 940 2532 ἀβασανίστως
954 2467 1177 2536 ἐντυγχανόντων
1197 2467 1296 2524 αὐτοῖς.

176 2552 265 2606 Simile
288 2553 388 2608 dietum
412 2556 455 2606 est
472 2553 609 2606 Iamblichi
628 2554 659 2607 de
678 2555 799 2624 operibus
817 2553 945 2619 Platonis,
970 2553 1040 2623 quod
1058 2554 1153 2622 probat
1171 2553 1297 2606 Proculus

176 2641 203 2696 in
219 2643 303 2698 Alnss
321 2661 347 2713 p.
358 2643 391 2697 11
403 2642 445 2697 Cr.
463 2659 488 2712 p.
499 2642 532 2696 27
543 2641 600 2698 Cn:
620 2646 635 2696 ό
653 2649 730 2704 θεῖος
745 2640 901 2716 ’ίάμβλιχος
920 2671 953 2682 -
973 2643 1003 2696 ίν
1021 2643 1088 2696 δέκα
1107 2643 1250 2710 διαλόγοις
1263 2671 1297 2680 -

177 2737 263 2786 οἴεται
289 2734 338 2798 τὴν
356 2734 422 2799 ὅλην
446 2741 496 2784 τοι)
520 2735 670 2792 Πλάτωνος
694 2737 872 2802 περιέχεσθαι
897 2735 1075 2802 φιλοσοφίαν.
1112 2729 1211 2782 Tim.1
1235 2747 1260 2798 p.
1280 2729 1297 2784 5

176 2819 237 2874 Bas,
257 2821 292 2875 10
305 2819 383 2874 Schn.
404 2822 492 2892 ὀρθῶς
512 2823 564 2892 ίίρα
588 2825 674 2892 φησὶν
698 2823 807 2880 ὁθεῑος
823 2817 979 2892 Ἰάμβλιχος
1003 2821 1051 2885 τὴν
1070 2820 1134 2886 ὃλην
1152 2829 1201 2872 τοῦ
1221 2823 1297 2872 ΙΙλά-

177 2929 261 2970 τωνος
279 2915 400 2980 θεωρίαν
417 2909 447 2962 έν
465 2915 523 2969 τοῖς
542 2909 595 2962 δύο
620 2911 728 2969 τούτοις
747 2914 927 2981 περιέχεσθαι
946 2909 1101 2977 διαλόγοις,
1126 2913 1234 2980 Τιμαίῳ
1252 2913 1298 2960 καὶ

178 2999 349 3071 Παρμενίδη.

128 3137 167 3178 ⁵³²
243 3121 325 3185 Plat.
335 3121 441 3185 Theol.
453 3120 496 3184 12
506 3140 535 3202 p.
545 3127 562 3184 2
573 3119 609 3184 P.
631 3108 824 3204 Ἀναγκαῖον
837 3119 873 3184 δέ
889 3117 959 3184 ἐστι’
969 3143 1026 3200 μοι
1040 3115 1096 3183 καὶ
1108 3119 1164 3184 τὸν
1175 3119 1299 3204 τρόπον
1325 3133 1428 3228 affin·

178 3225 343 3293 ἐκθέσθαι
370 3239 428 3314 της
451 3224 664 3313 προκειμένης
687 3223 918 3306 διδασκαλίας,
952 3225 1068 3290 ὁποῖόν
1097 3250 1171 3289 τινα
1201 3223 1298 3290 αὐτὸν

177 3327 313 3398 ἔσεσθαι
336 3333 523 3420 προσδοκᾶν
537 3333 596 3419 χρὴ
618 3333 693 3409 τοὺς
708 3329 973 3417 ἀκροασομένους,
998 3331 1082 3396 καὶ1
1106 3332 1163 3418 τὴν
1184 3355 1297 3416 παρα-

177 3441 291 3528 σκευὴν
306 3435 546 3526 ἀφορίσασθαι,
570 3427 657 3504 καθ’
675 3435 713 3528 ἣν
728 3437 764 3504 οδ
781 3439 864 3526 πρὸς
886 3439 961 3516 τοὺς
984 3435 1156 3525 ἡμετέρους
1174 3437 1296 3522 λόγους,

177 3545 260 3611 ἀλλά
289 3548 374 3632 πρὸς
404 3547 461 3634 τὴν
484 3545 666 3633 ὑψηλόνουν
696 3543 753 3610 καὶ
782 3540 894 3610 ένθεον
916 3555 974 3611 τοῦ
997 3543 1177 3620 Πλάτωνος
1200 3543 1297 3630 φιλο·

177 3649 297 3739 σοφίαν
320 3649 514 3740 ἐπιτηδείως
537 3648 659 3732 ἔχοντες
675 3649 928 3739 ἀπαντήσονται.
954 3688 995 3698 -
1020 3647 1053 3716 έν
1076 3651 1183 3714 ἀπασι
1207 3649 1297 3715 δὲτὸ

177 3755 281 3845 σαφὲς
293 3757 351 3822 καὶ
366 3755 611 3846 διηρθρωμένον
626 3755 682 3822 καὶ
698 3757 824 3821 ἀπλοῦν
839 3755 1051 3844 προθήσομεν
1065 3768 1130 3819 τῶν
1145 3751 1298 3819 ἐναντίων

176 3865 218 3928 τὰ
246 3863 306 3946 μέν
329 3863 385 3928 διὰ
408 3863 579 3948 συμβόλων
603 3861 853 3948 παραδεδομένα
875 3859 1148 3945 μεταβιβάζοντες
1171 3857 1218 3938 εἰς
1240 3863 1297 3948 τὴν

177 3967 293 4058 έναργη
316 3967 393 4056 περὶ
416 3968 522 4035 αὐτῶν
545 3964 774 4048 διδασκαλίαν,
804 3971 845 4033 τὰ
869 3967 905 4034 δέ
928 3957 975 4033 δι’
994 3965 1125 4033 εἰκόνων
1148 3965 1297 4050 ἀναπέμ-

178 4099 294 4154 ποντες
316 4074 374 4142 ἐπὶ
398 4077 440 4140 τὰ
464 4075 605 4162 σφέτερα
628 4072 891 4162 παραδείγματα,
916 4073 973 4140 καὶ
996 4075 1038 4138 τὰ
1059 4071 1119 4156 μέν
1142 4073 1297 4160 ἀποφαν-

177 4183 351 4267 τικόιτερον
366 4180 632 4269 ἀναγεγραμμένα
655 4185 725 4258 τοῖς
746 4193 803 4268 της
825 4177 936 4258 αἰτίας
957 4176 1185 4265 βασανίζοντες
1208 4178 1297 4264 λογι-

177 4305 391 4316 ι----.---.

249 4379 277 4443 1)
292 4379 347 4451 χρὴ
366 4379 429 4438 τοὺς
443 4379 677 4450 ἀκροασαμένους,
696 4381 742 4430 καὶ
761 4381 817 4429 121²:
833 4377 894 4446 χρή.
914 4379 960 4428 καλ
975 4377 1074 4428 τούτου
1088 4377 1299 4447 ἀκροασάμενον

176 4465 281 4520 Portus.
