3130 4980
306 337 361 400 280
823 347 909 402 Plato.

309 504 337 564 δς
362 506 397 556 όν
422 505 653 577 τυραννικώτατος
676 507 714 558 ὢν
741 507 843 560 ἑαυτοῦ
871 525 899 560 τε
924 508 985 560 ὅτι
1011 510 1135 579 μάλιστα
1162 512 1280 580 τυραννῇ
1307 513 1354 562 καὶ
1383 519 1428 576 τῆς

308 595 416 654 πόλεως.

159 815 280 876 οοιυαιίεὶο

168 887 271 928 bonorum

373 842 449 923 Leg.
472 842 502 904 V
529 851 591 907 739
604 842 640 904 Β.
686 843 809 930 Πρώτη
843 841 903 926 μὲν
936 841 1042 910 τοίνυν
1076 842 1175 921 πόλις
1205 841 1241 908 τέ
1270 841 1339 908 ἐστι
1370 841 1470 908 καίειν

306 945 458 1014 πολιτεία
489 945 547 1012 καί
579 947 672 1030 νόμοι
702 947 848 1035 ύριστοι,
883 951 968 1016 όπου
999 951 1037 1016 τὸ
1061 949 1169 1015 πύλαι
1199 949 1366 1034 λεγόμενον
1388 949 1426 1014 δν

305 1052 452 1141 γίγνηται
476 1055 562 1118 κατὰ
585 1063 698 1119 πᾶσαν
721 1057 778 1142 τήν
801 1055 900 1122 πόλιν
922 1057 989 1122 ὅτι
1004 1056 1164 1139 μάλιστα
1189 1055 1315 1141 λέγεται
1331 1054 1368 1122 δέ
1383 1056 1426 1133 ὡς

304 1157 404 1237 όντως
435 1157 505 1224 ἐστί
535 1161 628 1224 κοινὰ
656 1161 699 1224 τὰ
722 1157 855 1247 φίλων.
901 1150 992 1226 τοῦτ’
1011 1159 1064 1227 οὖν
1087 1158 1151 1227 ε’ίτε
1175 1185 1240 1227 που
1264 1171 1316 1226 νῦν
1339 1158 1425 1227 ἐστιν

305 1255 365 1331 εἴτ’
384 1262 477 1330 ἐσται
501 1264 599 1346 ποτέ,
623 1269 733 1345 κοινὰς
754 1266 814 1349 μέν
837 1270 999 1352 γυναῖκας,
1031 1269 1156 1345 κοινοὺς
1179 1266 1215 1333 δέ
1237 1260 1318 1333 εἶναι
1342 1271 1424 1332 παῖ-

305 1373 373 1451 δας,
397 1375 491 1437 κοινοὶ
503 1371 540 1438 δέ
554 1374 704 1460 χρήματα
720 1372 903 1456 ξύμπαντα,
927 1371 977 1439 κεῖ
992 1378 1002 1413 ¹
1019 1373 1111 1462 πόση
1126 1373 1254 1462 μηχανῇ
1275 1375 1313 1439 τὸ
1337 1373 1424 1458 λεγό-

305 1502 398 1560 μενον
427 1473 512 1544 ῖδιον
543 1479 753 1560 πανταχόθεν
777 1478 814 1544 ἐκ
836 1491 894 1545 τοῦ
915 1477 989 1564 βίον
1013 1482 1105 1544 δι’παν
1128 1475 1292 1568 ἐξῄρηται,
1322 1503 1423 1566 μεμη-

302 1582 441 1670 χάνηται
471 1573 505 1649 δ’
524 1581 570 1663 είς
591 1587 630 1650 τὸ
654 1586 791 1651 δυνατὸν
819 1583 878 1651 καί
900 1588 942 1650 τὰ
965 1587 1060 1673 φύσει
1088 1582 1159 1651 ῖδια
1183 1587 1276 1652 κοινὰ
1298 1584 1368 1673 ἁμῇ
1390 1583 1424 1669 γέ

305 1715 352 1776 πη
371 1689 541 1775 γεγονέναι,
567 1681 634 1756 οἷον
653 1688 786 1774 ύμματα
802 1691 860 1756 καί
883 1689 953 1756 ὦτα
973 1691 1030 1756 καί
1044 1695 1155 1779 χεῖρας
1169 1693 1263 1757 κοινὰ
1274 1689 1334 1774 μὲν
1348 1691 1424 1776 δρᾶν

305 1796 411 1860 δοκεῖν
422 1795 478 1862 καί
493 1797 618 1863 ἀκούειν
634 1797 691 1863 καί
703 1797 869 1884 πράττειν,
883 1797 1030 1864 ἐπαινεῖν
1042 1823 1077 1864 τε
1090 1795 1131 1863 αὖ
1143 1797 1201 1863 καί
1214 1796 1326 1882 ψέγειν
1338 1786 1421 1862 καθ’

304 1897 338 1966 ἐν
361 1903 380 1966 δ’
401 1927 434 1968 τι
456 1903 602 1986 μάλιστα
632 1904 826 1987 ξύμπαντας
856 1901 915 1970 ἐπί
939 1909 1009 1982 τοῖς
1040 1903 1151 1982 αὐτοῖς
1172 1901 1346 1989 χαίροντας
1368 1902 1424 1968 καί

304 2008 538 2092 λυπουμένους,
574 2011 660 2075 κδίν2
683 2013 769 2075 κατὰ
805 2012 940 2094 δύναμιν
975 2012 1093 2088 οἵτινες
1123 2011 1215 2094 νόμοι
1242 2007 1324 2092 μίαν
1353 2010 1425 2074 ὅτι
1464 2031 1467 2038 “

302 2115 448 2198 μάλιστα
477 2117 575 2182 πόλιν
604 2117 853 2204 ἀπεργάζονται,
883 2118 1017 2182 τούτων.
1033 2117 1198 2205 ὑπερβολή
1219 2101 1319 2204 <ᾖ>8
1342 2117 1425 2202 πρὸς

304 2219 428 2310 αἱρετήν,
452 2220 555 2300 οὐδείς
578 2247 660 2288 ποτε
683 2223 757 2309 δρον
780 2222 878 2288 ύλλον
900 2221 1038 2306 θέμενος
1054 2221 1229 2311 ὀρθότερον
1254 2219 1329 2287 ούδέ
1342 2222 1423 2305 -βελ-

303 2325 364 2392 τίω
393 2329 544 2416 θήσεται.
597 2331 617 2416 η
645 2328 705 2412 μὲν
735 2329 774 2416 δὴ
803 2331 939 2418 τοιαύτη
969 2329 1084 2408 πόλις,
1117 2324 1182 2394 εῖτε
1210 2353 1276 2394 που
1307 2326 1425 2415 θεοίή

304 2435 424 2511 παῖδες
453 2439 540 2500 θεῶν
571 2433 669 2522 αὐτὴν
699 2431 823 2500 οἰκοῦσι
853 2433 988 2514 πλείους
1017 2431 1100 2514 ἑνός,
1137 2435 1220 2499 οὕτω
1252 2433 1425 2513 διαζῶντες

303 2538 547 2627 εὐφραινόμενοι
571 2551 776 2606 κατοικοῦσι·
823 2542 875 2607 διὸ
898 2542 937 2629 δή
961 2540 1172 2628 παράδειγμά
1195 2563 1229 2624 γε
1253 2536 1424 2616 πολιτείας

303 2645 360 2712 οὐκ
383 2645 463 2734 δίλλη
485 2648 544 2734 χρὴ
567 2651 718 2727 σκοπεῖν,
750 2636 825 2712 ἀλλ’
844 2645 1011 2730 ἐχομένους
1042 2647 1162 2734 ταύτης
1183 2648 1241 2734 τὴν
1263 2646 1282 2710 ό
1303 2670 1336 2710 τι
1358 2645 1425 2728 μό·

302 2753 400 2818 λιστα
423 2753 574 2840 τοιαύτην
598 2752 705 2840 ζητεῖν
728 2755 813 2818 κατὰ
838 2745 998 2835 δύναμινῑ).

375 2962 403 3001 ε.
423 2946 600 3014 Pythagoreos
629 2946 701 3011 dicit,
729 2965 753 3000 v.
772 2953 815 3000 BP
834 2949 899 3001 47³.
945 2946 987 3000 Ad
1015 2963 1070 2999 rem
1098 2946 1130 2999 cf.
1155 2945 1220 3014 Βερ.
1240 2944 1265 2997 V
1287 2943 1368 2998 4620
1397 2948 1425 2998 ἐν

304 3025 375 3110 ᾗτινι
394 3035 429 3101 δή
448 3037 526 3089 πόλει
545 3039 670 3088 πλεῖστοι
689 3039 736 3088 ἐπὶ
756 3039 787 3088 τὸ
807 3039 874 3088 αὐτὸ
891 3038 961 3089 κατὰ
981 3037 1069 3088 ταύτὰ
1084 3043 1166 3088 τοῦτο
1180 3038 1292 3103 λέγουσι
1311 3035 1343 3085 τὸ
1357 3034 1426 3104 ἐμὸν

303 3129 349 3178 καὶ
373 3126 405 3176 τὸ
430 3126 479 3177 οὐκ
503 3127 584 3196 ἐμόν,
612 3126 679 3191 αὕτη
705 3128 804 3197 ίίριστα
828 3125 978 3178 διοικεῖται.
1006 3154 1040 3162 -
1067 3128 1125 3176 Καὶ
1149 3125 1206 3190 ἥτις
1231 3123 1267 3188 δὴ
1284 3124 1425 3191 ἐγγύτατα

303 3215 364 3272 ἑνὸς
383 3215 534 3286 ἀνθρώπου
552 3214 615 3283 ἔχει,
637 3207 696 3266 οἷον
715 3214 782 3265 ὅταν
802 3233 857 3266 που
876 3215 952 3282 ἡμῶν
971 3212 1105 3272 δάκτυλός
1123 3231 1173 3264 του
1193 3213 1290 3283 πληγῇ,
1311 3220 1391 3264 πᾶσα
1409 3212 1425 3276 ἦ

302 3307 432 3356 κοινωνία
451 3303 467 3367 ἡ
484 3303 554 3354 κατὰ
574 3303 606 3353 τὸ
625 3313 706 3373 σῶμα
725 3303 794 3372 πρὸς
812 3302 861 3366 τήν
879 3301 972 3369 ψυχὴν
991 3304 1125 3371 τεταμένη
1150 3304 1188 3359 εἰς
1204 3305 1275 3370 μίαν
1294 3300 1426 3358 σύνταξιν

304 3392 352 3456 τὴν
370 3401 420 3442 τοῦ
439 3393 572 3462 ἄρχοντος
591 3392 620 3442 ἐν
639 3391 707 3462 αὐτῇ
726 3384 828 3461 ᾔσθετό
847 3407 874 3442 τε
898 3392 945 3442 καὶ
964 3397 1042 3442 πᾶσα
1067 3389 1127 3459 ἅμα
1152 3389 1300 3456 ξυνήλγησε
1324 3391 1425 3457 μέρους

303 3481 478 3544 πονήσαντος
505 3478 559 3543 ὅλη.
596 3475 635 3528 Ex
658 3476 835 3529 communione
859 3475 985 3528 bonorum
1009 3476 1160 3528 eximuntur
1178 3473 1281 3544 opifices
1304 3474 1370 3543 Rep.
1388 3473 1425 3526 IV

303 3565 386 3618 4210
401 3582 455 3634 sq.:
474 3567 504 3616 at
521 3565 582 3632 Leg.
602 3564 667 3616 VIII
685 3565 772 3618 8461)
787 3581 824 3634 οη.
844 3579 966 3631 agrorum
981 3563 1086 3616 cultura
1104 3562 1283 3616 miIItantibus
1300 3561 1425 3632 imposita

303 3653 405 3722 opificia
424 3653 457 3705 ad
475 3653 626 3722 peregrinos
645 3653 804 3721 relegantur.
830 3661 832 3666 ’

374 3795 404 3850 b.
431 3795 470 3850 Of.
488 3795 553 3865 Rep.
572 3796 611 3848 IX
634 3793 721 3849 592A
756 3798 786 3850 ἐν
804 3785 820 3868 ᾖ
839 3805 889 3847 νῦν
906 3795 1061 3866 διήλθομεν
1079 3795 1223 3854 οἰκίζοντες
1242 3795 1321 3846 πόλει
1339 3796 1425 3862 λέγεις

302 3887 357 3950 (ὅτι
378 3889 393 3938 ὁ
412 3895 479 3938 νοῦν
497 3887 567 3956 ἔχων
586 3887 620 3937 τὰ
640 3886 766 3938 πολιτικὰ
786 3885 908 3950 ἐθελήσει
928 3871 1072 3954 πρύττειν)Δ
1088 3886 1120 3954 τῇ
1137 3883 1168 3935 ἰν
1192 3882 1285 3950 λόγοις
1307 3885 1424 3953 κειμένη,

303 3977 363 4033 ἐπεὶ
382 3983 431 4044 γῆς
449 3993 480 4043 γε
500 3975 631 4045 οὐδαμοῦ
649 3973 728 4042 οἶμαι
748 3973 832 4038 αὐτὴν
850 3971 927 4025 εἶναι.
963 3966 1045 4034 Ἀλλ’,
1072 3969 1105 4036 ἦν
1123 3965 1154 4022 δ’
1176 3969 1243 4037 ἐγώ,
1270 3971 1300 4021 ἐν
1318 3971 1425 4040 οὐρανῷ

304 4069 368 4124 ἴσως
397 4063 578 4137 παράδειγμα
603 4063 744 4114 ἀντίκειται
774 4064 811 4130 τῷ
838 4062 996 4130 βουλομένῳ
1024 4061 1091 4130 ὁρᾶν
1124 4061 1171 4111 καὶ
1201 4059 1298 4130 ὁρῶντι
1326 4057 1426 4109 ἑαυτὸν

303 4239 517 4246 ..ι--

376 4319 402 4424 1)
421 4368 461 4416 τε
479 4319 565 4415 men:
583 4321 630 4414 ιιι
648 4317 719 4430 ως.
739 4387 772 4400 -
797 4361 825 4425 ε)
842 4364 895 4414 κει
913 4358 999 4412 Diels:
1018 4361 1066 4412 ιιι
1083 4358 1153 4426 vulg.
1173 4387 1206 4398 -
1232 4358 1260 4422 3>
1278 4352 1294 4432 ᾗ
1313 4357 1426 4412 inseruit

304 4448 385 4501 Diels,
897 4458 899 4463 “
