3148 4984
761 321 951 392 Neoputonsei.

670 482 791 558 Schola
818 482 1040 558 Atheniensis.

161 782 268 828 ΡΜ·
364 781 488 849 Suidas
536 781 688 868 Πρόκλος
710 781 728 846 ὁ
750 782 907 862 Λύκιος“,
936 781 1091 869 μαθητὴς
1114 785 1287 867 Συριαυοῦ,
1317 779 1472 846 deoc-⁵⁸⁸
1555 767 1557 794 ³

295 890 372 976 στῆς
395 887 432 954 δὲ
455 886 512 954 καὶ
532 888 744 974 Πλουτάρχου
767 897 824 954 τοῦ
840 883 1019 972 Νυσυορίυυ
1042 897 1099 952 τοῦ
1122 885 1336 975 φιλοσόφυυῑ),
1359 883 1418 951 καὶ

296 994 393 1074 αὐτὸς
409 995 591 1083 φιλόσοφος
602 994 825 1072 Πλατωνικός.
856 988 949 1071 οὗτος
972 991 1116 1081 προέστη
1133 1006 1191 1081 της
1213 979 1419 1080 &Mattiacas

295 1101 477 1190 φιλοσόφου
500 1101 631 1188 σχολῆς·
655 1098 712 1166 καὶ
736 1099 835 1168 αὐτοῦ
855 1101 1011 1188 μαθητής
1035 1099 1092 1166 καὶ
1120 1099 1269 1182 διάδοχος
1289 1123 1418 1187 χρημα.

295 1205 376 1288 τίζει
393 1211 544 1294 Μαρῖυος
565 1203 836 1295 humanusque
867 1202 993 1293 ἔγραψε
1009 1206 1097 1272 πάνυ
1121 1205 1232 1274 πολλὰ
1248 1204 1417 1292 φιλόσοφά

295 1337 331 1400 aa
353 1313 410 1380 καὶ
433 1313 671 1400 γραμματικάᾶ.

366 1421 453 1474 Procli
471 1437 548 1490 opera
565 1421 609 1487 (de
627 1420 724 1487 libert,
743 1420 851 1490 provid,
870 1420 953 1482 malo;
973 1420 1000 1474 in
1018 1419 1112 1486 Aleia,
1131 1419 1229 1484 Perm.)
1246 1418 1287 1472 ed.
1305 1417 1337 1472 V.
1352 1416 1419 1472 Cou-

297 1511 346 1576 sin,
365 1509 424 1566 Par.
436 1509 585 1564 1820-27.
622 1509 703 1562 Initia
721 1509 816 1578 philos.
836 1509 906 1562 Plat.
926 1526 947 1562 s.
962 1508 1048 1562 Procli
1066 1506 1310 1562 inPlet.Alcibiad.
1325 1523 1418 1561 comm.

296 1601 324 1651 et
341 1595 464 1652 Institut.
490 1597 604 1665 theolog.
629 1597 670 1652 ed.
690 1596 816 1664 Creuzer,
835 1595 953 1652 Francos.
973 1595 1123 1652 1820-27.
1160 1596 1298 1650 Institutio
1316 1596 1418 1666 physic.

295 1687 336 1740 ed.
354 1685 435 1740 Basil.
456 1685 534 1740 1545.
571 1685 669 1741 Comus.
688 1686 716 1740 in
734 1686 804 1741 Plat.
819 1687 957 1756 Rempubl.
976 1687 1075 1757 partim
1093 1685 1133 1740 ed.
1153 1685 1185 1739 R.
1205 1685 1315 1752 Schoell,
1330 1683 1417 1739 Berol.

296 1775 381 1842 1886;
403 1775 431 1828 iu
450 1770 585 1829 Ilmeeum
603 1775 643 1829 ed.
662 1774 812 1842 Schneider,
835 1775 945 1830 Vratisl.
967 1776 1049 1842 1847;
1076 1775 1105 1828 in
1123 1774 1242 1828 Parmen.
1261 1775 1301 1828 ed.
1321 1771 1417 1828 Stallh.

295 1864 366 1934 lupe.
386 1865 468 1930 1841;
487 1865 514 1918 iu
533 1862 632 1932 Cratyl.
651 1865 691 1919 ed.
711 1864 880 1932 Boiesonede,
898 1865 969 1934 Lips.
985 1865 1064 1920 1820.
1093 1863 1235 1932 Theologia
1252 1863 1356 1918 Platon.
1376 1863 1417 1919 ed.

295 1952 400 2020 Portus,
419 1952 514 2008 Hamb.
535 1955 613 2009 1618.
633 1984 667 1993 -
687 1953 856 2024 Scripseram
874 1954 906 2008 de
923 1953 1046 2008 Proculo:
1064 1952 1202 2006 Steinhart
1219 1953 1247 2006 in
1260 1953 1354 2021 Paulyi
1367 1952 1418 2006 En-

295 2042 391 2112 cyclop.
411 2041 449 2094 VI
468 2043 503 2096 62
513 2060 551 2112 sq.
588 2042 781 2110 Iheudeuthal,
808 2043 922 2098 Hermes
944 2042 1008 2095 XVI
1030 2043 1123 2108 (1881)
1147 2042 1199 2096 201
1211 2059 1249 2112 sq.
1286 2041 1419 2095 Vacherot

294 2129 322 2182 11
340 2129 491 2186 210-883.
529 2131 555 2186 Z.
574 2128 669 2185 1112⁸
688 2131 837 2187 774-826.

367 2233 395 2274 a.
414 2219 459 2272 Ita
475 2220 672 2290 appellabatur,
701 2220 763 2290 quia
781 2223 904 2290 parentes
928 2219 984 2272 eius
1002 2236 1034 2273 ex
1051 2218 1130 2287 Lycia
1154 2219 1276 2288 prognati
1295 2225 1372 2273 erant
1390 2223 1418 2274 et

294 2307 351 2378 ipse
368 2307 471 2362 Xanthi
492 2309 521 2362 in
539 2309 619 2378 Lycia
642 2309 756 2379 primum
781 2309 917 2362 educatus.
954 2307 1043 2362 Natus
1062 2325 1121 2361 vero
1139 2307 1196 2378 ipse
1214 2311 1272 2362 erat
1290 2307 1419 2363 Constan-

296 2397 408 2468 tiuopoli
424 2400 459 2464 (v.
478 2397 573 2453 Maria.
591 2398 647 2452 Vit.
666 2398 750 2454 Procl.
770 2399 798 2464 6)
816 2414 840 2452 a
854 2399 917 2466 410,
935 2414 996 2452 nam
1015 2401 1135 2452 mortuus
1153 2400 1195 2450 est
1213 2413 1235 2450 e.
1254 2397 1315 2464 485,
1335 2413 1418 2451 annos

297 2485 330 2540 75
349 2490 437 2554 natus,
456 2486 487 2540 ci.
506 2486 601 2542 Marin.
621 2487 655 2541 ib.
675 2489 718 2542 36.

368 2573 398 2630 b.
419 2573 469 2628 Hic
496 2575 704 2629 Plutarchus
728 2576 836 2645 eiusque
858 2575 951 2628 domus
975 2575 1102 2641 Athenis,
1133 2578 1273 2644 postquam
1301 2575 1417 2644 reliquas

296 2663 399 2717 scholae
424 2680 512 2718 omnes
535 2663 562 2718 in
586 2665 635 2718 hoc
654 2665 763 2734 antiquo
786 2664 966 2734 philosophiae
984 2664 1185 2733 litterarumque
1204 2663 1318 2716 omniurn
1337 2662 1418 2716 domi·

295 2752 355 2806 cilio
373 2754 518 2806 exstinctae
537 2757 613 2820 sunt,
638 2753 788 2807 Platonicae
813 2753 993 2823 philosophiae
1019 2767 1192 2821 magnacum
1210 2751 1287 2805 laude
1310 2751 1417 2805 studere

194 2855 227 2896 ria
243 2866 270 2896 ns
297 2841 431 2910 pergebat.
468 2841 598 2913 Discipuli
616 2843 672 2896 eius
691 2845 768 2896 erant
786 2841 955 2910 Syriacus
974 2845 1002 2896 et
1019 2842 1154 2908 Proculus,
1174 2841 1220 2911 qui
1236 2841 1344 2911 plurimi
1357 2857 1417 2894 eum

295 2929 473 2982 aestimabant
490 2931 532 2997 (ci.
551 2930 645 2984 Marin.
666 2930 698 2985 V.
717 2931 801 2984 Procl.
824 2932 854 2996 6;
883 2930 987 3002 Zumpt,
1006 2929 1104 2986 Comm.
1127 2929 1174 2984 Ac.
1193 2930 1278 2984 Berol.
1302 2947 1325 2983 a.
1346 2930 1416 2984 1842

295 3034 321 3086 p.
340 3017 383 3071 58,
404 3017 437 3071 78
448 3019 506 3087 sq).
543 3018 646 3087 Syriani
669 3021 757 3072 exstat
781 3019 983 3073 commentarius
1006 3019 1039 3072 ad
1057 3017 1211 3074 Aristotelis
1229 3018 1345 3088 Metaph.
1370 3019 1416 3074 lib.

294 3104 330 3171 II,
349 3105 422 3171 XIII,
442 3105 504 3158 XIV
529 3106 579 3173 (ed.
599 3105 634 3160 H.
652 3107 753 3160 Usener
779 3107 806 3160 in
825 3105 908 3160 Arist.
934 3107 974 3161 ed.
994 3105 1041 3160 Ac.
1066 3107 1152 3160 Berol.
1171 3107 1195 3158 V
1214 3108 1265 3160 837
1277 3109 1339 3178 sq),
1365 3125 1413 3177 qun

296 3193 376 3246 slmili
390 3197 470 3264 atque
484 3195 611 3249 Proculus
629 3195 730 3249 ratione
750 3195 896 3248 doctrinam
910 3194 1127 3265 Neopletonicam
1141 3195 1299 3264 syllogismis
1312 3195 1413 3252 firmare

296 3286 414 3337 conatur.

243 3397 269 3428 us
369 3385 395 3426 c.
414 3371 584 3438 Marinus,
609 3371 721 3442 Neapoli
743 3373 936 3428 Palaestinensi
959 3376 1038 3428 natus
1063 3375 1097 3440 (v.
1121 3371 1199 3426 Phot.
1224 3371 1293 3425 Bihl.
1317 3388 1334 3424 c
1360 3369 1413 3422 242

294 3477 321 3529 p.
340 3459 412 3514 34512
431 3459 506 3527 Bia),
529 3461 638 3529 scripsit
661 3461 743 3514 vltam
764 3462 901 3529 magistu,
927 3461 996 3516 unde
1014 3461 1089 3515 iuvat
1107 3477 1198 3531 pauca,
1221 3477 1288 3530 quae
1301 3455 1413 3510 maxime

295 3547 419 3614 attinent,
439 3565 582 3618 excerpere.
619 3549 816 3620 Neoplatonici,
844 3551 945 3622 patrios
969 3550 1077 3604 deorum
1101 3551 1171 3604 ritrta
1195 3545 1299 3610 metat,
1327 3545 1355 3600 in
1373 3562 1413 3600 ee·

295 3637 374 3703 clesia
392 3653 496 3706 pressa,
524 3641 557 3691 ut
575 3638 664 3704 aiunt,
694 3641 752 3692 tum
770 3640 894 3694 vivebant
912 3645 939 3694 et
957 3640 1029 3710 ipsos
1047 3639 1203 3709 discipulos,
1232 3633 1273 3702 qui
1296 3634 1412 3689 nondum

295 3724 361 3778 eatis
381 3725 508 3796 explorati
526 3730 610 3792 erant,
629 3731 658 3780 et
675 3727 774 3798 placita
793 3743 840 3782 sua
859 3731 887 3782 et
905 3745 980 3780 sacra
998 3728 1133 3793 celabant;
1161 3744 1184 3782 v.
1205 3744 1222 3774 a.
1243 3722 1285 3778 11.
1305 3723 1347 3778 22.
1368 3723 1410 3779 29.

294 3813 354 3884 Ipse
372 3813 499 3868 Proculus
526 3819 634 3886 propter
661 3817 874 3886 superstitiosum
902 3817 1002 3887 priscae
1027 3816 1161 3884 religionis
1178 3810 1275 3866 mltum
1299 3811 1327 3865 in
1345 3813 1412 3884 peri·

294 3903 383 3957 culum
401 3902 531 3956 adductus
548 3901 662 3958 Athenis
688 3904 879 3974 aliquantisper
903 3905 931 3958 in
949 3904 1040 3959 Asiam
1064 3901 1271 3972 engeramnus
1290 3903 1340 3967 est,
1366 3901 1411 3958 ubi

294 3991 377 4044 isdem
396 3991 477 4046 sacris
495 3991 523 4046 iu
542 3996 633 4062 operto
647 3992 772 4046 faciendis
791 3997 819 4046 et
837 3994 1013 4064 propagandis
1027 4009 1128 4064 operare
1140 3987 1229 4041 dedi&
1248 4005 1270 4042 θ·
1287 3989 1328 4042 15·
1354 3988 1410 4054 QUO

294 4079 393 4134 factum
412 4084 504 4134 estut
522 4081 620 4149 insigni
639 4081 746 4136 deorum
764 4082 851 4136 lavore
865 4086 986 4136 uteretur
1004 4086 1032 4136 et
1050 4075 1164 4152 precibus
1183 4077 1238 4130 suis
1256 4077 1410 4148 artibusque

295 4184 360 4236 quas
379 4169 494 4222 callebat
511 4170 620 4238 magicis
639 4170 724 4224 mrrlta
738 4171 865 4226 miracula
882 4171 987 4226 ederet:
1006 4188 1028 4224 c.
1039 4171 1076 4226 25·
1087 4165 1130 4218 29·
1167 4164 1206 4219 Ex
1224 4183 1246 4219 0·
1265 4167 1301 4220 28
1315 4168 1411 4220 attine-

293 4255 363 4310 buut
386 4255 464 4311 haec:
488 4259 531 4311 δτι
557 4267 603 4326 τῆς
619 4254 771 4332 ιΕρμυίὐεῆς
788 4265 829 4327 εἴη
849 4271 942 4332 σειρᾶς
966 4251 1123 4327 (112όῖ30)
1149 4265 1246 4325 σαφῶς
1264 4256 1409 4319 5911011110,

294 4349 341 4397 καὶ
365 4345 408 4398 ὅτι
433 4348 482 4412 τὴν
500 4350 666 4420 Νικομάχου
691 4359 741 4403 τοῦ
760 4355 959 4422 Πυθαγορείου
984 4343 1072 4416 ψυχὴν
1094 4343 1154 4412 ἔχοι
1172 4346 1239 4414 drap
1263 4345 1331 4398 ποτὲ
1350 4346 1410 4398 lnt-

295 4450 415 4486 στευσεν.
449 4433 489 4486 De
509 4435 550 4488 dis
568 4452 584 4488 a
603 4436 758 4506 philosopho
776 4435 891 4490 colendis
909 4436 942 4490 cf.
963 4438 994 4490 19
1015 4434 1061 4484 καὶ
1087 4433 1141 4502 γὰρ
1160 4433 1306 4504 πρόχειρον
1324 4433 1411 4486 ἐκεῖνο
