3148 4984
550 338 679 392 Plotinus.
716 337 884 406 PorphyriuS.
1224 333 1277 395 541

156 497 267 552 Animus
290 501 355 551 tuno
373 513 481 567 prorsus
500 498 612 568 quiescit
630 513 714 567 neque
732 498 835 552 animus
859 499 1002 568 asinoque
1021 497 1076 550 vita
1100 513 1184 567 neque
1201 497 1279 550 intel-

156 588 256 654 lectus,
285 587 331 641 sed
349 587 416 640 nihil
435 587 486 640 nisi
504 587 607 640 Unum:
626 585 664 639 VI
683 587 707 653 7,
726 587 761 642 35
790 586 836 640 διὸ
856 587 920 640 οὐδὲ
938 592 1054 640 κινεῖται
1079 588 1191 657 ἡψυχὴ
1209 589 1278 650 τότε,

158 677 200 730 ὅτι
217 673 286 746 μηδ’
304 679 403 742 ἐκεῖνο,
434 677 498 731 οὐδὲ
518 678 595 747 ψυχὴ
613 682 720 741 τοίνυν,
748 676 790 729 ὅτι
808 675 880 747 μηδὲ
900 678 928 748 ζῇ
947 677 1046 740 ἐκεῖνο,
1072 677 1139 728 ἀλλὰ
1160 676 1228 746 ὑπὲρ
1247 677 1280 728 τὸ

158 767 210 832 ζῆν,
231 766 295 819 οὐδὲ
314 776 385 831 νοῦς,
406 767 448 818 ὅτι
464 765 538 838 μηδὲ
553 771 622 818 νοεῖ·
643 767 814 838 ὁμοιοῦσθαι
828 765 882 836 γὰρ
900 764 957 818 δεῖ·
976 771 1035 818 νοεῖ
1052 765 1084 818 δὲ
1104 759 1167 817 οὐδ’
1184 764 1279 826 ἐκεῖνο,

158 855 200 906 ὅτι
226 855 290 907 οὐδὲ
309 860 373 907 νοεῖ.
410 853 502 924 Neque
526 853 591 906 haec
609 852 809 923 contemplatio,
835 853 897 905 dum
916 852 943 907 in
962 869 1067 924 oorpore
1084 852 1203 918 vivimus,
1223 851 1278 904 diu·

158 944 237 995 tuma
261 959 319 996 esso
341 945 445 1011 potest:
473 941 540 996 ΕΒΗ.
559 941 598 995 VI
616 943 641 1008 9,
661 942 696 996 10
721 952 779 1002 πῶς
798 937 848 994 οὖν
867 943 900 994 οὐ
917 945 995 1014 μένει
1017 943 1045 1008 (ἡ
1065 942 1151 1012 ψυχὴ)
1168 942 1233 1005 lxm
1262 939 1280 1007 ἦ

159 1031 201 1084 ὅτι
219 1033 303 1097 μήπω
321 1031 480 1096 ἐξελήλυθεν
499 1031 572 1091 ὅλως.
605 1031 683 1084 ἔσται
701 1029 733 1084 δὲ
752 1030 796 1083 ὅτε
814 1033 860 1082 καὶ
880 1031 912 1082 τὸ
930 1031 1041 1100 συνεχὲς
1054 1031 1133 1084 ἔσται
1151 1039 1197 1098 τῆς
1211 1035 1280 1090 θέας

159 1122 247 1174 οὐκέτι
271 1121 461 1192 ἐνοχλουμένῳ
487 1120 623 1191 οὐδεμίαν
647 1119 791 1189 ἐνόχλησιν
816 1129 866 1171 τοῦ
884 1120 1020 1188 σώματος.
1056 1117 1090 1172 Se
1107 1118 1195 1188 ipsum
1213 1118 1281 1171 dieit
1330 1139 1334 1145 ·

158 1207 299 1278 aliquando
317 1205 405 1260 Unum
430 1207 636 1277 contemplatum
661 1223 732 1274 οεεε,
760 1207 858 1276 inquo
883 1209 971 1260 tamen
996 1223 1048 1260 non
1072 1207 1189 1276 potuerit
1208 1209 1284 1260 stare

158 1297 253 1366 quippe
271 1296 422 1350 homuncio:
441 1295 507 1350 Enn.
526 1295 563 1348 IV
582 1297 607 1362 8,
627 1297 642 1349 1
663 1297 744 1361 exim
764 1296 795 1349 of.
814 1300 858 1348 ΒΡ
877 1295 929 1349 508
948 1298 1013 1349 extr.

615 1511 826 1518 ..a——

595 1706 881 1804 Porphyrium

669 1894 775 1910 *A—

112 2041 150 2082 ιεε
205 2023 328 2108 Eunap.
353 2023 418 2087 vit.
445 2023 583 2106 Sophist.
611 2044 641 2106 p.
669 2035 697 2089 7.
721 2024 822 2088 BoiSS.
868 2020 1051 2110 Πορφυρίφ
1079 2023 1199 2109 Τόρος”Ι
1220 2020 1280 2104 μὲν
1323 2035 1358 2076 'a

160 2125 198 2216 ἦν
220 2126 344 2215 πατρίς
367 2167 419 2209 -,
451 2129 589 2211 Μάλχος
612 2129 649 2195 δὲ
673 2168 714 2176 -
739 2128 887 2195 ἐκαλεῖτο
910 2131 952 2194 τά
976 2141 1104 2216 πρῶτα,
1127 2139 1223 2196 τοῦτο
1246 2127 1283 2194 δέ

161 2234 297 2300 δόναται
312 2234 452 2318 βασιλέα
465 2234 582 2321 λέγειν·
598 2236 790 2324 Πορφόριον
803 2235 839 2301 δέ
851 2235 948 2301 αὐτὸν
960 2235 1107 2319 ὠνόμασε
1118 2239 1283 2320 Λογγῖνος

161 2339 194 2407 ἐν
221 2343 259 2406 τὸ
289 2342 461 2426 βασιλικὸν
490 2355 547 2430 τῆς
577 2341 719 2430 ἐσθητος
746 2343 944 2430 παράσημον
972 2343 1029 2429 τῆν
1060 2339 1283 2429 προσηγορίαν

161 2447 386 2536 ἀποτρέψαςλ.
411 2437 499 2535 παρ’
518 2445 629 2534 ἐκείνῳ
647 2447 685 2537 δὴ
702 2451 758 2537 τῆν
782 2447 885 2535 άκραν
909 2447 1099 2514 ἐπαιδεύετο
1116 2444 1281 2527 παιδείαν,

161 2567 389 2642 γραμματικῆς
403 2578 439 2620 τε
461 2551 508 2631 εἰς
531 2553 630 2642 ἀκρον
652 2553 786 2642 ἀπάσης
810 2557 922 2641 ὥσπερ
946 2553 1065 2632 ἐκεῖνος
1088 2553 1283 2642 ἀφικόμενος

161 2659 218 2726 καὶ
234 2665 413 2749 ῥητορικῆς,
437 2660 523 2748 πλὴν
544 2661 620 2727 ὅσον
643 2659 701 2727 οὐκ
724 2649 783 2726 ἐπ’
802 2657 923 2748 ἐκείνην
946 2656 1059 2741 ἔνευσε,
1084 2656 1284 2748 φιλοσοφίας

161 2791 196 2832 τε
219 2778 287 2832 πᾶν
310 2759 397 2845 εἶδος
420 2766 663 2852 ἐκματτόμενος.
696 2806 738 2815 -
769 2769 851 2832 οὕτω
875 2767 911 2832 δέ
934 2765 1048 2849 ἀχθεὶς
1071 2769 1128 2855 τὴν
1150 2766 1284 2854 πρώτην

162 2870 318 2938 παιδείαν
357 2872 414 2939 καὶ
456 2874 522 2939 ὑπὸ
562 2873 695 2938 πάντων
730 2872 999 2958 ἀποβλεπόμενος
1036 2875 1093 2961 τῆν
1130 2870 1284 2960 μεγίστην

163 3083 277 3174 ἐπειδὴ
300 3086 439 3168 τάχιστα
462 3083 509 3164 εἰς
532 3085 630 3175 αὐτην
654 3083 792 3175 ἀφίκετο
815 3086 871 3152 ναὶ
895 3085 941 3173 τῷ
964 3083 1105 3172 μεγίστῳ
1122 3083 1283 3172 Πλωτίνιρ

163 3193 320 3280 συνῆλθεν
354 3189 401 3270 είς
434 3190 582 3276 ὁμιλίαν,
617 3192 750 3259 πάντων
784 3192 969 3258 ἐπελάθετο
1003 3206 1068 3258 τῶν
1098 3191 1203 3259 ἀλλων
1226 3191 1283 3257 καὶ

164 3297 349 3420 προσέθετο
379 3297 486 3387 φέρων
516 3297 630 3365 ἑαυτὸν
660 3295 798 3386 ἐκείνῳΰ.
830 3337 872 3346 -—
907 3297 1007 3382 ὁμὲν
1019 3301 1090 3426 γάρ
1115 3299 1285 3376 Πλαυτῖνος

163 3405 209 3490 τῶ
236 3429 272 3470 τε
298 3418 356 3494 τῆς
386 3417 493 3494 ψυχῆς
524 3403 662 3493 οάρανίφ
691 3405 748 3471 καὶ
777 3406 825 3493 τιῦ
855 3404 940 3492 λοξῷ
971 3404 1027 3470 καὶ
1052 3401 1282 3489 αἱνιγματιόδει
1376 3401 1378 3406 ’

163 3525 226 3576 τῶν
241 3511 343 3597 λόγων
362 3513 462 3600 βαρὺς
486 3511 589 3578 ἐδόκει
612 3537 670 3578 και
693 3468 857 3642 δμσῆκόος,
882 3512 899 3578 ὁ
916 3512 952 3578 δε
967 3513 1196 3644 Πρρφόριος“
1173 3534 1284 3598 ωσπερ

161 3607 317 3706 Ερμαϊκῆ
349 3643 399 3698 τις
429 3618 540 3704 σειραὶ(1
562 3617 619 3684 καὶ
653 3621 738 3706 πρὸς
769 3619 967 3706 ἀνθρώπους
1001 3617 1193 3684 ἐτινεόουσα
1228 3617 1284 3682 διὰ

164 3721 318 3812 ποικίλης
352 3723 509 3804 παιδείας
544 3725 654 3790 πάντα
694 3722 740 3803 εἰς
775 3726 814 3792 τὸ
847 3723 1021 3810 εόγνιυστον
1055 3724 1111 3790 καὶ
1134 3726 1286 3808 καθαρὸν

164 3827 355 3918 ἐξήγγελλον.
392 3869 433 3879 -
469 3829 621 3919 φαίνεται
656 3830 693 3898 δέ
727 3830 923 3920 ἀφικόμενος
956 3828 1003 3909 εἰς
1032 3843 1132 3918 γῆρας
1158 3831 1283 3914 βαθόθ·

163 3937 291 4014 πολλάς
307 3948 381 4022 γοῦν
395 3941 465 4016 τοῖς
480 3936 539 4026 ἤδη
553 3937 971 4026 προπεπραγματευμένοις
982 3935 1125 4022 βιβλίοις
1140 3933 1284 4024 θεωρίας

164 4039 313 4120 ἐναντίας
336 4041 507 4125 κατέλιπε,
541 4043 618 4132 περὶ
642 4039 686 4109 ὧν
717 4043 774 4110 οὐκ
798 4040 887 4110 ἐστιν
909 4043 1016 4132 ἕτερόν
1038 4069 1071 4109 τι
1095 4043 1241 4124 δοξάζειν
1263 4044 1285 4132 ῆ

164 4147 214 4213 ὅτι
230 4149 356 4234 προϊὼν
371 4148 464 4237 ἕτερα
482 4149 632 4229 ἐδόξασεν
641 4148 658 4216 s.
687 4148 721 4216 ἐν
741 4139 844 4238 Ῥώμη
861 4150 897 4216 δὲ
913 4150 1038 4236 λέγεται
1053 4148 1255 4234 μεταλλάξαι
1272 4153 1282 4190 ¹

163 4254 219 4319 τὸν
241 4252 322 4338 βίον.

243 4383 377 4390 ,ψ

237 4451 264 4515 l)
283 4454 451 4523 μεταλλάξαι
469 4456 525 4505 BP:
544 4455 712 4525 μεταλαχεῖν
729 4451 797 4506 libri.
