3156 4988
297 278 351 338 378
792 280 919 349 Epicurei.

297 445 386 506 terea
418 443 545 506 sublata
562 431 752 522 'cognitione
784 443 816 505 et
839 441 971 506 seientia
1001 441 1126 505 tollitur
1150 440 1253 504 omnis
1283 437 1426 501 ratioet

298 550 383 614 vitae
400 546 568 630 *degendae
593 550 625 612 et
648 567 755 612 rerum
779 547 1017 629 gerendarum&

370 704 398 744 u.
419 689 523 760 Epicur.
543 689 615 743 Sent.
637 689 672 743 23
691 706 732 759 ep.
747 689 823 757 Diog.
842 688 868 741 X
882 689 934 744 146
952 707 978 758 p.
998 689 1032 742 76
1046 688 1092 742 Us.
1112 694 1137 742 εἰ
1149 683 1227 762 μ’άχη
1242 692 1348 749 πάσαις
1361 695 1427 748 ταῖς

301 781 474 846 αἰσθήσεσιν,
495 782 545 850 οὐχ
564 779 631 842 ἕξεις
650 776 712 832 οὐδ’
730 779 763 840 ἃς
781 782 819 832 ἂν
838 783 892 852 φῇς
917 781 1007 832 αὐτῶν
1026 779 1197 846 διεψεῦσθαι
1221 781 1290 851 πρὸς
1314 783 1343 830 τί
1360 798 1426 832 ποι-

299 871 417 941 ούμενος
436 871 487 936 τὴν
506 870 653 946 ἀναγφγὴν
671 875 768 944 κρίνης.
806 867 844 922 Cf.
863 868 967 922 Lueret.
986 867 1024 920 IV
1041 868 1094 922 471
1106 885 1145 937 sq.
1164 897 1198 906 -
1223 867 1350 920 Sensibus
1369 883 1428 937 per·

300 957 434 1028 cipiuntur
459 974 501 1010 res
527 961 558 1010 ut
576 961 640 1010 sunt
657 961 810 1028 praesentes
828 960 909 1027 etque
927 957 1087 1010 naturaiiter
1104 956 1229 1023 efficaces,
1248 955 1322 1010 Sext.
1339 956 1427 1010 Matin

299 1045 351 1100 VH
372 1047 426 1100 210
444 1047 486 1113 (ir.
506 1047 570 1110 247)
599 1049 755 1114 αἰσθήσεως
779 1047 811 1101 δὲ
831 1047 906 1100 ἴδιον
925 1049 1028 1118 ὑπῆρχε
1048 1057 1099 1100 τοῦ
1117 1049 1255 1120 παρόντος
1271 1049 1362 1118 μόνον
1381 1050 1429 1100 καὶ

301 1146 442 1198 κινοῦντος
469 1137 554 1202 αὐτὴν
579 1138 844 1208 ἀντιλαμβάνεσθαι.
881 1135 920 1188 Ib.
939 1135 1039 1190 VIII9
1069 1137 1118 1204 τήν
1142 1154 1169 1188 τε
1194 1141 1329 1202 αἴσθησιν
1359 1137 1429 1188 ἀνα-

301 1227 433 1292 ληπτικήν
454 1221 542 1278 οὖσαν
561 1235 615 1278 τῶν
634 1227 852 1278 ὑποπιπτόντων
872 1227 940 1298 αὐτῇ
963 1229 1010 1278 καὶ
1027 1227 1096 1298 μήτε
1116 1227 1295 1296 ἀφαιροῦσαν
1313 1245 1340 1278 τι
1358 1227 1431 1298 μήτε

302 1320 507 1386 προστιθεῖσαν
530 1316 599 1386 μήτε
617 1320 820 1386 μετατιθεῑσαν
838 1317 876 1382 τῷ
896 1317 999 1382 άλογον
1017 1313 1095 1378 εἶναι,
1122 1313 1171 1367 διὰ
1191 1315 1296 1374 παντός
1315 1333 1344 1367 τε
1365 1316 1430 1381 άλη-

301 1405 395 1456 θεόειν
418 1408 465 1456 καὶ
490 1405 560 1456 οὕτω
585 1406 616 1456 τὸ
635 1407 667 1457 όν
685 1407 844 1475 λαμβάνειν,
871 1406 906 1464 ὡς
925 1403 980 1472 εἶχε
1006 1405 1115 1474 φύσεως
1141 1405 1209 1456 αὐτὸ
1228 1405 1323 1457 ἐκεῖνο.
1362 1401 1431 1467 Qua·

130 1554 136 1565 .
162 1502 275 1544 avicenna
302 1493 410 1560 propter
428 1508 530 1544 omnem
549 1508 672 1545 sensuum
690 1492 883 1562 perceptionem
901 1491 1012 1544 vocabat
1030 1493 1219 1565 ἐνάργειαν
1241 1489 1324 1557 (Sext.
1343 1491 1430 1544 nath.

301 1579 353 1632 VII
371 1579 431 1633 203,
451 1580 517 1646 216;
543 1580 647 1650 Epicur.
666 1580 752 1650 Epist.
777 1580 791 1634 Ι
809 1598 850 1650 ap.
870 1580 946 1648 Diog.
965 1579 990 1632 X
1008 1579 1058 1646 52,
1086 1598 1112 1650 p.
1131 1582 1166 1635 13
1180 1579 1238 1645 Ue.)
1265 1584 1347 1651 atque
1366 1582 1432 1651 ipsis

302 1668 382 1722 etiam
405 1669 557 1722 insanorum
581 1669 814 1738 imaginationibus
840 1672 868 1723 et
895 1669 957 1724 visis
988 1669 1175 1724 somniantium
1203 1687 1293 1723 verum
1322 1671 1432 1725 subesse

303 1757 453 1810 statuebat:
472 1758 549 1826 Diog.
568 1758 593 1811 X
612 1759 648 1813 32
664 1759 706 1826 (fr.
726 1760 761 1814 36
779 1758 838 1824 Us.)
866 1763 901 1812 τά
919 1778 948 1812 τε
966 1769 1020 1812 τῶν
1037 1765 1217 1832 μαινομένων
1235 1763 1430 1833 φαντάσματα

302 1850 349 1900 καὶ
372 1849 406 1900 τὰ
429 1844 492 1900 κατ’
511 1851 578 1919 όναρ
597 1851 697 1916 ἀληθη
726 1855 797 1905 κινεῖ
813 1852 879 1922 γάρ·
911 1850 943 1901 τό
966 1848 998 1902 δὲ
1021 1850 1061 1920 μή
1088 1852 1120 1901 ὂν
1146 1851 1178 1901 οὐ
1196 1855 1278 1913 κινεῖ,
1304 1849 1337 1902 cf.
1358 1849 1431 1903 Sext·
1513 1892 1516 1900 ,

302 1935 387 1988 Meth.
407 1935 472 1988 VIII
490 1935 604 1992 63“-66.
640 1935 679 1990 At
697 1937 766 1990 enim
786 1937 928 2004 diligenter
951 1936 1095 1990 cavendum
1121 1953 1194 2004 esse,
1221 1953 1254 1990 ne
1279 1938 1432 1993 affectiones

303 2041 427 2078 sensuum
453 2027 645 2080 confundantur
670 2044 729 2080 cum
751 2026 784 2079 iis
810 2043 876 2096 quoe
895 2026 1024 2096 opinando
1043 2042 1060 2078 e
1078 2027 1209 2080 nobismet
1230 2027 1296 2096 ipsis
1315 2028 1433 2082 adiciun-

303 2118 363 2168 tur:
381 2115 485 2185 Epicur.
501 2115 572 2170 sent.
592 2116 627 2170 24
646 2133 687 2186 ep.
706 2115 782 2184 Diog.
802 2116 828 2168 X
846 2116 906 2182 147,
926 2133 950 2186 p.
967 2116 1001 2169 76
1020 2115 1066 2168 Us.
1086 2121 1113 2169 εἴ
1130 2113 1184 2168 τιν’
1202 2119 1322 2184 ἐκβαλεῖς
1337 2119 1433 2178 ἁπλῶς

304 2210 438 2272 αἴσθησιν
455 2209 502 2259 καὶ
519 2207 560 2277 μὴ
574 2206 725 2279 διαιρήσεις
743 2207 775 2258 τὸ
789 2205 976 2277 δοξαζόμενον
989 2207 1059 2258 κατὰ
1079 2207 1111 2257 τὸ
1125 2210 1286 2278 προσμένον
1299 2206 1342 2272 (cf.
1353 2206 1431 2274 Diog.

303 2294 329 2347 X
347 2293 390 2348 34.
410 2295 461 2359 381
475 2299 521 2348 καὶ
541 2297 573 2348 τὸ
589 2297 682 2366 ’παρὸν
704 2295 757 2361 ήδη
781 2296 852 2348 κατὰ
871 2295 919 2361 τήν
939 2299 1073 2360 αἴσθησιν
1091 2298 1139 2348 καὶ
1157 2295 1192 2347 τὰ
1210 2297 1291 2360 πάθη
1309 2299 1358 2348 καὶ
1378 2305 1433 2349 πά-

303 2399 360 2437 σαν
388 2386 578 2454 φανταστικὴν
605 2386 735 2452 ἐπιβολήν
760 2393 806 2451 τῆς
831 2384 974 2448 διανοίας,
1002 2386 1181 2455 συνταράξεις
1198 2387 1245 2436 καὶ
1264 2385 1314 2444 τὰς
1332 2386 1433 2445 λοιπὰς

306 2475 449 2540 αἰσθήσεις
468 2477 500 2546 τῇ
518 2479 629 2546 ματαίῳ
648 2474 723 2546 δόξη,
743 2472 812 2527 ὥστε
831 2475 863 2526 τὸ
880 2475 1018 2545 κριτήριον
1037 2475 1115 2527 άπαν
1134 2475 1260 2540 ἐκβαλεῖς.
1299 2471 1339 2527 Cf.
1359 2473 1432 2548 Sext·

305 2561 389 2616 Math.
410 2562 461 2615 VH
474 2563 625 2629 203-216,
645 2561 710 2615 VIII
724 2563 749 2616 9.
766 2563 808 2616 63.
829 2561 895 2628 185;
916 2561 989 2616 Plut.
1009 2561 1066 2614 adv.
1087 2560 1170 2615 Colot.
1189 2561 1261 2615 4-6
1279 2579 1305 2630 p.
1322 2563 1395 2617 1108
1403 2560 1432 2631 E,

305 2653 359 2706 alii.

375 2814 466 2894 Diog.
489 2814 519 2877 X
544 2821 580 2878 31
614 2813 664 2896 (fr.
689 2819 740 2878 35.
766 2812 830 2894 36).
875 2801 934 2876 Ἐν
960 2807 1066 2876 τοίνυν
1096 2809 1144 2896 τῷ
1174 2807 1300 2874 Κανόνι
1330 2806 1474 2895 λέγιιινθῖ2
1548 2795 1549 2822 i

308 2917 395 2986 ἐστὶν
418 2919 435 2984 ό
456 2908 656 3006 Ἐπίκουρος
678 2919 830 3007 κριτήρια
853 2929 910 3006 της
933 2913 1094 3006 ἀληθείας
1117 2907 1200 2982 εἶναι
1223 2917 1283 2993 τὰς
1306 2911 1431 3002 αἰσθή-

308 3047 375 3105 σεις
390 3025 448 3092 καὶ
464 3026 667 3114 προλήψεις·
682 3023 739 3090 καὶ
754 3025 796 3089 τά
812 3022 944 3112 πάθηθ’
968 3019 1000 3090 oi
1016 3012 1049 3088 δ’
1062 3011 1286 3110 Ἐπικούρειοι
1298 3019 1356 3087 καὶ
1374 3023 1432 3098 τὰς

310 3135 537 3221 φανταστικὰς
568 3131 745 3217 ἐπιβολάςο
767 3143 826 3219 της
853 3127 1010 3208 διανοίας.
1052 3127 1137 3215 λέγει
1167 3127 1203 3195 δὲ
1234 3127 1292 3194 καί
1322 3127 1354 3195 ἒν
1391 3125 1432 3216 τῇ

308 3241 393 3327 πρὸς
413 3228 590 3327 Ἡρόδοτον
613 3237 756 3326 ἐπιτομῇ
779 3235 837 3303 καὶ
860 3236 893 3303 ἐν
916 3240 990 3314 ταῖς
1013 3233 1141 3323 κυρίοις
1164 3234 1306 3314 δόξαιςᾶ.
1335 3245 1430 3300 πᾶσα

308 3346 387 3435 γάρ,
422 3344 537 3436 φησίν,
574 3342 733 3435 αἴσθησις
770 3343 886 3430 άλογός
922 3343 993 3410 ἐστι
1027 3341 1085 3408 καὶ
1118 3344 1245 3432 μνήμης
1280 3341 1431 3426 οὐδεμιᾶς

309 3456 455 3544 δεκτική·
479 3453 551 3520 obre
574 3455 634 3540 γὰρ
658 3441 716 3541 ὑφ’
736 3432 834 3540 αὐτῆς
856 3453 1006 3530 κινεῖται,
1036 3447 1107 3514 οότε
1129 3438 1189 3537 ὑφ’
1212 3447 1322 3537 ἑτέρου
1338 3473 1429 3536 κινη-

309 3565 409 3627 θεῖσα
433 3557 569 3627 δύναταί
591 3585 624 3625 τι
647 3563 848 3647 προσθεῖναι
871 3557 1046 3647 ἢάφελιῖν.
1082 3553 1156 3622 οὐδὲ
1180 3550 1250 3621 ἔστι
1274 3558 1313 3621 τὸ
1337 3553 1430 3621 δυνά-

308 3692 402 3752 μενον
425 3666 526 3745 αὐτὰς
550 3665 727 3752 διελέγξαι·
769 3675 820 3732 32.
843 3663 916 3730 δότε
939 3665 1000 3752 γὰρ
1015 3665 1035 3752 r>
1051 3659 1250 3747 ὁμοιογένεια
1273 3657 1431 3749 αἴσθησις

310 3776 368 3863 τὴν
398 3774 532 3860 ὁμογενῆ
562 3775 618 3839 διὰ
641 3775 698 3861 τὴν
721 3769 940 3838 ἰσοσθένειαν·
971 3759 1088 3858 οόθή
1111 3766 1352 3853 άνομοιογίνεια
1375 3769 1430 3854 τήν

310 3879 586 3967 δνομοιογένειαν,
617 3879 654 3946 ori
684 3881 744 3966 γὰρ
768 3892 833 3944 τῶν
856 3876 962 3944 αὐτῶν
989 3873 1054 3942 εἶσι
1076 3873 1236 3964 κριτικαί·
1268 3872 1341 3940 obre
1369 3874 1431 3960 μην

310 3989 412 4075 λόγος,
437 3998 506 4066 πάς
529 3989 589 4075 γὰρ
614 3986 707 4072 λόγος
730 3985 799 4051 άπὸ
822 3999 887 4051 τῶν
910 3981 1096 4072 αἰσθήσεων
1119 3980 1271 4070 ήρτηται·
1308 3969 1385 4046 ose‘
1411 3979 1430 4064 ή

310 4091 404 4184 ἑτέρα
428 4097 487 4184 τήν
510 4091 631 4180 ἑτέραν,
655 4091 782 4170 πάσαις
804 4093 864 4179 γὰρ
889 4087 1098 4180 προσέχομεν.

167 4254 282 4309 praenotio
383 4255 411 4294 a.
431 4238 551 4294 Clemens
570 4236 665 4290 Strem.
680 4235 708 4290 II
721 4235 746 4290 4.
766 4235 817 4289 437
829 4235 858 4288 P,
873 4233 914 4300 (in
931 4233 994 4298 255)
1014 4233 1195 4306 πρόληψιν
1210 4230 1241 4283 δὲ
1256 4227 1429 4282 ἀποδίδωσιν

311 4331 338 4396 (ὁ
353 4326 425 4393 Ἐπ.)
453 4327 584 4396 ἐπιβολήν
609 4329 658 4380 ἐπί
680 4347 707 4380 τι
725 4326 837 4398 ἐναργὲς
860 4328 907 4378 καὶ
926 4325 972 4376 ἐπὶ
997 4324 1046 4388 τὴν
1063 4322 1165 4391 ἐναργῆ
1191 4327 1242 4372 τοῦ
1267 4320 1428 4389 πράγματος

312 4421 450 4472 ἐπίνοιαν·
478 4419 518 4487 μὴ
543 4417 686 4470 δύνασθαι
711 4416 742 4470 δὲ
759 4415 868 4486 μηδένα
892 4415 961 4480 μήτε
980 4413 1091 4478 ζητήσαι
1114 4411 1183 4481 μήτε
1202 4409 1343 4478 ἀπορῆσαι
1359 4401 1428 4497 μηδὲ
