3150 4996
604 300 773 371 Pythagorei.
1211 297 1247 361 65

131 459 202 538 τούς
223 455 332 544 λόγους
354 465 394 536 είς
417 459 490 536 τοὺς
512 457 668 548 ἀριθμοὺς
691 457 835 548 ἀνῆπτον,
868 457 931 527 οἷον
959 464 992 526 τί
1015 464 1079 527 ἔστι
1102 459 1248 548 καιρὸςῆ

131 566 168 634 τὸ
192 570 334 634 δίκαιονο
357 564 375 652 ἢ
397 564 502 655 γάμος.

202 705 232 750 κ.
259 691 372 745 Maxime
398 691 690 748 of.Arist.Met.15.
727 692 821 746 Partes
845 692 902 746 eius
924 693 1021 761 ospitis
1045 699 1088 747 ΒΡ
1107 694 1142 748 54
1161 697 1188 748 et
1207 695 1248 749 69.
1352 742 1354 747 .

131 779 190 834 Non
209 781 309 835 frustra
328 781 446 850 antiquis
464 799 550 851 panon
568 782 665 836 tribuit
683 782 714 836 do
733 781 847 835 numeris
862 797 1001 851 eorumque
1015 782 1162 836 notionibus
1181 800 1250 840 oom-

131 873 229 923 menta.
266 870 308 926 Ab
326 870 491 924 inferioribus
510 871 685 940 Pythagoreis
704 871 738 940 (v.
758 870 786 924 Z.
801 870 833 924 1⁴
851 871 904 926 360
912 867 933 939 ⁸)
962 887 1063 926 summo
1083 888 1143 926 oum
1161 871 1249 927 studio

131 975 163 1012 es.
181 957 255 1013 culta
274 961 350 1012 sunt:
370 959 437 1013 unde
456 960 571 1014 conflata
589 963 631 1014 est
649 961 699 1014 illa
717 960 867 1028 opinionum
883 959 996 1030 farrago,
1017 976 1083 1029 quae
1098 961 1251 1016 inscribitur

130 1047 344 1116 Theologumens.
362 1047 567 1112 Arithmetioao,
596 1047 668 1102 edita
687 1065 703 1102 a
722 1049 752 1102 F.
771 1047 857 1113 Astio,
876 1049 947 1116 Lips.
973 1048 1050 1104 1817.
1088 1049 1126 1103 Do
1144 1066 1250 1105 numero

132 1136 278 1204 septenario
303 1136 336 1192 οί.
356 1138 438 1190 etiam
456 1138 567 1192 Varron.
591 1154 634 1207 sp.
658 1137 725 1192 Gell.
745 1136 779 1191 N.
798 1136 830 1190 A.
850 1137 894 1190 III
913 1138 962 1203 10,
991 1139 1022 1192 de
1049 1139 1197 1207 septenario
1224 1142 1251 1194 et

34 1219 37 1234 ⁸
131 1226 265 1280 octonorio
283 1226 396 1282 Macrob.
417 1227 504 1281 Somn.
525 1216 594 1296 Soip.
613 1227 628 1281 I
647 1228 671 1281 5.
692 1228 716 1281 6.

203 1330 233 1385 λ).
263 1332 351 1388 Theol.
372 1334 485 1388 Arithm.
505 1335 530 1395 8,
549 1334 592 1389 56.
631 1332 762 1392 Φιλόλαος
786 1332 820 1385 δὲ
843 1331 912 1403 μετά
931 1331 963 1384 ro*
981 1327 1176 1402 μαδηματικόν
1200 1335 1251 1404 μέ-

132 1423 218 1487 γεθος
229 1425 313 1490 τριχῇ
325 1421 441 1474 διαστάν
457 1421 487 1475 ἐν
497 1421 626 1490 τετράδι,
644 1415 772 1484 ποιότητα
790 1424 836 1473 καὶ
856 1425 963 1490 χρῶσιν
977 1419 1187 1492 ἐπιδειξαμένης
1205 1427 1253 1487 τῆς

132 1501 241 1578 φάσεως
260 1508 291 1562 ἐν
309 1511 431 1575 πεντάδι,
450 1511 575 1580 ψάχωσιν
594 1511 626 1565 δὲ
646 1510 676 1563 ἐν
700 1510 793 1576 ἑξάδι,
817 1515 884 1563 νοῦν
907 1510 940 1564 δὲ
963 1513 1009 1562 καὶ
1033 1511 1128 1579 άγείαν
1152 1513 1197 1562 καί
1221 1513 1252 1564 τό

132 1593 180 1650 ὑπ’
197 1595 281 1650 αὐτοῦ
298 1599 448 1670 λεγόμενον
467 1605 528 1670 φοίς
552 1599 583 1653 ἐν
607 1598 754 1671 ἑβδομάδι,
777 1599 849 1671 μετά
873 1599 961 1652 ταῦτα’
988 1617 1071 1669 φησιν
1096 1597 1183 1669 ἔρωτα
1207 1603 1253 1653 καὶ

132 1687 229 1756 φιλίαν
247 1691 293 1739 καὶ
310 1694 392 1758 μῆτιν
410 1691 454 1741 καὶ
473 1689 597 1742 ἐπίνοιαν
616 1688 646 1742 ἐν
665 1686 784 1759 ὁγδοάδι
804 1693 938 1759 συμβῆναι
957 1695 1013 1748 τοῖς
1027 1677 1113 1743 οὖσιν.
1150 1690 1252 1760 Asclep.

132 1776 213 1831 schol.
233 1777 314 1831 Arist.
334 1779 405 1833 541²
419 1781 465 1834 23:
485 1779 534 1831 τόν
552 1779 584 1830 δὲ
603 1780 722 1848 τέσσαρα
741 1775 866 1848 άριάμδν
884 1779 921 1846 (οἱ
940 1779 984 1844 Π.)
1003 1775 1101 1846 ἔλεγον
1119 1779 1152 1830 τά
1170 1783 1253 1844 σῶμα

132 1859 234 1929 ἁπλῶς,
252 1866 301 1919 τὸν
320 1866 351 1918 δὲ
370 1869 451 1921 πέντε
471 1867 503 1920 ro*
521 1867 639 1938 φασικὸν
658 1873 747 1939 σῶμα,
766 1865 815 1920 τὸν
834 1866 865 1918 δὲ
885 1866 915 1927 ἒξ
933 1863 965 1918 ro*
983 1863 1123 1938 ἔμψυχον.

204 1987 231 2028 ο.
250 1973 321 2028 Alex.
336 1973 450 2044 Aphrod.
461 1970 497 2029 ¹in
515 1975 578 2030 Met.
593 1993 618 2045 p.
629 1977 673 2042 28,
685 1977 720 2029 24
729 1975 832 2029 Bonitz.
852 1972 1027 2036 Δικαιοσύνης
1040 1974 1115 2027 ἴδιον
1129 1970 1253 2043 ὑπολαμ-

132 2060 261 2130 βάνοντες
274 2049 345 2114 εἶναι
359 2063 390 2115 τό
404 2059 608 2123 α’ντιπεπονθός
626 2080 656 2116 τε
674 2067 720 2116 καί
737 2065 807 2131 ἴσον,
825 2063 857 2116 έν
871 2069 928 2122 τοῖς
942 2061 1069 2132 α’ριδμοῖς
1082 2067 1162 2116 τοῦτο
1182 2065 1253 2130 εδρί·

133 2167 246 2209 σκοντες
260 2145 300 2216 ὄν,
319 2151 364 2203 διά
378 2156 459 2204 τοῦτο
478 2154 523 2204 καὶ
541 2151 590 2204 τὸν
610 2151 697 2212 ἰσάκις
715 2153 775 2203 ἴσον
793 2149 915 2220 α’ριθμόν
939 2155 1049 2220 πρῶτον
1068 2149 1164 2220 ἔλεγον
1182 2138 1253 2204 εἶναι

133 2239 307 2302 δικαιοσύνην
331 2241 402 2309 (pars
421 2243 446 2306 4,
473 2258 535 2310 pars
554 2243 584 2306 93
613 2240 644 2294 of.
665 2239 876 2309 MagnaMornl.
896 2240 954 2294 11.
975 2241 1065 2294 1182ιι
1087 2241 1139 2310 11).
1166 2271 1199 2280 -
1218 2269 1252 2278 -

133 2327 228 2395 καιρδν
247 2328 279 2381 δὲ
298 2325 381 2380 πάλιν
399 2326 494 2398 ἔλεγον
512 2329 560 2380 τόν
579 2326 663 2382 ἑπτά·
682 2328 761 2381 δοκεῖ
782 2328 837 2396 γάρ
861 2327 894 2380 τά
919 2327 1022 2398 φυσικὰ
1046 2325 1111 2388 τοάς
1135 2329 1254 2388 τελείους

133 2415 242 2484 καιρούς
266 2419 358 2487 ἴσχειν
382 2421 426 2469 καὶ
454 2419 588 2486 γενέσεως
611 2420 657 2469 καὶ
679 2415 840 2475 τελειώσεως
867 2413 936 2469 κατά
954 2415 1123 2486 ἑβδομάδας,
1148 2416 1186 2478 ω“ς
1210 2415 1254 2472 ἐπ’

134 2502 294 2574 ἄνθρωπον.
326 2510 371 2558 καί
396 2507 452 2577 γάρ
480 2511 596 2560 τίκτεται
623 2507 820 2578 ἑπταμηνιαῖα,
849 2508 894 2558 καὶ
922 2503 1091 2574 σ’δοντοφνεῖ
1114 2503 1253 2561 τοσσάτιον

133 2594 288 2660 &romscot
307 2595 412 2664 ἡβάσκει
430 2598 493 2665 περὶ
510 2596 560 2659 τήν
579 2596 713 2666 δευτέραν
737 2593 897 2665 ἑβδομάδα,
925 2597 970 2646 καὶ
997 2599 1092 2665 γενειᾷ
1119 2599 1181 2664 περὶ
1204 2593 1254 2660 τάν

134 2690 226 2754 τρίτην
238 2685 282 2754 (cf.
293 2686 373 2740 Arist.
385 2687 447 2740 Met.
459 2687 524 2740 XIV
537 2687 561 2741 6.
581 2684 648 2738 ἑπτά
666 2685 720 2755 μὲν
735 2683 890 2754 φωνήεντα,
910 2683 979 2737 ἑπτά
997 2684 1031 2736 δὲ
1048 2683 1152 2754 χορδαὶ
1171 2684 1187 2750 ἢ
1204 2687 1253 2754 άρ-

133 2777 240 2844 μανίαι,
266 2773 334 2826 ἑπτά
358 2773 391 2826 δὲ
416 2777 444 2824 al
463 2772 601 2837 πλειάδες,
621 2771 651 2826 ἐν
669 2772 740 2826 ἑπτὰ
759 2773 792 2826 δὲ
812 2769 930 2832 ὀδόντας
951 2771 1041 2840 βάλλει
1065 2770 1124 2826 ἔνιά
1142 2789 1176 2840 γε
1194 2770 1254 2826 ένια

134 2862 155 2913 δ
159 2857 167 2877 '
186 2860 224 2927 οὔ,
244 2861 313 2915 ἑπτά
332 2862 364 2916 δὲ
383 2867 408 2914 οἱ
427 2861 474 2914 ἐπὶ
494 2856 599 2932 Θήβας).
619 2865 664 2914 καὶ
682 2861 732 2914 το“ν
750 2861 822 2922 ἥλιον
841 2861 874 2916 δὲ
889 2890 922 2899 -
937 2860 1060 2914 ἐνταῦθα’
1078 2878 1164 2931 φασιν
1178 2861 1254 2932 ἱδρῦ-

135 2949 447 3023 σθαικαθ’ὃ“ὁὲ’ρδομος
461 2948 579 3022 άριθμός
600 2950 683 3006 ἐστιν.
696 2983 729 2991 -
749 2982 783 2990 -
802 2949 862 3003 ἐπεὶ
881 2951 913 3004 δὲ
933 2948 995 3004 οὔτε
1014 2954 1100 3021 γεννᾷ
1118 2970 1179 3003 τινα
1197 2956 1254 3004 ταῖν

134 3038 165 3092 ἐν
190 3039 287 3092 δεκάδι
313 3037 441 3111 α’ριθμιῡν
460 3037 474 3092 ὁ
493 3040 563 3093 ἑπτά
587 3039 649 3092 οὔτε
671 3057 803 3108 γενναται
822 3039 876 3091 ὑπό
893 3058 967 3099 τινος
986 3036 1085 3103 αὐτῶν,
1110 3039 1157 3092 διά
1173 3045 1254 3095 τοῦτο

135 3130 179 3180 καὶ
197 3126 310 3192 Ἀθηνάν
329 3127 424 3198 έλεγον
443 3126 535 3183 αὐτόν.
555 3159 589 3170 -
607 3159 643 3170 -
661 3127 756 3198 γάμον
775 3128 806 3179 δὲ
826 3125 922 3195 ἔλεγον
939 3127 987 3180 τὸν
1002 3129 1093 3193 πέντε,
1112 3125 1155 3181 ὅτι
1173 3131 1254 3199 ὁμὲν

133 3210 222 3287 γάμος
241 3217 357 3278 σύνοδος
376 3217 490 3286 ἄρρενός
510 3216 567 3270 ἐστι
585 3221 630 3270 καί
648 3217 762 3282 θήλεος,
790 3214 828 3270 ἔτι
846 3217 879 3270 δὲ
897 3212 957 3269 κατ’
975 3213 1077 3275 αάτοδς
1099 3217 1183 3289 ἄρρεν
1200 3219 1254 3289 μὲν

134 3305 168 3357 ti
194 3305 324 3376 asponis
347 3307 418 3371 θῆλυ
445 3306 478 3360 δὲ
505 3303 536 3359 ro=
562 3305 664 3376 άρτιον.
694 3336 726 3344 -
752 3335 785 3344 -
814 3305 858 3358 διά
884 3305 915 3358 ro*
942 3305 1064 3376 μόνιμον
1092 3305 1125 3360 δὲ
1151 3309 1197 3360 καὶ
1222 3306 1255 3360 τά

135 3390 232 3464 ὅμοιον
250 3395 337 3456 πάντη
357 3397 400 3446 καὶ
420 3391 452 3448 τά
470 3391 583 3466 α’ργικόν
602 3395 649 3448 τόν
668 3399 733 3448 νοῦν
752 3394 862 3465 μονάδα
882 3410 914 3446 τε
938 3397 986 3445 καὶ
1011 3391 1042 3446 ἓν
1061 3391 1165 3464 έλεγον,
1187 3393 1254 3447 άλλοὶ

134 3486 180 3535 καὶ
200 3481 304 3549 ον’σίαν,
323 3481 367 3536 ὅτι
385 3490 498 3556 πρῶτον
517 3481 531 3545 ἡ
550 3482 637 3540 otiolo.
674 3484 761 3545 δόξαν
784 3483 818 3536 δὲ
841 3482 874 3536 τά
899 3477 951 3533 δύο
976 3481 1024 3534 διά
1048 3483 1078 3536 τί
1097 3481 1146 3534 ἐπ’
1166 3482 1253 3554 άμφω

135 3572 307 3642 μεταβλητήν
327 3559 404 3627 εἶναι.

61 3771 117 3811 m
202 3734 338 3798 Philolai
361 3734 398 3797 fr.
423 3744 464 3800 20
488 3735 639 3812 Mullaoh‚
663 3753 712 3817 sp.
738 3734 823 3798 Stob.
846 3735 912 3797 Eoi.
935 3733 952 3796 I
978 3741 1027 3798 10.
1072 3739 1135 3800 Καὶ
1160 3733 1199 3799 τὰ
1221 3737 1252 3798 ἐν
1285 3747 1381 3796 quinque

1290 3812 1301 3840 0
1355 3813 1379 3840 1'8

136 3842 177 3932 τᾷ
207 3845 325 3932 σφαίρᾳ
355 3837 483 3926 σώματα
506 3843 593 3908 πέντε
617 3845 697 3907 ἐντί·
722 3835 761 3905 τὰ
783 3841 840 3904 ἐν1
863 3842 903 3931 τᾷ
926 3844 1042 3930 σφαίρᾳ
1065 3847 1140 3924 πῦρ,
1170 3834 1254 3925 ὕδωρ
1304 3812 1354 3851 arpo

135 3953 183 4013 καὶ
207 3948 245 4032 γᾶ
268 3954 314 4013 καὶ
332 3944 399 4034 trip,
422 3953 470 4014 καὶ
494 3949 528 4014 τὸ
550 3949 606 4023 τάς
630 3952 762 4034 σφαίρας
779 3947 873 4024 ὅλας2
898 3947 1035 4030 πέμπτον
1049 3956 1070 4011 ⁸.

208 4159 235 4228 1)
254 4159 295 4214 Cf.
314 4160 416 4215 Boookh
435 4179 460 4230 p.
481 4162 540 4215 160.
578 4161 676 4214 Hoeren
694 4159 764 4213 dolet
781 4155 814 4210 τά
828 4156 858 4209 ἐν
871 4163 905 4228 τᾷ
920 4162 1033 4226 σφαίρᾳ,
1071 4155 1254 4221 Waohsmnth,

136 4247 289 4302 dubitanter
312 4249 359 4302 illo
387 4249 505 4318 quidem,
535 4250 669 4317 proposuit
693 4246 724 4299 το“
750 4247 780 4300 ίν
796 4248 908 4318 <μέσᾳ>
924 4251 959 4315 τᾷ
987 4263 1034 4314 οφ,
1064 4276 1098 4284 -
1130 4245 1158 4312 2)
1177 4245 1204 4298 Ζ.
1223 4243 1256 4298 1⁴

136 4335 205 4392 3i6³
229 4335 260 4389 τό
280 4367 314 4376 --
333 4333 401 4396 ὅλας
425 4338 466 4391 vel
491 4337 627 4395 ὁκάκλος.
665 4338 739 4392 Libri
765 4337 778 4387 o‘
804 4339 852 4395 τάς
880 4335 998 4404 σφαίρας
1025 4328 1115 4392 δλκας.
1152 4333 1255 4388 Boeokh

136 4443 160 4494 p.
181 4429 233 4481 160
261 4427 331 4476 ά-
350 4425 436 4484 ὁλκάς.
466 4423 547 4485 ὅλκος
573 4427 614 4480 vel
642 4421 726 4496 ὅλμος
754 4427 861 4480 Heeren.
889 4422 985 4482 κοκλάς
1013 4423 1138 4477 Meinoke.
1176 4418 1257 4489 ὄγκος

190 4533 249 4574 nist.
265 4531 324 4573 nnn.
353 4533 392 4573 no.
407 4533 455 4574 vn.
1025 4513 1041 4563 5
