<?xml version="1.0" encoding="UTF-8"?>
<!DOCTYPE html PUBLIC "-//W3C//DTD XHTML 1.0 Transitional//EN"
    "http://www.w3.org/TR/xhtml1/DTD/xhtml1-transitional.dtd">
<html xmlns="http://www.w3.org/1999/xhtml" xml:lang="en" lang="en">
 <head>
  <title>
</title>
<meta http-equiv="Content-Type" content="text/html;charset=utf-8" />
  <meta name='ocr-system' content='tesseract 3.04.00' />
  <meta name='ocr-capabilities' content='ocr_page ocr_carea ocr_par ocr_line ocrx_word'/>
</head>
<body>
  <div class='ocr_page' id='page_1' title='image "./historiaphiloso00rittgoog_0319.png"; bbox 0 0 3156 4988; ppageno 0'>
   <div class='ocr_carea' id='block_1_1' title="bbox 567 309 1266 382">
    <p class='ocr_par' dir='ltr' id='par_1_1' title="bbox 567 309 1266 382">
     <span class='ocr_line' id='line_1_1' title="bbox 567 309 1266 382; baseline 0.009 -18"><span class='ocrx_word' id='word_1_1' title='bbox 567 311 656 365; x_wconf 81' lang='lat' dir='ltr'><strong>Pn&#39;ms</strong></span> <span class='ocrx_word' id='word_1_2' title='bbox 673 310 843 382; x_wconf 80' lang='lat' dir='ltr'><strong>philosophia.</strong></span> <span class='ocrx_word' id='word_1_3' title='bbox 950 322 958 338; x_wconf 92' lang='lat'><strong>·</strong></span> <span class='ocrx_word' id='word_1_4' title='bbox 1213 309 1266 370; x_wconf 79' lang='lat'><em>311</em></span> 
     </span>
    </p>
   </div>
   <div class='ocr_carea' id='block_1_2' title="bbox 29 466 1268 1620">
    <p class='ocr_par' dir='ltr' id='par_1_2' title="bbox 149 466 1263 560">
     <span class='ocr_line' id='line_1_2' title="bbox 149 466 1263 560; baseline 0.003 -25"><span class='ocrx_word' id='word_1_5' title='bbox 149 466 277 550; x_wconf 88' lang='grc' dir='ltr'><em>οὐσίας,</em></span> <span class='ocrx_word' id='word_1_6' title='bbox 307 470 328 558; x_wconf 81' lang='grc' dir='ltr'><em>ή</em></span> <span class='ocrx_word' id='word_1_7' title='bbox 349 481 414 534; x_wconf 92' lang='grc' dir='ltr'><em>τῶν</em></span> <span class='ocrx_word' id='word_1_8' title='bbox 443 471 528 558; x_wconf 86' lang='grc' dir='ltr'><em>πρὸς</em></span> <span class='ocrx_word' id='word_1_9' title='bbox 556 471 613 559; x_wconf 80' lang='grc' dir='ltr'><em>τήν</em></span> <span class='ocrx_word' id='word_1_10' title='bbox 636 466 748 536; x_wconf 90' lang='grc' dir='ltr'><em>οὐσίαν</em></span> <span class='ocrx_word' id='word_1_11' title='bbox 770 468 955 556; x_wconf 70' lang='grc' dir='ltr'><em>λεγομένων,</em></span> <span class='ocrx_word' id='word_1_12' title='bbox 986 471 1006 560; x_wconf 82' lang='grc' dir='ltr'><em>ή</em></span> <span class='ocrx_word' id='word_1_13' title='bbox 1028 471 1151 538; x_wconf 82' lang='grc' dir='ltr'><em>τούτων</em></span> <span class='ocrx_word' id='word_1_14' title='bbox 1174 473 1263 550; x_wconf 91' lang='grc' dir='ltr'><em>τινδς</em></span> 
     </span>
    </p>

    <p class='ocr_par' dir='ltr' id='par_1_3' title="bbox 29 569 1268 1620">
     <span class='ocr_line' id='line_1_3' title="bbox 29 569 1265 667; baseline 0.002 -27"><span class='ocrx_word' id='word_1_15' title='bbox 29 613 32 620; x_wconf 66' lang='lat'>=</span> <span class='ocrx_word' id='word_1_16' title='bbox 149 573 337 663; x_wconf 76' lang='grc' dir='ltr'><em>ἀποφάσεις</em></span> <span class='ocrx_word' id='word_1_17' title='bbox 359 576 380 664; x_wconf 78' lang='grc' dir='ltr'>ἢ</span> <span class='ocrx_word' id='word_1_18' title='bbox 403 573 531 654; x_wconf 92' lang='grc' dir='ltr'><em>οὐσίας·</em></span> <span class='ocrx_word' id='word_1_19' title='bbox 577 577 629 642; x_wconf 88' lang='grc' dir='ltr'><em>διὸ</em></span> <span class='ocrx_word' id='word_1_20' title='bbox 653 575 711 643; x_wconf 81' lang='grc' dir='ltr'><em>καί</em></span> <span class='ocrx_word' id='word_1_21' title='bbox 733 578 771 643; x_wconf 87' lang='grc' dir='ltr'><em>τὸ</em></span> <span class='ocrx_word' id='word_1_22' title='bbox 793 578 839 665; x_wconf 84' lang='grc' dir='ltr'><em>μή</em></span> <span class='ocrx_word' id='word_1_23' title='bbox 861 576 897 642; x_wconf 81' lang='grc' dir='ltr'><em>δν</em></span> <span class='ocrx_word' id='word_1_24' title='bbox 920 569 1002 642; x_wconf 81' lang='grc' dir='ltr'><em>εἶναι</em></span> <span class='ocrx_word' id='word_1_25' title='bbox 1024 579 1070 665; x_wconf 84' lang='grc' dir='ltr'><em>μή</em></span> <span class='ocrx_word' id='word_1_26' title='bbox 1092 574 1128 647; x_wconf 73' lang='lat' dir='ltr'><em>iio</em></span> <span class='ocrx_word' id='word_1_27' title='bbox 1150 601 1265 667; x_wconf 82' lang='grc' dir='ltr'><em>φαμεν.</em></span> 
     </span>
     <span class='ocr_line' id='line_1_4' title="bbox 149 678 1266 772; baseline 0 -24"><span class='ocrx_word' id='word_1_28' title='bbox 149 681 307 769; x_wconf 74' lang='grc' dir='ltr'><em>καθάπερ</em></span> <span class='ocrx_word' id='word_1_29' title='bbox 330 678 385 748; x_wconf 87' lang='grc' dir='ltr'><em>οὐν</em></span> <span class='ocrx_word' id='word_1_30' title='bbox 406 681 465 748; x_wconf 83' lang='grc' dir='ltr'><em>καί</em></span> <span class='ocrx_word' id='word_1_31' title='bbox 487 695 552 748; x_wconf 87' lang='grc' dir='ltr'><em>τῶν</em></span> <span class='ocrx_word' id='word_1_32' title='bbox 566 683 711 768; x_wconf 87' lang='grc' dir='ltr'><em>δγιεινῶν</em></span> <span class='ocrx_word' id='word_1_33' title='bbox 725 681 880 748; x_wconf 80' lang='grc' dir='ltr'><em>ἁπάντων</em></span> <span class='ocrx_word' id='word_1_34' title='bbox 902 681 964 766; x_wconf 87' lang='grc' dir='ltr'><em>μία</em></span> <span class='ocrx_word' id='word_1_35' title='bbox 988 682 1153 772; x_wconf 78' lang='grc' dir='ltr'><em>ἐπιστήμη</em></span> <span class='ocrx_word' id='word_1_36' title='bbox 1170 681 1266 765; x_wconf 88' lang='grc' dir='ltr'><em>ἐστίν,</em></span> 
     </span>
     <span class='ocr_line' id='line_1_5' title="bbox 150 779 1263 876; baseline 0.002 -22"><span class='ocrx_word' id='word_1_37' title='bbox 150 784 272 872; x_wconf 87' lang='grc' dir='ltr'><em>ὁμοίως</em></span> <span class='ocrx_word' id='word_1_38' title='bbox 293 797 389 855; x_wconf 84' lang='grc' dir='ltr'><em>τοῦτο</em></span> <span class='ocrx_word' id='word_1_39' title='bbox 411 787 469 854; x_wconf 87' lang='grc' dir='ltr'><em>καί</em></span> <span class='ocrx_word' id='word_1_40' title='bbox 492 787 551 855; x_wconf 82' lang='grc' dir='ltr'><em>ἐπὶ</em></span> <span class='ocrx_word' id='word_1_41' title='bbox 573 802 638 855; x_wconf 88' lang='grc' dir='ltr'><em>τῶν</em></span> <span class='ocrx_word' id='word_1_42' title='bbox 661 788 777 854; x_wconf 80' lang='grc' dir='ltr'><em>ἀλλων.</em></span> <span class='ocrx_word' id='word_1_43' title='bbox 823 787 861 856; x_wconf 92' lang='grc' dir='ltr'><em>οὐ</em></span> <span class='ocrx_word' id='word_1_44' title='bbox 883 791 944 876; x_wconf 85' lang='grc' dir='ltr'><em>γὰρ</em></span> <span class='ocrx_word' id='word_1_45' title='bbox 974 789 1071 873; x_wconf 87' lang='grc' dir='ltr'><em>μόνον</em></span> <span class='ocrx_word' id='word_1_46' title='bbox 1093 802 1157 854; x_wconf 90' lang='grc' dir='ltr'><em>τῶν</em></span> <span class='ocrx_word' id='word_1_47' title='bbox 1179 779 1263 874; x_wconf 71' lang='grc' dir='ltr'><em>καθ’</em></span> 
     </span>
     <span class='ocr_line' id='line_1_6' title="bbox 149 888 1268 984; baseline 0 -24"><span class='ocrx_word' id='word_1_48' title='bbox 149 888 184 960; x_wconf 76' lang='grc' dir='ltr'><em>ἐν</em></span> <span class='ocrx_word' id='word_1_49' title='bbox 206 891 382 979; x_wconf 83' lang='grc' dir='ltr'><em>λεγομένων</em></span> <span class='ocrx_word' id='word_1_50' title='bbox 404 892 588 984; x_wconf 76' lang='grc' dir='ltr'><em>ἐπιστήμης</em></span> <span class='ocrx_word' id='word_1_51' title='bbox 612 893 683 961; x_wconf 84' lang='grc' dir='ltr'><em>ἐστί</em></span> <span class='ocrx_word' id='word_1_52' title='bbox 705 900 874 984; x_wconf 70' lang='grc' dir='ltr'><em>θεωρῆσαι</em></span> <span class='ocrx_word' id='word_1_53' title='bbox 896 905 993 980; x_wconf 77' lang='grc' dir='ltr'><em>μιᾶς,</em></span> <span class='ocrx_word' id='word_1_54' title='bbox 1016 895 1100 960; x_wconf 79' lang='grc' dir='ltr'><em>ἀλλά</em></span> <span class='ocrx_word' id='word_1_55' title='bbox 1122 894 1179 961; x_wconf 83' lang='grc' dir='ltr'><em>καὶ</em></span> <span class='ocrx_word' id='word_1_56' title='bbox 1202 908 1268 960; x_wconf 92' lang='grc' dir='ltr'><em>τῶν</em></span> 
     </span>
     <span class='ocr_line' id='line_1_7' title="bbox 149 996 1267 1090; baseline 0.003 -26"><span class='ocrx_word' id='word_1_57' title='bbox 149 1000 235 1086; x_wconf 88' lang='grc' dir='ltr'><em>πρὸς</em></span> <span class='ocrx_word' id='word_1_58' title='bbox 264 996 344 1083; x_wconf 90' lang='grc' dir='ltr'><em>μίαν</em></span> <span class='ocrx_word' id='word_1_59' title='bbox 373 997 550 1086; x_wconf 80' lang='grc' dir='ltr'><em>λεγομένων</em></span> <span class='ocrx_word' id='word_1_60' title='bbox 578 1001 691 1090; x_wconf 78' lang='grc' dir='ltr'><em>φύσιν·</em></span> <span class='ocrx_word' id='word_1_61' title='bbox 737 1000 794 1067; x_wconf 82' lang='grc' dir='ltr'><em>καί</em></span> <span class='ocrx_word' id='word_1_62' title='bbox 823 1003 884 1090; x_wconf 85' lang='grc' dir='ltr'><em>γὰρ</em></span> <span class='ocrx_word' id='word_1_63' title='bbox 914 1011 1019 1067; x_wconf 73' lang='grc' dir='ltr'><em>ταύτα</em></span> <span class='ocrx_word' id='word_1_64' title='bbox 1047 1001 1171 1090; x_wconf 80' lang='grc' dir='ltr'><strong><em>τρόπον</em></strong></span> <span class='ocrx_word' id='word_1_65' title='bbox 1193 1004 1267 1068; x_wconf 81' lang='grc' dir='ltr'><em>τινὰ</em></span> 
     </span>
     <span class='ocr_line' id='line_1_8' title="bbox 150 1095 1267 1196; baseline 0.002 -25"><span class='ocrx_word' id='word_1_66' title='bbox 150 1103 279 1190; x_wconf 68' lang='grc' dir='ltr'><em>ίέγεται</em></span> <span class='ocrx_word' id='word_1_67' title='bbox 301 1095 387 1172; x_wconf 76' lang='grc' dir='ltr'><em>ιιαθ&gt;</em></span> <span class='ocrx_word' id='word_1_68' title='bbox 405 1105 448 1172; x_wconf 67' lang='grc' dir='ltr'><em>ἐν.</em></span> <span class='ocrx_word' id='word_1_69' title='bbox 478 1107 575 1196; x_wconf 74' lang='grc' dir='ltr'><em>δῆλον</em></span> <span class='ocrx_word' id='word_1_70' title='bbox 597 1103 651 1174; x_wconf 87' lang='grc' dir='ltr'><em>οὐν</em></span> <span class='ocrx_word' id='word_1_71' title='bbox 673 1107 725 1173; x_wconf 81' lang='grc' dir='ltr'><em>ὅτι</em></span> <span class='ocrx_word' id='word_1_72' title='bbox 747 1105 805 1173; x_wconf 84' lang='grc' dir='ltr'><em>καί</em></span> <span class='ocrx_word' id='word_1_73' title='bbox 828 1109 870 1172; x_wconf 88' lang='grc' dir='ltr'><em>τά</em></span> <span class='ocrx_word' id='word_1_74' title='bbox 892 1104 970 1173; x_wconf 83' lang='grc' dir='ltr'><em>ὐντα</em></span> <span class='ocrx_word' id='word_1_75' title='bbox 992 1117 1071 1191; x_wconf 77' lang='grc' dir='ltr'><em>μιᾶς</em></span> <span class='ocrx_word' id='word_1_76' title='bbox 1097 1113 1267 1196; x_wconf 71' lang='grc' dir='ltr'><em>θεωρῆσαι</em></span> 
     </span>
     <span class='ocr_line' id='line_1_9' title="bbox 150 1195 1268 1302; baseline 0.001 -24"><span class='ocrx_word' id='word_1_77' title='bbox 150 1195 173 1301; x_wconf 79' lang='grc' dir='ltr'><em>ᾗ</em></span> <span class='ocrx_word' id='word_1_78' title='bbox 194 1209 283 1278; x_wconf 81' lang='grc' dir='ltr'><em>ὐντα.</em></span> <span class='ocrx_word' id='word_1_79' title='bbox 328 1223 497 1296; x_wconf 83' lang='grc' dir='ltr'><em>πανταχοῦ</em></span> <span class='ocrx_word' id='word_1_80' title='bbox 518 1213 555 1280; x_wconf 83' lang='grc' dir='ltr'><em>δὲ</em></span> <span class='ocrx_word' id='word_1_81' title='bbox 576 1211 696 1302; x_wconf 80' lang='grc' dir='ltr'><strong><em>κυρίως</em></strong></span> <span class='ocrx_word' id='word_1_82' title='bbox 725 1225 783 1280; x_wconf 78' lang='grc' dir='ltr'><em>τοῦ</em></span> <span class='ocrx_word' id='word_1_83' title='bbox 805 1214 940 1302; x_wconf 77' lang='grc' dir='ltr'><strong><em>πρώτου</em></strong></span> <span class='ocrx_word' id='word_1_84' title='bbox 963 1215 983 1302; x_wconf 87' lang='grc' dir='ltr'><em>ή</em></span> <span class='ocrx_word' id='word_1_85' title='bbox 1006 1213 1180 1302; x_wconf 89' lang='grc' dir='ltr'><em>ἐπιστήμη,</em></span> <span class='ocrx_word' id='word_1_86' title='bbox 1209 1212 1268 1279; x_wconf 82' lang='grc' dir='ltr'><em>καί</em></span> 
     </span>
     <span class='ocr_line' id='line_1_10' title="bbox 150 1309 1265 1408; baseline 0 -24"><span class='ocrx_word' id='word_1_87' title='bbox 150 1316 187 1398; x_wconf 85' lang='grc' dir='ltr'><em>ἐξ</em></span> <span class='ocrx_word' id='word_1_88' title='bbox 215 1313 256 1385; x_wconf 83' lang='grc' dir='ltr'><em>οὐ</em></span> <span class='ocrx_word' id='word_1_89' title='bbox 281 1320 323 1384; x_wconf 88' lang='grc' dir='ltr'><em>τά</em></span> <span class='ocrx_word' id='word_1_90' title='bbox 350 1317 434 1385; x_wconf 81' lang='grc' dir='ltr'><em>ἀλλα</em></span> <span class='ocrx_word' id='word_1_91' title='bbox 463 1318 615 1408; x_wconf 83' lang='grc' dir='ltr'><em>ήρτηται,</em></span> <span class='ocrx_word' id='word_1_92' title='bbox 643 1319 702 1386; x_wconf 81' lang='grc' dir='ltr'><em>καί</em></span> <span class='ocrx_word' id='word_1_93' title='bbox 731 1309 815 1386; x_wconf 74' lang='grc' dir='ltr'><em>δι’δ</em></span> <span class='ocrx_word' id='word_1_94' title='bbox 837 1317 994 1406; x_wconf 84' lang='grc' dir='ltr'><em>λέγονται.</em></span> <span class='ocrx_word' id='word_1_95' title='bbox 1040 1315 1070 1384; x_wconf 88' lang='grc' dir='ltr'><em>εί</em></span> <span class='ocrx_word' id='word_1_96' title='bbox 1092 1316 1146 1386; x_wconf 82' lang='grc' dir='ltr'><em>οὐν</em></span> <span class='ocrx_word' id='word_1_97' title='bbox 1174 1309 1265 1386; x_wconf 76' lang='grc' dir='ltr'><em>τοῦτ’</em></span> 
     </span>
     <span class='ocr_line' id='line_1_11' title="bbox 150 1421 1268 1514; baseline 0.002 -24"><span class='ocrx_word' id='word_1_98' title='bbox 150 1421 239 1490; x_wconf 85' lang='grc' dir='ltr'><em>ἐστίν</em></span> <span class='ocrx_word' id='word_1_99' title='bbox 260 1425 280 1512; x_wconf 85' lang='grc' dir='ltr'><em>ή</em></span> <span class='ocrx_word' id='word_1_100' title='bbox 302 1422 405 1507; x_wconf 90' lang='grc' dir='ltr'><em>οὐσία,</em></span> <span class='ocrx_word' id='word_1_101' title='bbox 428 1425 633 1492; x_wconf 84' lang='grc' dir='ltr'><em>τῶνούσιῶν</em></span> <span class='ocrx_word' id='word_1_102' title='bbox 654 1427 693 1492; x_wconf 80' lang='grc' dir='ltr'><em>ἀν</em></span> <span class='ocrx_word' id='word_1_103' title='bbox 716 1424 785 1492; x_wconf 82' lang='grc' dir='ltr'><em>δέοι</em></span> <span class='ocrx_word' id='word_1_104' title='bbox 800 1426 859 1504; x_wconf 81' lang='grc' dir='ltr'><em>τὰς</em></span> <span class='ocrx_word' id='word_1_105' title='bbox 882 1425 980 1514; x_wconf 85' lang='grc' dir='ltr'><em>ἀρχὰς</em></span> <span class='ocrx_word' id='word_1_106' title='bbox 995 1425 1052 1492; x_wconf 84' lang='grc' dir='ltr'><em>καί</em></span> <span class='ocrx_word' id='word_1_107' title='bbox 1075 1425 1135 1504; x_wconf 88' lang='grc' dir='ltr'><em>τάς</em></span> <span class='ocrx_word' id='word_1_108' title='bbox 1157 1422 1268 1504; x_wconf 78' lang='grc' dir='ltr'><em>αἰτίας</em></span> 
     </span>
     <span class='ocr_line' id='line_1_12' title="bbox 150 1524 540 1620; baseline 0.003 -24"><span class='ocrx_word' id='word_1_109' title='bbox 150 1524 233 1612; x_wconf 61' lang='lat' dir='ltr'><strong>iicon</strong></span> <span class='ocrx_word' id='word_1_110' title='bbox 254 1531 310 1597; x_wconf 85' lang='grc' dir='ltr'><em>τὸν</em></span> <span class='ocrx_word' id='word_1_111' title='bbox 332 1530 540 1620; x_wconf 58' lang='grc' dir='ltr'><em>φιλόσοφον.</em></span> 
     </span>
    </p>
   </div>
   <div class='ocr_carea' id='block_1_3' title="bbox 150 1663 1269 1851">
    <p class='ocr_par' dir='ltr' id='par_1_4' title="bbox 150 1663 1269 1851">
     <span class='ocr_line' id='line_1_13' title="bbox 225 1663 1269 1763; baseline 0.002 -19"><span class='ocrx_word' id='word_1_112' title='bbox 225 1703 253 1744; x_wconf 77' lang='grc' dir='ltr'><em>ο.</em></span> <span class='ocrx_word' id='word_1_113' title='bbox 273 1663 427 1745; x_wconf 75' lang='lat' dir='ltr'><strong>Certissima</strong></span> <span class='ocrx_word' id='word_1_114' title='bbox 440 1691 523 1760; x_wconf 85' lang='lat' dir='ltr'><strong>igitur</strong></span> <span class='ocrx_word' id='word_1_115' title='bbox 541 1693 656 1746; x_wconf 91' lang='lat' dir='ltr'><strong>omnium</strong></span> <span class='ocrx_word' id='word_1_116' title='bbox 671 1692 799 1763; x_wconf 80' lang='lat' dir='ltr'><strong>principis</strong></span> <span class='ocrx_word' id='word_1_117' title='bbox 817 1691 891 1762; x_wconf 85' lang='lat' dir='ltr'><strong>sequi</strong></span> <span class='ocrx_word' id='word_1_118' title='bbox 905 1692 984 1746; x_wconf 85' lang='lat' dir='ltr'><strong>dsbot</strong></span> <span class='ocrx_word' id='word_1_119' title='bbox 997 1691 1082 1761; x_wconf 82' lang='lat' dir='ltr'><strong>piima</strong></span> <span class='ocrx_word' id='word_1_120' title='bbox 1094 1691 1269 1762; x_wconf 75' lang='lat' dir='ltr'>philosophia,</span> 
     </span>
     <span class='ocr_line' id='line_1_14' title="bbox 150 1777 1269 1851; baseline 0.004 -21"><span class='ocrx_word' id='word_1_121' title='bbox 150 1777 279 1848; x_wconf 83' lang='lat' dir='ltr'><strong>imprimis</strong></span> <span class='ocrx_word' id='word_1_122' title='bbox 298 1780 512 1833; x_wconf 74' lang='lat' dir='ltr'><strong>contradictionis</strong></span> <span class='ocrx_word' id='word_1_123' title='bbox 530 1781 597 1834; x_wconf 89' lang='lat' dir='ltr'><strong>illud</strong></span> <span class='ocrx_word' id='word_1_124' title='bbox 615 1787 659 1835; x_wconf 75' lang='lat' dir='ltr'><em>BP</em></span> <span class='ocrx_word' id='word_1_125' title='bbox 673 1781 725 1836; x_wconf 85' lang='lat'><em>308</em></span> <span class='ocrx_word' id='word_1_126' title='bbox 734 1782 765 1835; x_wconf 92' lang='lat' dir='ltr'><em>B.</em></span> <span class='ocrx_word' id='word_1_127' title='bbox 803 1779 878 1846; x_wconf 79' lang='lat' dir='ltr'><strong>Quod</strong></span> <span class='ocrx_word' id='word_1_128' title='bbox 896 1781 942 1851; x_wconf 87' lang='lat' dir='ltr'><em>qui</em></span> <span class='ocrx_word' id='word_1_129' title='bbox 959 1797 1050 1834; x_wconf 86' lang='lat' dir='ltr'><strong>vorum</strong></span> <span class='ocrx_word' id='word_1_130' title='bbox 1068 1797 1124 1834; x_wconf 82' lang='lat' dir='ltr'><strong>esse</strong></span> <span class='ocrx_word' id='word_1_131' title='bbox 1137 1779 1269 1835; x_wconf 83' lang='lat' dir='ltr'><strong>infitiatur</strong></span> 
     </span>
    </p>
   </div>
   <div class='ocr_carea' id='block_1_4' title="bbox 117 1867 1269 2030">
    <p class='ocr_par' dir='ltr' id='par_1_5' title="bbox 117 1867 1269 2030">
     <span class='ocr_line' id='line_1_15' title="bbox 151 1867 1269 1940; baseline 0.004 -21"><span class='ocrx_word' id='word_1_132' title='bbox 151 1867 225 1920; x_wconf 86' lang='lat' dir='ltr'><strong>tollit</strong></span> <span class='ocrx_word' id='word_1_133' title='bbox 249 1883 350 1921; x_wconf 79' lang='lat' dir='ltr'><strong>omnem</strong></span> <span class='ocrx_word' id='word_1_134' title='bbox 376 1885 463 1921; x_wconf 80' lang='lat' dir='ltr'><strong>rorum</strong></span> <span class='ocrx_word' id='word_1_135' title='bbox 489 1869 680 1938; x_wconf 76' lang='lat' dir='ltr'><strong>substantiam,</strong></span> <span class='ocrx_word' id='word_1_136' title='bbox 707 1872 740 1923; x_wconf 91' lang='lat' dir='ltr'><em>ut</em></span> <span class='ocrx_word' id='word_1_137' title='bbox 757 1869 824 1924; x_wconf 87' lang='lat' dir='ltr'><strong>nihil</strong></span> <span class='ocrx_word' id='word_1_138' title='bbox 841 1870 893 1923; x_wconf 91' lang='lat' dir='ltr'><strong>nisi</strong></span> <span class='ocrx_word' id='word_1_139' title='bbox 917 1887 964 1939; x_wconf 84' lang='lat' dir='ltr'><em>por</em></span> <span class='ocrx_word' id='word_1_140' title='bbox 982 1869 1100 1923; x_wconf 77' lang='lat' dir='ltr'><strong>accidens</strong></span> <span class='ocrx_word' id='word_1_141' title='bbox 1124 1870 1269 1940; x_wconf 77' lang='lat' dir='ltr'><strong>proodiosri</strong></span> 
     </span>
     <span class='ocr_line' id='line_1_16' title="bbox 117 1955 597 2030; baseline 0.01 -23"><span class='ocrx_word' id='word_1_142' title='bbox 117 2015 125 2030; x_wconf 45' lang='grc'><em>.</em></span> <span class='ocrx_word' id='word_1_143' title='bbox 151 1955 244 2024; x_wconf 83' lang='lat' dir='ltr'><strong>possit,</strong></span> <span class='ocrx_word' id='word_1_144' title='bbox 262 1955 327 2010; x_wconf 84' lang='lat' dir='ltr'><strong>Met.</strong></span> <span class='ocrx_word' id='word_1_145' title='bbox 345 1955 384 2009; x_wconf 89' lang='lat' dir='ltr'><em>IV</em></span> <span class='ocrx_word' id='word_1_146' title='bbox 402 1958 427 2010; x_wconf 86' lang='grc'><em>4.</em></span> <span class='ocrx_word' id='word_1_147' title='bbox 446 1959 535 2013; x_wconf 62' lang='grc'><em>10078</em></span> <span class='ocrx_word' id='word_1_148' title='bbox 554 1959 597 2012; x_wconf 83' lang='grc'><em>21.</em></span> 
     </span>
    </p>
   </div>
   <div class='ocr_carea' id='block_1_5' title="bbox 9 2165 1436 4550">
    <p class='ocr_par' dir='ltr' id='par_1_6' title="bbox 9 2165 1436 4550">
     <span class='ocr_line' id='line_1_17' title="bbox 102 2165 1434 2270; baseline -0.005 -30"><span class='ocrx_word' id='word_1_149' title='bbox 102 2198 144 2240; x_wconf 81' lang='lat' dir='ltr'><em>sss</em></span> <span class='ocrx_word' id='word_1_150' title='bbox 220 2169 290 2234; x_wconf 76' lang='lat' dir='ltr'><strong>Cas.</strong></span> <span class='ocrx_word' id='word_1_151' title='bbox 315 2176 344 2234; x_wconf 81' lang='grc'><em>5.</em></span> <span class='ocrx_word' id='word_1_152' title='bbox 374 2177 414 2234; x_wconf 76' lang='lat'><em>2²</em></span> <span class='ocrx_word' id='word_1_153' title='bbox 438 2179 489 2235; x_wconf 93' lang='lat'><em>11.</em></span> <span class='ocrx_word' id='word_1_154' title='bbox 540 2166 644 2237; x_wconf 89' lang='grc' dir='ltr'><em>Οὐσία</em></span> <span class='ocrx_word' id='word_1_155' title='bbox 678 2168 716 2236; x_wconf 82' lang='grc' dir='ltr'><em>δέ</em></span> <span class='ocrx_word' id='word_1_156' title='bbox 747 2168 836 2236; x_wconf 81' lang='grc' dir='ltr'><em>ἐστιν</em></span> <span class='ocrx_word' id='word_1_157' title='bbox 869 2171 889 2258; x_wconf 87' lang='grc' dir='ltr'><em>ή</em></span> <span class='ocrx_word' id='word_1_158' title='bbox 923 2166 1109 2258; x_wconf 79' lang='grc' dir='ltr'><em>κυριώτατά</em></span> <span class='ocrx_word' id='word_1_159' title='bbox 1142 2192 1178 2234; x_wconf 87' lang='grc' dir='ltr'><em>τε</em></span> <span class='ocrx_word' id='word_1_160' title='bbox 1211 2165 1269 2234; x_wconf 81' lang='grc' dir='ltr'><em>καί</em></span> <span class='ocrx_word' id='word_1_161' title='bbox 1296 2165 1434 2270; x_wconf 53' lang='lat' dir='ltr'><strong>&#39;lffihx</strong></span> 
     </span>
     <span class='ocr_line' id='line_1_18' title="bbox 152 2264 1421 2364; baseline 0.001 -25"><span class='ocrx_word' id='word_1_162' title='bbox 152 2275 294 2362; x_wconf 82' lang='grc' dir='ltr'><em>πρώτως</em></span> <span class='ocrx_word' id='word_1_163' title='bbox 322 2272 380 2340; x_wconf 79' lang='grc' dir='ltr'><em>καί</em></span> <span class='ocrx_word' id='word_1_164' title='bbox 413 2274 557 2358; x_wconf 81' lang='grc' dir='ltr'><em>μάλιστα</em></span> <span class='ocrx_word' id='word_1_165' title='bbox 588 2273 756 2363; x_wconf 73' lang='grc' dir='ltr'><em>λεγομένη,</em></span> <span class='ocrx_word' id='word_1_166' title='bbox 790 2273 811 2364; x_wconf 78' lang='grc' dir='ltr'><strong><em>ἣ</em></strong></span> <span class='ocrx_word' id='word_1_167' title='bbox 838 2275 920 2364; x_wconf 88' lang='grc' dir='ltr'><em>μήτε</em></span> <span class='ocrx_word' id='word_1_168' title='bbox 948 2264 1033 2340; x_wconf 74' lang='grc' dir='ltr'><em>καθ’</em></span> <span class='ocrx_word' id='word_1_169' title='bbox 1057 2272 1269 2358; x_wconf 76' lang='grc' dir='ltr'><em>ὑποκειμένου</em></span> <span class='ocrx_word' id='word_1_170' title='bbox 1311 2272 1421 2314; x_wconf 58' lang='lat' dir='ltr'><em>&#39;mm‘</em></span> 
     </span>
     <span class='ocr_line' id='line_1_19' title="bbox 151 2370 1270 2470; baseline 0 -25"><span class='ocrx_word' id='word_1_171' title='bbox 151 2381 239 2458; x_wconf 88' lang='grc' dir='ltr'><em>τινὸς</em></span> <span class='ocrx_word' id='word_1_172' title='bbox 261 2378 389 2466; x_wconf 81' lang='grc' dir='ltr'><em>λέγεται</em></span> <span class='ocrx_word' id='word_1_173' title='bbox 411 2370 489 2470; x_wconf 77' lang='grc' dir='ltr'><em>μήτ’</em></span> <span class='ocrx_word' id='word_1_174' title='bbox 507 2381 540 2448; x_wconf 81' lang='grc' dir='ltr'><em>ἐν</em></span> <span class='ocrx_word' id='word_1_175' title='bbox 562 2380 764 2468; x_wconf 76' lang='grc' dir='ltr'><em>ὑποκειμένῳ</em></span> <span class='ocrx_word' id='word_1_176' title='bbox 783 2379 855 2462; x_wconf 79' lang='grc' dir='ltr'><em>’τινί</em></span> <span class='ocrx_word' id='word_1_177' title='bbox 877 2380 973 2463; x_wconf 90' lang='grc' dir='ltr'><em>ἐστιν,</em></span> <span class='ocrx_word' id='word_1_178' title='bbox 1007 2371 1075 2447; x_wconf 84' lang='grc' dir='ltr'><em>οἷον</em></span> <span class='ocrx_word' id='word_1_179' title='bbox 1097 2381 1116 2446; x_wconf 85' lang='grc' dir='ltr'><em>δ</em></span> <span class='ocrx_word' id='word_1_180' title='bbox 1138 2379 1189 2459; x_wconf 88' lang='grc' dir='ltr'><em>τίς</em></span> <span class='ocrx_word' id='word_1_181' title='bbox 1212 2379 1270 2445; x_wconf 84' lang='grc' dir='ltr'><em>ἀν-</em></span> 
     </span>
     <span class='ocr_line' id='line_1_20' title="bbox 151 2477 1270 2575; baseline 0.002 -25"><span class='ocrx_word' id='word_1_182' title='bbox 151 2491 291 2573; x_wconf 79' lang='grc' dir='ltr'><em>θρωπος</em></span> <span class='ocrx_word' id='word_1_183' title='bbox 313 2487 334 2574; x_wconf 77' lang='grc' dir='ltr'>ἢ</span> <span class='ocrx_word' id='word_1_184' title='bbox 356 2487 373 2552; x_wconf 86' lang='grc' dir='ltr'>ὁ</span> <span class='ocrx_word' id='word_1_185' title='bbox 396 2485 447 2566; x_wconf 89' lang='grc' dir='ltr'><em>τίς</em></span> <span class='ocrx_word' id='word_1_186' title='bbox 468 2487 586 2566; x_wconf 84' lang='grc' dir='ltr'><em>ίππος.</em></span> <span class='ocrx_word' id='word_1_187' title='bbox 633 2487 778 2575; x_wconf 86' lang='grc' dir='ltr'><em>δεύτεραι</em></span> <span class='ocrx_word' id='word_1_188' title='bbox 801 2487 838 2553; x_wconf 82' lang='grc' dir='ltr'><em>δέ</em></span> <span class='ocrx_word' id='word_1_189' title='bbox 860 2485 969 2553; x_wconf 92' lang='grc' dir='ltr'><em>οὐσίαι</em></span> <span class='ocrx_word' id='word_1_190' title='bbox 992 2485 1149 2572; x_wconf 80' lang='grc' dir='ltr'><em>λέγονται,</em></span> <span class='ocrx_word' id='word_1_191' title='bbox 1172 2485 1205 2553; x_wconf 78' lang='grc' dir='ltr'><em>ἐν</em></span> <span class='ocrx_word' id='word_1_192' title='bbox 1220 2477 1270 2566; x_wconf 82' lang='grc' dir='ltr'><em>οἷς</em></span> 
     </span>
     <span class='ocr_line' id='line_1_21' title="bbox 151 2589 1270 2682; baseline -0.001 -24"><span class='ocrx_word' id='word_1_193' title='bbox 151 2589 270 2658; x_wconf 77' lang='grc' dir='ltr'><em>εἴδεσιν</em></span> <span class='ocrx_word' id='word_1_194' title='bbox 292 2589 328 2657; x_wconf 79' lang='grc' dir='ltr'><em>αἶ</em></span> <span class='ocrx_word' id='word_1_195' title='bbox 351 2593 492 2680; x_wconf 86' lang='grc' dir='ltr'><em>πρώτως</em></span> <span class='ocrx_word' id='word_1_196' title='bbox 514 2591 623 2660; x_wconf 92' lang='grc' dir='ltr'><em>οὐσίαι</em></span> <span class='ocrx_word' id='word_1_197' title='bbox 639 2592 807 2679; x_wconf 83' lang='grc' dir='ltr'><em>λεγόμεναι</em></span> <span class='ocrx_word' id='word_1_198' title='bbox 822 2591 1014 2682; x_wconf 80' lang='grc' dir='ltr'><em>ὑπάρχουσι,</em></span> <span class='ocrx_word' id='word_1_199' title='bbox 1036 2592 1141 2658; x_wconf 81' lang='grc' dir='ltr'><em>ταύτά</em></span> <span class='ocrx_word' id='word_1_200' title='bbox 1163 2591 1270 2668; x_wconf 81' lang='grc' dir='ltr'><em>τεκαὶ</em></span> 
     </span>
     <span class='ocr_line' id='line_1_22' title="bbox 152 2689 1270 2788; baseline 0.002 -26"><span class='ocrx_word' id='word_1_201' title='bbox 152 2698 195 2763; x_wconf 85' lang='grc' dir='ltr'><em>τὰ</em></span> <span class='ocrx_word' id='word_1_202' title='bbox 224 2709 289 2763; x_wconf 88' lang='grc' dir='ltr'><em>τῶν</em></span> <span class='ocrx_word' id='word_1_203' title='bbox 315 2694 411 2764; x_wconf 80' lang='grc' dir='ltr'><em>εἰδῶν</em></span> <span class='ocrx_word' id='word_1_204' title='bbox 440 2699 562 2765; x_wconf 86' lang='grc' dir='ltr'><em>τούτων</em></span> <span class='ocrx_word' id='word_1_205' title='bbox 588 2697 678 2788; x_wconf 82' lang='grc' dir='ltr'><em>γένη,</em></span> <span class='ocrx_word' id='word_1_206' title='bbox 703 2689 782 2766; x_wconf 80' lang='grc' dir='ltr'><em>ὀἷον</em></span> <span class='ocrx_word' id='word_1_207' title='bbox 812 2699 831 2766; x_wconf 88' lang='grc' dir='ltr'><em>δ</em></span> <span class='ocrx_word' id='word_1_208' title='bbox 859 2698 911 2778; x_wconf 85' lang='grc' dir='ltr'><em>τίς</em></span> <span class='ocrx_word' id='word_1_209' title='bbox 933 2699 1112 2786; x_wconf 73' lang='grc' dir='ltr'><em>ἅνθρωπος</em></span> <span class='ocrx_word' id='word_1_210' title='bbox 1135 2697 1168 2764; x_wconf 78' lang='grc' dir='ltr'><em>ἐν</em></span> <span class='ocrx_word' id='word_1_211' title='bbox 1191 2693 1270 2764; x_wconf 81' lang='grc' dir='ltr'><em>ε’ίδει</em></span> 
     </span>
     <span class='ocr_line' id='line_1_23' title="bbox 151 2801 1270 2894; baseline 0.002 -26"><span class='ocrx_word' id='word_1_212' title='bbox 151 2801 213 2887; x_wconf 81' lang='grc' dir='ltr'><em>μὲν</em></span> <span class='ocrx_word' id='word_1_213' title='bbox 235 2803 371 2891; x_wconf 81' lang='grc' dir='ltr'><em>ὑπάρχει</em></span> <span class='ocrx_word' id='word_1_214' title='bbox 392 2803 442 2891; x_wconf 78' lang='grc' dir='ltr'><em>τῷ</em></span> <span class='ocrx_word' id='word_1_215' title='bbox 464 2804 644 2894; x_wconf 77' lang='grc' dir='ltr'><em>ἀνθρώπῳ,</em></span> <span class='ocrx_word' id='word_1_216' title='bbox 667 2803 757 2891; x_wconf 83' lang='grc' dir='ltr'><em>γένος</em></span> <span class='ocrx_word' id='word_1_217' title='bbox 779 2804 816 2872; x_wconf 79' lang='grc' dir='ltr'><em>δὲ</em></span> <span class='ocrx_word' id='word_1_218' title='bbox 837 2817 896 2872; x_wconf 83' lang='grc' dir='ltr'><em>τοῦ</em></span> <span class='ocrx_word' id='word_1_219' title='bbox 909 2801 1016 2884; x_wconf 76' lang='grc' dir='ltr'><em>εἴδους</em></span> <span class='ocrx_word' id='word_1_220' title='bbox 1031 2803 1102 2870; x_wconf 77' lang='grc' dir='ltr'><em>ἐστὶ</em></span> <span class='ocrx_word' id='word_1_221' title='bbox 1124 2806 1162 2870; x_wconf 87' lang='grc' dir='ltr'><em>τὸ</em></span> <span class='ocrx_word' id='word_1_222' title='bbox 1177 2803 1270 2891; x_wconf 75' lang='grc' dir='ltr'><em>ζῷον.</em></span> 
     </span>
     <span class='ocr_line' id='line_1_24' title="bbox 152 2901 1271 2998; baseline 0.002 -24"><span class='ocrx_word' id='word_1_223' title='bbox 152 2909 300 2996; x_wconf 80' lang='grc' dir='ltr'><em>δεύτεραι</em></span> <span class='ocrx_word' id='word_1_224' title='bbox 323 2905 376 2974; x_wconf 85' lang='grc' dir='ltr'><em>οὐν</em></span> <span class='ocrx_word' id='word_1_225' title='bbox 399 2903 497 2975; x_wconf 77' lang='grc' dir='ltr'><em>αὐτοι</em></span> <span class='ocrx_word' id='word_1_226' title='bbox 520 2909 668 2996; x_wconf 77' lang='grc' dir='ltr'><em>λέγονται</em></span> <span class='ocrx_word' id='word_1_227' title='bbox 691 2907 809 2994; x_wconf 92' lang='grc' dir='ltr'><em>οὐσίαι,</em></span> <span class='ocrx_word' id='word_1_228' title='bbox 832 2901 899 2978; x_wconf 84' lang='grc' dir='ltr'><em>οἷον</em></span> <span class='ocrx_word' id='word_1_229' title='bbox 922 2911 942 2977; x_wconf 80' lang='grc' dir='ltr'><em>δ’</em></span> <span class='ocrx_word' id='word_1_230' title='bbox 962 2935 998 2977; x_wconf 92' lang='grc' dir='ltr'><em>τε</em></span> <span class='ocrx_word' id='word_1_231' title='bbox 1020 2909 1271 2998; x_wconf 72' lang='grc' dir='ltr'><em>ἄνθρωποςκαὶ</em></span> 
     </span>
     <span class='ocr_line' id='line_1_25' title="bbox 151 3013 1421 3120; baseline 0.002 -40"><span class='ocrx_word' id='word_1_232' title='bbox 151 3015 191 3081; x_wconf 89' lang='grc' dir='ltr'><em>τύ</em></span> <span class='ocrx_word' id='word_1_233' title='bbox 213 3013 314 3102; x_wconf 70' lang='grc' dir='ltr'><em>ζῷον·</em></span> <span class='ocrx_word' id='word_1_234' title='bbox 335 3053 378 3062; x_wconf 97' lang='grc'><strong>-</strong></span> <span class='ocrx_word' id='word_1_235' title='bbox 414 3015 453 3081; x_wconf 70' lang='lat' dir='ltr'><em>2b</em></span> <span class='ocrx_word' id='word_1_236' title='bbox 477 3025 506 3082; x_wconf 80' lang='lat'><em>7.</em></span> <span class='ocrx_word' id='word_1_237' title='bbox 547 3024 618 3082; x_wconf 91' lang='grc' dir='ltr'><em>Τῶν</em></span> <span class='ocrx_word' id='word_1_238' title='bbox 646 3015 683 3082; x_wconf 84' lang='grc' dir='ltr'><em>δέ</em></span> <span class='ocrx_word' id='word_1_239' title='bbox 706 3015 861 3105; x_wconf 80' lang='grc' dir='ltr'><em>δευτέρων</em></span> <span class='ocrx_word' id='word_1_240' title='bbox 883 3015 1000 3083; x_wconf 80' lang='grc' dir='ltr'><em>οὐσιῶν</em></span> <span class='ocrx_word' id='word_1_241' title='bbox 1028 3017 1153 3100; x_wconf 80' lang='grc' dir='ltr'><em>μᾶλλον</em></span> <span class='ocrx_word' id='word_1_242' title='bbox 1175 3013 1270 3084; x_wconf 91' lang='grc' dir='ltr'><em>οὐσία</em></span> <span class='ocrx_word' id='word_1_243' title='bbox 1297 3014 1421 3120; x_wconf 45' lang='grc' dir='ltr'><em>Ῥἓξξξξεθί</em></span> 
     </span>
     <span class='ocr_line' id='line_1_26' title="bbox 150 3113 1269 3212; baseline 0 -24"><span class='ocrx_word' id='word_1_244' title='bbox 150 3122 191 3188; x_wconf 90' lang='grc' dir='ltr'><em>τὸ</em></span> <span class='ocrx_word' id='word_1_245' title='bbox 213 3113 299 3200; x_wconf 82' lang='grc' dir='ltr'><em>εἶδος</em></span> <span class='ocrx_word' id='word_1_246' title='bbox 320 3131 379 3187; x_wconf 81' lang='grc' dir='ltr'><em>τοῦ</em></span> <span class='ocrx_word' id='word_1_247' title='bbox 400 3119 526 3206; x_wconf 81' lang='grc' dir='ltr'><em>γένους·</em></span> <span class='ocrx_word' id='word_1_248' title='bbox 570 3118 676 3208; x_wconf 67' lang='grc' dir='ltr'><em>ἔγγιον</em></span> <span class='ocrx_word' id='word_1_249' title='bbox 706 3125 768 3210; x_wconf 85' lang='grc' dir='ltr'><em>γὰρ</em></span> <span class='ocrx_word' id='word_1_250' title='bbox 796 3115 854 3211; x_wconf 78' lang='grc' dir='ltr'><em>της</em></span> <span class='ocrx_word' id='word_1_251' title='bbox 876 3123 1011 3212; x_wconf 87' lang='grc' dir='ltr'><em>πρώτης</em></span> <span class='ocrx_word' id='word_1_252' title='bbox 1038 3119 1151 3201; x_wconf 80' lang='grc' dir='ltr'><em>οὐσίας</em></span> <span class='ocrx_word' id='word_1_253' title='bbox 1173 3120 1269 3188; x_wconf 83' lang='grc' dir='ltr'><em>ἐστίν.</em></span> 
     </span>
     <span class='ocr_line' id='line_1_27' title="bbox 152 3225 1271 3316; baseline -0.002 -22"><span class='ocrx_word' id='word_1_254' title='bbox 152 3226 210 3294; x_wconf 86' lang='grc' dir='ltr'><em>ἐάν</em></span> <span class='ocrx_word' id='word_1_255' title='bbox 231 3229 293 3315; x_wconf 82' lang='grc' dir='ltr'><em>γὰρ</em></span> <span class='ocrx_word' id='word_1_256' title='bbox 316 3225 469 3313; x_wconf 74' lang='grc' dir='ltr'><em>ἀποδιδῷ</em></span> <span class='ocrx_word' id='word_1_257' title='bbox 490 3252 543 3305; x_wconf 92' lang='grc' dir='ltr'><em>τις</em></span> <span class='ocrx_word' id='word_1_258' title='bbox 564 3229 622 3316; x_wconf 85' lang='grc' dir='ltr'><em>τήν</em></span> <span class='ocrx_word' id='word_1_259' title='bbox 644 3229 778 3316; x_wconf 89' lang='grc' dir='ltr'><em>πρώτην</em></span> <span class='ocrx_word' id='word_1_260' title='bbox 801 3225 913 3295; x_wconf 86' lang='grc' dir='ltr'><em>οὐσίαν</em></span> <span class='ocrx_word' id='word_1_261' title='bbox 935 3225 970 3294; x_wconf 90' lang='grc' dir='ltr'><em>τί</em></span> <span class='ocrx_word' id='word_1_262' title='bbox 994 3227 1079 3310; x_wconf 80' lang='grc' dir='ltr'><em>ἐστι,</em></span> <span class='ocrx_word' id='word_1_263' title='bbox 1103 3229 1271 3316; x_wconf 90' lang='grc' dir='ltr'><em>γνωριμώ-</em></span> 
     </span>
     <span class='ocr_line' id='line_1_28' title="bbox 152 3327 1272 3422; baseline -0.003 -22"><span class='ocrx_word' id='word_1_264' title='bbox 152 3358 243 3420; x_wconf 90' lang='grc' dir='ltr'><em>τερον</em></span> <span class='ocrx_word' id='word_1_265' title='bbox 265 3332 323 3399; x_wconf 82' lang='grc' dir='ltr'><em>καί</em></span> <span class='ocrx_word' id='word_1_266' title='bbox 346 3329 538 3420; x_wconf 71' lang='grc' dir='ltr'><em>οἰκειότερον</em></span> <span class='ocrx_word' id='word_1_267' title='bbox 560 3333 727 3401; x_wconf 88' lang='grc' dir='ltr'><em>ἀποδώσει</em></span> <span class='ocrx_word' id='word_1_268' title='bbox 750 3335 788 3400; x_wconf 90' lang='grc' dir='ltr'><em>τδ</em></span> <span class='ocrx_word' id='word_1_269' title='bbox 811 3327 897 3413; x_wconf 85' lang='grc' dir='ltr'><em>εἶδος</em></span> <span class='ocrx_word' id='word_1_270' title='bbox 926 3333 1104 3412; x_wconf 80' lang='grc' dir='ltr'><em>ἀποδιδοὺς</em></span> <span class='ocrx_word' id='word_1_271' title='bbox 1126 3331 1209 3422; x_wconf 83' lang='grc' dir='ltr'><em>ήπερ</em></span> <span class='ocrx_word' id='word_1_272' title='bbox 1233 3333 1272 3398; x_wconf 88' lang='grc' dir='ltr'><em>τδ</em></span> 
     </span>
     <span class='ocr_line' id='line_1_29' title="bbox 9 3429 1319 3528; baseline -0.003 -21"><span class='ocrx_word' id='word_1_273' title='bbox 9 3431 10 3458; x_wconf 72' lang='lat'><em>³</em></span> <span class='ocrx_word' id='word_1_274' title='bbox 120 3515 121 3518; x_wconf 8' lang='grc' dir='ltr'><strong>Ἴ</strong></span> <span class='ocrx_word' id='word_1_275' title='bbox 151 3438 257 3527; x_wconf 81' lang='grc' dir='ltr'><em>γένος,</em></span> <span class='ocrx_word' id='word_1_276' title='bbox 289 3429 356 3506; x_wconf 84' lang='grc' dir='ltr'><em>οἷον</em></span> <span class='ocrx_word' id='word_1_277' title='bbox 378 3441 434 3506; x_wconf 89' lang='grc' dir='ltr'><em>τὸν</em></span> <span class='ocrx_word' id='word_1_278' title='bbox 462 3441 536 3504; x_wconf 85' lang='grc' dir='ltr'><em>τινά</em></span> <span class='ocrx_word' id='word_1_279' title='bbox 558 3439 738 3528; x_wconf 75' lang='grc' dir='ltr'><em>ἀνθρωπον</em></span> <span class='ocrx_word' id='word_1_280' title='bbox 766 3440 944 3520; x_wconf 78' lang='grc' dir='ltr'><em>ἀποδιδοὺς</em></span> <span class='ocrx_word' id='word_1_281' title='bbox 968 3439 1209 3527; x_wconf 87' lang='grc' dir='ltr'><em>γνωριμώτερον</em></span> <span class='ocrx_word' id='word_1_282' title='bbox 1232 3437 1271 3503; x_wconf 77' lang='grc' dir='ltr'><em>ἀν</em></span> <span class='ocrx_word' id='word_1_283' title='bbox 1316 3434 1319 3438; x_wconf 61' lang='grc'>’</span> 
     </span>
     <span class='ocr_line' id='line_1_30' title="bbox 10 3539 1272 3635; baseline -0.002 -22"><span class='ocrx_word' id='word_1_284' title='bbox 10 3539 11 3548; x_wconf 34' lang='lat'>¹</span> <span class='ocrx_word' id='word_1_285' title='bbox 152 3543 295 3635; x_wconf 87' lang='grc' dir='ltr'><em>ἀποδοίη</em></span> <span class='ocrx_word' id='word_1_286' title='bbox 327 3545 507 3634; x_wconf 71' lang='grc' dir='ltr'><em>ἀνθρωπον</em></span> <span class='ocrx_word' id='word_1_287' title='bbox 535 3546 556 3635; x_wconf 77' lang='grc' dir='ltr'>ἢ</span> <span class='ocrx_word' id='word_1_288' title='bbox 585 3545 668 3634; x_wconf 71' lang='grc' dir='ltr'><em>ζῷον</em></span> <span class='ocrx_word' id='word_1_289' title='bbox 697 3546 894 3626; x_wconf 84' lang='grc' dir='ltr'><em>ἀποδιδούς·</em></span> <span class='ocrx_word' id='word_1_290' title='bbox 940 3548 978 3613; x_wconf 86' lang='grc' dir='ltr'><em>τὸ</em></span> <span class='ocrx_word' id='word_1_291' title='bbox 1006 3545 1066 3630; x_wconf 81' lang='grc' dir='ltr'><em>μὲν</em></span> <span class='ocrx_word' id='word_1_292' title='bbox 1094 3546 1155 3633; x_wconf 88' lang='grc' dir='ltr'><em>γάρ</em></span> <span class='ocrx_word' id='word_1_293' title='bbox 1186 3541 1272 3611; x_wconf 84' lang='grc' dir='ltr'><em>ίδιον</em></span> 
     </span>
     <span class='ocr_line' id='line_1_31' title="bbox 150 3650 1436 3740; baseline 0 -22"><span class='ocrx_word' id='word_1_294' title='bbox 150 3653 276 3737; x_wconf 78' lang='grc' dir='ltr'><em>μᾶλλον</em></span> <span class='ocrx_word' id='word_1_295' title='bbox 304 3663 363 3718; x_wconf 84' lang='grc' dir='ltr'><em>τοῦ</em></span> <span class='ocrx_word' id='word_1_296' title='bbox 390 3653 478 3731; x_wconf 88' lang='grc' dir='ltr'><em>τινδς</em></span> <span class='ocrx_word' id='word_1_297' title='bbox 508 3651 703 3740; x_wconf 75' lang='grc' dir='ltr'><em>ἀνθρώπου,</em></span> <span class='ocrx_word' id='word_1_298' title='bbox 738 3654 776 3719; x_wconf 85' lang='grc' dir='ltr'><em>τὸ</em></span> <span class='ocrx_word' id='word_1_299' title='bbox 806 3651 843 3719; x_wconf 82' lang='grc' dir='ltr'><em>δέ</em></span> <span class='ocrx_word' id='word_1_300' title='bbox 864 3653 1055 3740; x_wconf 82' lang='grc' dir='ltr'><em>κοινότερον.</em></span> <span class='ocrx_word' id='word_1_301' title='bbox 1081 3689 1123 3700; x_wconf 89' lang='grc'>-</span> <span class='ocrx_word' id='word_1_302' title='bbox 1153 3650 1194 3718; x_wconf 60' lang='lat'><em>31‘</em></span> <span class='ocrx_word' id='word_1_303' title='bbox 1219 3661 1270 3719; x_wconf 90' lang='grc'><em>10.</em></span> <span class='ocrx_word' id='word_1_304' title='bbox 1297 3665 1436 3734; x_wconf 71' lang='lat' dir='ltr'><strong>indivisim</strong></span> 
     </span>
     <span class='ocr_line' id='line_1_32' title="bbox 151 3754 1272 3849; baseline -0.004 -23"><span class='ocrx_word' id='word_1_305' title='bbox 151 3765 254 3826; x_wconf 83' lang='grc' dir='ltr'><em>Πᾶσα</em></span> <span class='ocrx_word' id='word_1_306' title='bbox 284 3756 321 3824; x_wconf 83' lang='grc' dir='ltr'><em>δὲ</em></span> <span class='ocrx_word' id='word_1_307' title='bbox 350 3755 444 3825; x_wconf 90' lang='grc' dir='ltr'><em>οὐσία</em></span> <span class='ocrx_word' id='word_1_308' title='bbox 473 3759 565 3824; x_wconf 80' lang='grc' dir='ltr'><em>δοκεῖ</em></span> <span class='ocrx_word' id='word_1_309' title='bbox 593 3758 667 3826; x_wconf 86' lang='grc' dir='ltr'><em>τόδε</em></span> <span class='ocrx_word' id='word_1_310' title='bbox 689 3784 723 3826; x_wconf 94' lang='grc' dir='ltr'><em>τι</em></span> <span class='ocrx_word' id='word_1_311' title='bbox 745 3756 922 3849; x_wconf 88' lang='grc' dir='ltr'><em>σημαίνειν.</em></span> <span class='ocrx_word' id='word_1_312' title='bbox 968 3756 1027 3824; x_wconf 82' lang='grc' dir='ltr'><em>ἐπί</em></span> <span class='ocrx_word' id='word_1_313' title='bbox 1048 3755 1108 3841; x_wconf 78' lang='grc' dir='ltr'><em>μὲν</em></span> <span class='ocrx_word' id='word_1_314' title='bbox 1130 3754 1185 3823; x_wconf 92' lang='grc' dir='ltr'><em>οὐν</em></span> <span class='ocrx_word' id='word_1_315' title='bbox 1206 3771 1272 3823; x_wconf 90' lang='grc' dir='ltr'><em>τῶν</em></span> 
     </span>
     <span class='ocr_line' id='line_1_33' title="bbox 152 3860 1271 3954; baseline -0.003 -23"><span class='ocrx_word' id='word_1_316' title='bbox 152 3865 294 3954; x_wconf 91' lang='grc' dir='ltr'><em>πρώτων</em></span> <span class='ocrx_word' id='word_1_317' title='bbox 316 3863 434 3931; x_wconf 89' lang='grc' dir='ltr'><em>οὐσιῶν</em></span> <span class='ocrx_word' id='word_1_318' title='bbox 455 3863 759 3954; x_wconf 82' lang='grc' dir='ltr'><em>ἀναμφισβήτητον·</em></span> <span class='ocrx_word' id='word_1_319' title='bbox 793 3865 852 3931; x_wconf 81' lang='grc' dir='ltr'><em>καί</em></span> <span class='ocrx_word' id='word_1_320' title='bbox 875 3861 999 3954; x_wconf 71' lang='grc' dir='ltr'><em>ἀληθές</em></span> <span class='ocrx_word' id='word_1_321' title='bbox 1021 3860 1108 3929; x_wconf 78' lang='grc' dir='ltr'><em>ἐστιν</em></span> <span class='ocrx_word' id='word_1_322' title='bbox 1130 3863 1182 3930; x_wconf 78' lang='grc' dir='ltr'><em>ὅτι</em></span> <span class='ocrx_word' id='word_1_323' title='bbox 1197 3861 1271 3929; x_wconf 83' lang='grc' dir='ltr'><em>τόδε</em></span> 
     </span>
     <span class='ocr_line' id='line_1_34' title="bbox 152 3959 1271 4060; baseline -0.003 -23"><span class='ocrx_word' id='word_1_324' title='bbox 152 3997 186 4039; x_wconf 92' lang='grc' dir='ltr'><em>τι</em></span> <span class='ocrx_word' id='word_1_325' title='bbox 208 3967 375 4060; x_wconf 90' lang='grc' dir='ltr'><em>σημαίνει·</em></span> <span class='ocrx_word' id='word_1_326' title='bbox 404 3959 525 4055; x_wconf 84' lang='grc' dir='ltr'><em>ὐίτομον</em></span> <span class='ocrx_word' id='word_1_327' title='bbox 547 3973 608 4060; x_wconf 82' lang='grc' dir='ltr'><em>γὰρ</em></span> <span class='ocrx_word' id='word_1_328' title='bbox 630 3969 689 4037; x_wconf 85' lang='grc' dir='ltr'><em>καὶ</em></span> <span class='ocrx_word' id='word_1_329' title='bbox 703 3966 737 4037; x_wconf 71' lang='grc' dir='ltr'><em>ἓν</em></span> <span class='ocrx_word' id='word_1_330' title='bbox 751 3970 887 4059; x_wconf 71' lang='grc' dir='ltr'><em>ἀριθμῷ</em></span> <span class='ocrx_word' id='word_1_331' title='bbox 901 3973 940 4037; x_wconf 88' lang='grc' dir='ltr'><em>τὸ</em></span> <span class='ocrx_word' id='word_1_332' title='bbox 964 3968 1155 4058; x_wconf 79' lang='grc' dir='ltr'><em>δηλούμενόν</em></span> <span class='ocrx_word' id='word_1_333' title='bbox 1170 3967 1271 4035; x_wconf 83' lang='grc' dir='ltr'><em>ἐστιν·</em></span> 
     </span>
     <span class='ocr_line' id='line_1_35' title="bbox 152 4061 1434 4166; baseline -0.005 -21"><span class='ocrx_word' id='word_1_334' title='bbox 152 4069 212 4146; x_wconf 84' lang='grc' dir='ltr'><em>ἐπί</em></span> <span class='ocrx_word' id='word_1_335' title='bbox 241 4076 279 4144; x_wconf 81' lang='grc' dir='ltr'><em>δέ</em></span> <span class='ocrx_word' id='word_1_336' title='bbox 308 4090 372 4144; x_wconf 93' lang='grc' dir='ltr'><em>τῶν</em></span> <span class='ocrx_word' id='word_1_337' title='bbox 394 4075 549 4165; x_wconf 85' lang='grc' dir='ltr'><em>δευτέρων</em></span> <span class='ocrx_word' id='word_1_338' title='bbox 572 4076 689 4144; x_wconf 91' lang='grc' dir='ltr'><em>οὐσιῶν</em></span> <span class='ocrx_word' id='word_1_339' title='bbox 717 4074 870 4166; x_wconf 83' lang='grc' dir='ltr'><em>φαίνεται</em></span> <span class='ocrx_word' id='word_1_340' title='bbox 899 4074 958 4160; x_wconf 74' lang='grc' dir='ltr'><em>μὲν</em></span> <span class='ocrx_word' id='word_1_341' title='bbox 980 4072 1101 4160; x_wconf 80' lang='grc' dir='ltr'><em>ὁμοίως</em></span> <span class='ocrx_word' id='word_1_342' title='bbox 1124 4073 1172 4161; x_wconf 76' lang='grc' dir='ltr'><em>τῷ</em></span> <span class='ocrx_word' id='word_1_343' title='bbox 1194 4075 1271 4163; x_wconf 83' lang='grc' dir='ltr'><em>σχή-</em></span> <span class='ocrx_word' id='word_1_344' title='bbox 1381 4097 1383 4100; x_wconf 92' lang='grc'><em>·</em></span> <span class='ocrx_word' id='word_1_345' title='bbox 1424 4061 1434 4080; x_wconf 71' lang='grc'><strong>’</strong></span> 
     </span>
     <span class='ocr_line' id='line_1_36' title="bbox 151 4177 1271 4272; baseline -0.004 -22"><span class='ocrx_word' id='word_1_346' title='bbox 151 4209 235 4269; x_wconf 86' lang='grc' dir='ltr'><em>ματι</em></span> <span class='ocrx_word' id='word_1_347' title='bbox 257 4196 316 4272; x_wconf 85' lang='grc' dir='ltr'><em>τής</em></span> <span class='ocrx_word' id='word_1_348' title='bbox 338 4179 560 4272; x_wconf 90' lang='grc' dir='ltr'><em>προσηγορίας</em></span> <span class='ocrx_word' id='word_1_349' title='bbox 582 4182 657 4249; x_wconf 85' lang='grc' dir='ltr'><em>τόδε</em></span> <span class='ocrx_word' id='word_1_350' title='bbox 679 4207 713 4249; x_wconf 93' lang='grc' dir='ltr'><em>τι</em></span> <span class='ocrx_word' id='word_1_351' title='bbox 735 4179 911 4270; x_wconf 83' lang='grc' dir='ltr'><em>σημαίνειν,</em></span> <span class='ocrx_word' id='word_1_352' title='bbox 935 4181 1014 4247; x_wconf 79' lang='grc' dir='ltr'><em>ὅταν</em></span> <span class='ocrx_word' id='word_1_353' title='bbox 1036 4177 1115 4270; x_wconf 82' lang='grc' dir='ltr'><em>ε’ίπη</em></span> <span class='ocrx_word' id='word_1_354' title='bbox 1139 4179 1271 4268; x_wconf 72' lang='grc' dir='ltr'><em>ἀνθρω-</em></span> 
     </span>
     <span class='ocr_line' id='line_1_37' title="bbox 152 4285 1271 4378; baseline -0.007 -20"><span class='ocrx_word' id='word_1_355' title='bbox 152 4315 218 4358; x_wconf 93' lang='grc' dir='ltr'><em>πον</em></span> <span class='ocrx_word' id='word_1_356' title='bbox 240 4291 261 4378; x_wconf 76' lang='grc' dir='ltr'>ἢ</span> <span class='ocrx_word' id='word_1_357' title='bbox 284 4289 382 4376; x_wconf 79' lang='grc' dir='ltr'><em>ζῷον,</em></span> <span class='ocrx_word' id='word_1_358' title='bbox 405 4287 442 4357; x_wconf 93' lang='grc' dir='ltr'><em>οὐ</em></span> <span class='ocrx_word' id='word_1_359' title='bbox 470 4291 534 4378; x_wconf 81' lang='grc' dir='ltr'><em>μὴν</em></span> <span class='ocrx_word' id='word_1_360' title='bbox 562 4287 687 4378; x_wconf 73' lang='grc' dir='ltr'><em>ἀληθές</em></span> <span class='ocrx_word' id='word_1_361' title='bbox 708 4311 759 4374; x_wconf 90' lang='grc' dir='ltr'><em>γε,</em></span> <span class='ocrx_word' id='word_1_362' title='bbox 783 4287 867 4354; x_wconf 82' lang='grc' dir='ltr'><em>ἀλλὰ</em></span> <span class='ocrx_word' id='word_1_363' title='bbox 888 4287 1013 4370; x_wconf 82' lang='grc' dir='ltr'><em>μᾶλλον</em></span> <span class='ocrx_word' id='word_1_364' title='bbox 1035 4285 1133 4352; x_wconf 88' lang='grc' dir='ltr'><em>ποιόν</em></span> <span class='ocrx_word' id='word_1_365' title='bbox 1155 4309 1189 4350; x_wconf 94' lang='grc' dir='ltr'><em>τι</em></span> <span class='ocrx_word' id='word_1_366' title='bbox 1209 4306 1271 4374; x_wconf 87' lang='grc' dir='ltr'><em>ση-</em></span> 
     </span>
     <span class='ocr_line' id='line_1_38' title="bbox 147 4391 1271 4484; baseline -0.004 -23"><span class='ocrx_word' id='word_1_367' title='bbox 147 4393 277 4484; x_wconf 79' lang='grc' dir='ltr'><em>μαίνει·</em></span> <span class='ocrx_word' id='word_1_368' title='bbox 323 4393 361 4461; x_wconf 92' lang='grc' dir='ltr'><em>οὐ</em></span> <span class='ocrx_word' id='word_1_369' title='bbox 393 4397 455 4482; x_wconf 88' lang='grc' dir='ltr'><em>γάρ</em></span> <span class='ocrx_word' id='word_1_370' title='bbox 489 4393 523 4460; x_wconf 73' lang='grc' dir='ltr'><em>ἐν</em></span> <span class='ocrx_word' id='word_1_371' title='bbox 556 4394 626 4461; x_wconf 89' lang='grc' dir='ltr'><em>ἐστι</em></span> <span class='ocrx_word' id='word_1_372' title='bbox 659 4395 697 4462; x_wconf 91' lang='grc' dir='ltr'><em>τδ</em></span> <span class='ocrx_word' id='word_1_373' title='bbox 730 4391 940 4477; x_wconf 80' lang='grc' dir='ltr'><em>ὑποκείμενον</em></span> <span class='ocrx_word' id='word_1_374' title='bbox 969 4394 1078 4480; x_wconf 80' lang='grc' dir='ltr'><em>ὥσπερ</em></span> <span class='ocrx_word' id='word_1_375' title='bbox 1108 4391 1128 4480; x_wconf 85' lang='grc' dir='ltr'><em>ή</em></span> <span class='ocrx_word' id='word_1_376' title='bbox 1155 4391 1271 4480; x_wconf 89' lang='grc' dir='ltr'><em>πρώτη</em></span> 
     </span>
     <span class='ocr_line' id='line_1_39' title="bbox 1001 4498 1057 4550; baseline 0 0"><span class='ocrx_word' id='word_1_377' title='bbox 1001 4498 1057 4550; x_wconf 80' lang='grc'><em>21*</em></span> 
     </span>
    </p>
   </div>
   <div class='ocr_carea' id='block_1_6' title="bbox 0 0 1585 4988">
    <p class='ocr_par' dir='ltr' id='par_1_7' title="bbox 0 0 1585 4988">
     <span class='ocr_line' id='line_1_40' title="bbox 0 0 1585 4988; baseline 0 0"><span class='ocrx_word' id='word_1_378' title='bbox 0 0 1585 4988; x_wconf 95' lang='lat' dir='ltr'><em> </em></span> 
     </span>
    </p>
   </div>
  </div>
 </body>
</html>
