3130 4980
295 301 349 365 260
811 303 895 357 Plato.

296 470 425 538 λέγωμεν,
443 467 511 536 μήτε
531 465 584 520 όσα
605 467 634 518 ἐκ
652 467 756 518 τούτων
773 467 841 536 μήτε
860 465 889 524 ἐξ
908 457 946 516 ὧν
964 473 1051 515 ταῦτα
1070 467 1195 532 γέγονεν·
1233 458 1293 516 ἀλλ’
1317 464 1418 534 ἀνόρα-

296 575 345 608 τον
363 555 436 614 εἶδός
455 574 481 608 τι
499 559 545 608 καὶ
565 558 708 624 άμορφον,
729 553 880 622 πανδεχές,
908 555 1123 623 μεταλαμβάνον
1141 552 1172 605 δὲ
1192 553 1361 624 ἀπορώτατά
1380 572 1418 624 πη

296 653 346 696 τοῦ
363 653 462 709 νοητοῦ
479 647 528 696 καί
546 643 777 696 δυσαλωτότατον
796 644 864 694 αὐτὸ
882 644 1006 710 λέγοντες
1025 643 1058 693 οὐ
1077 643 1251 712 ψευσόμεθα.
1280 669 1315 678 -
1348 637 1419 693 52Α

296 738 389 804 τρίτον
414 732 445 785 δὲ
472 727 507 783 αὖ
524 736 604 800 γένος
623 735 654 783 ὂν
673 733 704 783 τὸ
722 739 768 797 τῆς
783 732 876 803 χώρας
899 731 953 794 ἀεί,
983 731 1095 803 φθοράν
1123 732 1155 783 οὐ
1182 729 1417 800 προσδεχόμενον,

296 821 381 892 ἕδραν
406 821 437 873 δὲ
462 825 586 892 παρέχον
605 820 657 873 ὅσα
677 819 732 890 ἔχει
753 824 861 888 γένεσιν
880 829 981 882 πᾶσιν,
1011 821 1079 872 αὐτὸ
1098 819 1129 872 δὲ
1146 815 1209 891 μετ’
1232 819 1419 884 ἀναισθησίας

297 911 386 962 ἁπτὸν
404 911 531 980 λογισμῷ
550 927 604 960 τινι
623 909 705 976 νόθῳ,
724 909 808 978 μόγις
827 909 935 972 πιστόν,
956 909 1025 977 πρὸς
1044 907 1108 973 ὃδὴ
1126 911 1172 960 καὶ
1187 893 1419 980 ὀνειροπολοῠμεν

295 1000 441 1064 βλέποντες
464 1002 512 1050 καί
537 1015 632 1067 φαμεν
651 998 804 1065 ἀναγκαῖον
823 996 895 1048 εἶναί
913 1015 969 1050 που
993 998 1025 1048 τό
1050 999 1081 1048 ὂν
1107 998 1183 1048 ιῖτιαν
1208 997 1238 1049 ἕν
1263 1015 1317 1048 τινι
1342 997 1418 1062 τόπῳ

294 1091 341 1140 καὶ
368 1091 485 1156 κατέχον
508 1087 605 1158 χώραν
633 1088 708 1149 τινά,
737 1087 769 1138 τό
797 1085 827 1138 δὲ
852 1081 918 1156 μήτ’
941 1085 971 1138 έν
989 1089 1024 1157 γῇ
1041 1087 1109 1157 μήτε
1136 1105 1192 1138 που
1215 1081 1278 1136 κατ’
1302 1085 1418 1154 οὐρανὸν

297 1175 379 1227 οὐδὲν
397 1174 474 1226 εἶναι.
502 1200 535 1210 -
563 1173 722 1226 Aristoteles
741 1173 841 1242 primus
859 1173 901 1226 his
919 1172 983 1226 locis
1003 1173 1152 1242 spatium
1170 1189 1258 1225 rerum
1277 1171 1418 1240 significari

298 1262 409 1328 censuit,
429 1280 452 1316 v.
471 1261 551 1330 Phys.
570 1261 609 1313 IV
627 1262 651 1315 2.
672 1260 744 1315 209¹>
764 1262 797 1314 ll
823 1263 870 1316 διὸ
888 1267 933 1314 καὶ
954 1265 1073 1315 Πλάτων
1091 1263 1140 1327 τὴν
1159 1263 1224 1328 ὕλην
1247 1261 1307 1327 (hoe
1325 1277 1419 1313 nomen

296 1351 381 1405 Arist.
401 1351 433 1403 de
452 1368 499 1403 suo
518 1350 623 1414 adiecit)
650 1355 697 1402 καὶ
722 1353 770 1416 τὴν
793 1353 910 1422 χώραν
941 1353 1025 1403 ταύτό
1048 1369 1133 1422 φησιν
1157 1351 1228 1403 εῖναι
1255 1353 1285 1403 έν
1311 1353 1349 1419 τῷ
1372 1355 1418 1403 Τι·

295 1447 385 1513 μαιίρ·
423 1443 455 1494 τὸ
478 1442 533 1512 γὰρ
549 1441 753 1512 μεταληπτικὸν
777 1445 824 1492 καὶ
849 1441 898 1505 τὴν
912 1441 1009 1510 χώραν
1027 1439 1056 1492 ἓν
1074 1443 1120 1492 καὶ
1139 1440 1247 1492 ταύτόν.
1285 1441 1369 1491 άλλον
1387 1438 1418 1491 δὲ

297 1532 402 1602 τρόπον
420 1532 475 1582 ἐκεῖ
492 1549 520 1582 τε
539 1532 626 1598 λέγων
644 1531 676 1581 τό
693 1531 898 1600 μεταληπτικὸν
915 1533 961 1582 καὶ
980 1530 1010 1581 ἐν
1029 1534 1086 1589 τοῖς
1104 1531 1262 1600 λεγομένοις
1281 1529 1419 1598 ἀγράφοις

297 1619 447 1691 δόγμασιν,
476 1619 550 1690 ὅμως
569 1620 617 1670 τόν
635 1619 723 1670 τόπον
745 1622 791 1670 καὶ
810 1619 858 1682 τὴν
872 1619 968 1692 χώραν
986 1620 1018 1670 τό
1037 1619 1105 1670 αὐτὸ
1124 1619 1291 1687 ἀπεφήνατο.
1338 1615 1417 1683 Phys,

296 1707 354 1760 19.
379 1707 450 1760 1922
469 1708 493 1761 6.
530 1705 571 1758 111
594 1706 620 1759 4.
646 1705 717 1759 203³
736 1705 778 1758 15.
815 1705 880 1758 Met.
899 1705 912 1757 I
931 1707 954 1759 7.
981 1707 1054 1760 9882
1072 1707 1115 1760 26.
1145 1735 1178 1743 —
1211 1704 1286 1770 Quod
1314 1704 1419 1774 quidem

297 1795 375 1848 Plato
402 1795 470 1848 hanc
497 1795 581 1864 ipsam
608 1794 744 1847 materiam
772 1797 834 1846 ante
861 1794 988 1848 mundum
1012 1797 1176 1864 procreatum
1201 1793 1335 1847 exstitisse
1355 1793 1419 1846 dicit

297 1883 362 1936 Tim.
382 1883 451 1936 521)
479 1885 533 1949 (BP
552 1884 643 1948 263³),
673 1881 808 1935 fabulandi
835 1881 959 1936 libertate
987 1883 1082 1937 utitur.
1106 1911 1140 1922 —
1153 1879 1157 1884 ’
1172 1882 1212 1935 De
1235 1883 1361 1935 matoria&
1378 1883 1418 1936 PL

296 1973 402 2025 notione
425 1973 456 2025 cf.
476 1973 571 2038 Ζολλετ,
600 1971 642 2024 Ρλ.
663 1971 702 2025 St.
730 1972 790 2024 211.
816 1972 868 2025 223
879 1988 917 2040 sq.
960 1971 1012 2025 Ph.
1033 1973 1059 2026 ά.
1079 1971 1128 2028 Gr.
1152 1972 1232 2024 111³
1257 1971 1419 2026 603-623.

296 2060 393 2114 Contra
412 2061 558 2132 disputavit
576 2059 756 2126 Teichmiiller,
776 2058 855 2114 stud.
877 2061 930 2114 302
940 2077 979 2129 sq.

124 2399 272 2449 origomundi
365 2382 443 2445 Tim.
469 2381 559 2446 2813.
603 2368 643 2445 ‘0
671 2380 710 2467 δὴ
740 2391 809 2456 πᾶς
832 2377 967 2465 οὐρανός
990 2379 1009 2467 ἢ
1032 2379 1152 2461 κόσμος
1175 2379 1195 2467 ἢ
1217 2377 1274 2444 καὶ
1296 2378 1379 2444 άλλο
1403 2379 1464 2445 8262

298 2484 332 2552 τέ
362 2510 444 2552 ποτε
474 2484 707 2569 ὀνομαζόμενος
737 2474 873 2569 μάλιστ’
893 2486 932 2549 δν
961 2483 1086 2566 δέχοιτο
1110 2477 1206 2551 τοῦθ’
1232 2488 1308 2573 ἡμῖν
1338 2485 1420 2552 ὠνο-

296 2593 429 2676 μάσδω,
454 2590 610 2658 σκεπτέον
633 2581 664 2657 δ’
684 2588 738 2658 οὖν
761 2591 839 2678 περὶ
863 2577 963 2657 αὐτοῦ
978 2605 1118 2679 πρῶτον,
1142 2593 1222 2678 άπερ
1246 2591 1421 2658 ὑπόκειται

298 2699 375 2786 περὶ
398 2701 524 2777 παντὸς
547 2697 580 2764 ἐν
602 2698 684 2787 ἀρχῇ
708 2700 775 2764 δεῖν
797 2702 943 2778 σκοπεῖν,
967 2699 1105 2786 πότερον
1127 2696 1164 2786 ἦν
1187 2691 1248 2779 άεέ,
1271 2697 1421 2783 γενέσεως

298 2805 394 2893 ἀρχὴν
417 2801 496 2886 ἓηων
518 2801 687 2887 οὐδεμίαν,
711 2805 731 2892 ἢ
753 2803 893 2890 γέγονεν,
917 2795 980 2870 ἀπ’
1000 2804 1097 2893 ἀρχῆς
1121 2829 1208 2882 τινος
1221 2803 1419 2891 ’ἀρξάμενος

297 2911 453 2996 γέγονενὸ·
489 2911 606 2997 ὁρατὸς
630 2913 689 2997 γάρ
714 2911 821 2988 ἁπτός
843 2909 880 2976 τέ
903 2909 973 2976 ἐστι
996 2910 1053 2975 καὶ
1077 2924 1173 2995 σῶμα
1197 2907 1283 2993 ἓηηων,
1308 2912 1420 2976 πάντα

299 3015 399 3083 δὲτὰ
429 3028 565 3082 τοιαῦτα
601 3012 765 3105 αἰσθητά,
801 3019 842 3084 τὰ
865 3005 898 3081 δ’
924 3013 1086 3106 αἰσθητά,
1122 3017 1198 3106 δόξῃ
1229 3018 1421 3105 περιληπτά

297 3125 381 3207 μετὰ
413 3119 599 3210 αἰσθήσεως
607 3175 615 3204 ,
649 3124 818 3209 γιγνόμενα
848 3121 906 3189 καὶ
934 3125 1065 3212 γεννητὰ
1088 3123 1202 3212 ἐφάνη.
1248 3125 1296 3210 τῷ
1319 3114 1353 3190 δ)
1380 3119 1421 3189 αὖ

299 3229 456 3316 γενομένῳ
472 3228 581 3318 φαμέν
595 3221 656 3294 ὑπ’
676 3227 784 3296 αἰτίου
808 3231 895 3308 τινός
910 3229 1050 3318 ἀνάγκην
1065 3223 1149 3296 εἶναι
1164 3229 1327 3315 γενέσθαι.
1364 3232 1421 3296 τὸν

298 3335 358 3420 μέν
393 3333 447 3402 οὖν
481 3338 622 3424 ποιητὴν
655 3335 712 3401 καὶ
743 3335 873 3424 πατέρα
905 3337 998 3401 τοῦδε
1028 3348 1086 3402 τοῦ
1116 3339 1240 3414 παντὸς
1262 3337 1364 3424 εὑρεῖν
1386 3358 1421 3402 τε

299 3442 390 3529 έργον
413 3440 471 3508 καὶ
494 3443 625 3530 εὑρόντα
648 3438 693 3520 εἷς
716 3443 844 3522 πάντας
875 3441 1032 3508 άδάνατον
1054 3442 1171 3528 λέγειν·
1217 3443 1293 3508 τόδε
1315 3432 1348 3508 δ’
1367 3439 1421 3508 οὖν

299 3549 402 3613 πάλιν
437 3547 655 3614 ἐπισκεπτέον
689 3548 766 3636 περὶ
796 3548 909 3630 αὐτοῦ,
946 3551 1031 3636 πρὸς
1058 3549 1197 3636 πότερον
1219 3563 1284 3614 τῶν
1306 3575 1420 3637 παρα-

300 3654 481 3740 δειγμάτων
505 3655 522 3719 ό
545 3656 786 3738 τεκταινόμενος
809 3655 907 3722 αὐτόν
929 3656 1153 3743 ἀπειργάζετο,
1177 3655 1315 3741 πότερον
1336 3657 1421 3742 πρὸς

300 3762 338 3826 τό
371 3762 457 3826 κατά
491 3759 594 3826 ταύτά
628 3760 686 3826 καὶ
721 3762 874 3839 ὡσαύτως
903 3758 973 3843 έγον
994 3763 1014 3850 ἢ
1038 3764 1122 3849 πρὸς
1150 3763 1188 3827 τὸ
1211 3761 1346 3846 γεγονός.
1393 3757 1422 3826 εὶ

299 3866 359 3951 μέν
390 3868 428 3955 δὴ
458 3868 558 3945 καλός
589 3866 677 3933 ἐστιν
700 3867 753 3932 ὅδε
776 3868 794 3932 ὁ
817 3868 937 3951 κόσμος
967 3869 986 3934 δ’
1007 3893 1042 3934 τε
1066 3868 1258 3956 δημιουργός
1282 3867 1420 3952 ἀγαθός,

300 3975 396 4061 δῆλον
420 3975 464 4051 ὡς
487 3975 571 4060 πρός
593 3975 631 4038 τὸ
655 3971 760 4038 ἀίδιον
783 3970 933 4057 ἔβλεπεν·
970 3971 1000 4040 εἰ
1023 3974 1059 4040 δέ
1082 3971 1100 4040 ὃ
1122 3964 1202 4062 μηδ’
1228 3970 1334 4038 εἰπεῖν
1356 3999 1421 4038 τινι

301 4079 410 4163 θέμις,
435 4081 520 4166 πρὸς
535 4081 573 4145 τό
589 4079 723 4164 γεγονός.
756 4079 858 4145 παντὶ
881 4081 920 4169 δὴ
944 4080 1048 4168 σαφὲς
1071 4081 1122 4146 ότι
1138 4081 1222 4166 πρὸς
1244 4081 1282 4144 τὸ
1300 4076 1420 4145 ἀίδιον·

300 4187 318 4250 ό
340 4184 400 4267 μέν
423 4188 483 4271 γὰρ
506 4185 680 4264 κάλλιστος
702 4200 766 4252 τῶν
782 4188 961 4273 γεγονότων,
985 4187 1003 4251 ό
1020 4177 1050 4251 δ’
1070 4185 1202 4273 άριστος
1216 4197 1282 4250 τῶν
1297 4182 1420 4251 αἰτέων.

301 4293 384 4355 οὕτω
415 4292 454 4378 δὴ
478 4291 680 4380 γεγενημένος
709 4295 793 4381 πρὸς
822 4295 859 4359 τὸ
882 4293 967 4378 λόγῳ
997 4291 1055 4357 καὶ
1078 4293 1231 4380 φρονήσει
1255 4293 1421 4381 περιληπ-

300 4397 355 4460 τόν
378 4395 436 4461 καὶ
459 4401 545 4462 κατά
567 4398 671 4464 ταύτά
694 4395 765 4480 έηηον
787 4399 1083 4487 δεδημιούργηταιῑ).
