3146 4982
302 333 358 396 484
758 335 840 388 Stoici
857 335 965 404 priores.

304 496 472 550 castissimus
496 501 579 564 utque
602 495 796 550 sanctissimus
816 494 1046 564 plenissimusque
1060 492 1187 561 ριἐίαίίε,
1211 497 1243 546 νε
1261 507 1304 546 eos
1322 505 1431 560 semper

299 601 378 654 pura
395 585 504 653 ιἰιίιριο
521 585 690 652 incorrupta
708 589 733 636 et
751 588 838 636 mente
856 587 883 636 et
900 597 961 636 οοεε
979 596 1144 636 veneremur.

375 704 402 749 e.
427 690 465 744 cf.
485 689 537 746 Cio.
556 691 632 744 Tusa.
651 689 692 742 III
711 691 758 755 10;
777 688 870 742 Parad.
881 689 976 758 27sq.;
995 687 1131 756 Diog.VII
1143 689 1202 742 124.
1222 717 1255 726 -
1274 686 1355 740 Vides
1374 686 1428 738 dno

304 779 380 850 qnasi
402 795 498 847 genera
526 779 659 832 hominum
687 778 794 848 opponi,
822 779 949 832 bonorum
976 780 1005 830 et
1022 793 1161 846 pravorum
1186 779 1266 846 atque
1290 776 1330 828 ita
1348 777 1426 832 utin

303 868 364 922 illos
383 883 472 921 omnes
491 867 618 933 virtutes,
638 883 727 920 omnes
745 867 851 933 laudes,
870 867 899 920 in
917 867 965 919 hos
984 865 1071 919 omnia
1088 865 1162 932 vitia,
1181 866 1269 919 omnia
1287 867 1427 937 opprobria

304 957 478 1023 cumulentur,
497 974 520 1010 v.
540 955 613 1010 soon.
632 955 687 1010 nol.
707 956 734 1008 11
753 956 806 1010 198
834 958 941 1030 ἀρέσκει
966 957 1021 1026 γάρ
1048 958 1085 1024 τῷ
1104 973 1132 1008 τε
1160 957 1266 1022 Ζήνωνι
1293 961 1340 1010 καὶ
1368 963 1427 1017 τοῖς

304 1042 358 1100 ἀπ’
377 1048 463 1100 αὐτοῦ
481 1051 616 1106 Στωϊκοῖς
634 1047 803 1116 φιλοσόφοις
821 1046 874 1099 δύο
893 1049 958 1114 γένη
977 1055 1032 1098 τῶν
1050 1046 1207 1117 ἀνθρώπων
1225 1045 1303 1110 εἶναι,
1324 1049 1355 1100 τὸ
1372 1047 1428 1119 μὲν

304 1147 358 1188 τῶν
377 1135 588 1190 σπουδαίων
606 1137 638 1188 τὸ
657 1135 688 1188 δὲ
702 1145 756 1188 τῶν
775 1136 929 1205 φαύλων,
949 1137 997 1186 καὶ
1015 1135 1114 1206 τὸμὲν
1128 1145 1182 1186 τῶν
1196 1135 1362 1188 σπουδαίων
1376 1137 1427 1190 διὰ
1462 1134 1463 1138 ’

304 1225 408 1284 παντὸς
427 1235 477 1277 τοῦ
495 1229 558 1290 βίον
572 1230 698 1298 χρῆσθαι
717 1229 777 1284 ταῖς
796 1225 913 1296 ἀρεταῖς,
933 1225 965 1275 τὸ
984 1223 1016 1276 δὲ
1035 1233 1089 1276 τῶν
1103 1225 1217 1293 φαύλων
1236 1229 1297 1284 ταῖς
1310 1229 1425 1284 κακίαις.

302 1311 343 1365 De
358 1313 481 1365 laudibus
495 1312 622 1365 bonorum
637 1311 669 1365 ol.
680 1309 732 1366 Cio.
743 1310 789 1364 Ao.
799 1309 828 1363 ll
838 1311 904 1376 136;
919 1309 1012 1364 Parad.
1022 1311 1057 1364 33
1065 1327 1103 1380 sq.
1115 1311 1149 1364 42
1157 1327 1210 1380 sq.;
1224 1311 1301 1380 Diog.
1311 1311 1427 1370 virale

303 1407 398 1462 θείους
416 1420 444 1455 τε
464 1402 534 1454 εἶναι
552 1403 627 1467 (τοὺς
646 1401 774 1471 σοφούς)·
799 1400 872 1470 ἔχειν
890 1401 945 1474 γάρ
962 1401 993 1454 ἒν
1010 1400 1120 1460 ἑαυτοῖς
1140 1403 1224 1454 οἱονεὶ
1241 1403 1315 1454 θεόν.
1352 1401 1425 1456 Plut.

304 1490 336 1542 de
355 1489 434 1544 Stoio.
453 1489 519 1559 Rep.
538 1490 581 1556 13,
600 1490 617 1542 2
636 1507 661 1559 p.
681 1489 765 1554 103&
791 1489 823 1542 de
841 1487 939 1543 Comm.
958 1487 1045 1543 Notit.
1064 1489 1107 1554 33,
1127 1489 1144 1542 2
1162 1507 1187 1558 p.
1207 1490 1277 1544 1076
1295 1505 1327 1542 ex
1345 1489 1427 1559 chry-

305 1579 393 1648 sippo:
413 1581 494 1653 όιρετῇ
514 1597 543 1632 τε
561 1581 615 1649 γάρ
634 1581 686 1648 οὐχ
706 1581 849 1648 ὑπερέχειν
867 1580 916 1631 τὸν
934 1583 991 1631 Δία
1010 1588 1060 1631 τοῦ
1078 1583 1193 1640 Δίωνος,
1212 1579 1385 1649 ὠφελεῖσθαί
1397 1600 1427 1634 τε

305 1671 408 1740 ὁμοίως
427 1665 475 1720 ὑπ’
494 1669 614 1734 ἀλλήλων
628 1669 677 1720 τὸν
691 1671 747 1720 Δία
766 1671 813 1720 καὶ
832 1669 880 1720 τὸν
894 1671 990 1720 Δίωνα
1005 1669 1112 1738 σοφούς
1126 1671 1214 1728 ὄντας,
1236 1696 1270 1706 -
1293 1667 1428 1722 Nimirum

304 1757 375 1810 inter
394 1756 526 1826 sapientes
545 1756 631 1809 omnia
649 1755 807 1809 eommunia:
836 1755 909 1809 Stob.
928 1754 983 1834 idol.
1001 1755 1029 1808 II
1047 1756 1101 1810 204
1127 1760 1175 1810 καὶ
1200 1759 1248 1809 τὸν
1267 1757 1429 1811 σπουδαῖον

305 1845 375 1898 εἶναι
392 1847 483 1917 μόνον
501 1847 637 1898 πλούσιον
654 1849 701 1898 καὶ
720 1845 871 1918 ἐλεύθερον,
898 1846 947 1898 τὸν
966 1845 997 1898 δὲ
1017 1847 1125 1916 φαῦλον
1144 1849 1308 1898 τούναντίον
1327 1874 1361 1882 -
1379 1849 1426 1899 καὶ

166 1931 278 2038 ἓξῗγὲξξξζ
306 1934 414 1987 δοῦλον.
451 1933 612 1999 Paradoxon,
632 1933 700 2002 quod
718 1933 747 1986 in
765 1933 819 1986 ista
837 1931 957 1986 doctrina
974 1932 1053 1999 inest,
1078 1949 1107 1986 eo
1126 1931 1239 1986 efficitur
1258 1931 1328 2002 quod
1346 1931 1428 2001 finge·

304 2022 371 2075 bant
394 2022 538 2092 sapientem
563 2022 684 2075 omnibus
708 2021 854 2074 virtutibus
873 2021 1024 2075 absolutum
1041 2021 1066 2073 h.
1086 2038 1108 2074 e.
1128 2021 1162 2074 ad
1179 2037 1264 2074 mores
1289 2024 1318 2074 et
1342 2021 1428 2074 offioia

304 2111 424 2164 absolute
442 2110 635 2178 intelligentam
653 2127 724 2177 esso,
750 2110 855 2163 etiamsi
872 2109 949 2164 homo
967 2113 1048 2164 natus
1074 2109 1111 2163 sit
1128 2109 1247 2179 nihilque
1264 2110 1374 2164 humani
1392 2111 1428 2164 ab

304 2215 333 2252 se
360 2199 475 2254 alienum
497 2198 594 2252 habeat
617 2215 701 2268 noque
725 2199 813 2268 sapiat
837 2199 923 2252 emnia
947 2215 1013 2268 quae
1031 2201 1145 2268 possunt
1163 2197 1264 2265 doceri,
1288 2199 1363 2252 velut
1381 2200 1428 2268 qui

304 2287 353 2340 hoo
379 2288 435 2341 loeo
463 2287 635 2355 enoyoliarnm
660 2287 757 2340 artium
787 2287 861 2340 rudis
886 2303 943 2340 esse
969 2287 1072 2340 dieitur.
1116 2285 1165 2340 Cui
1187 2289 1342 2354 argumento
1368 2303 1428 2340 oen·

304 2379 430 2444 gruenter
448 2377 594 2445 sapientem
614 2376 770 2429 statuebant
795 2393 878 2445 neque
897 2375 953 2428 falli
971 2391 1048 2444 posse
1071 2392 1155 2444 neque
1181 2375 1331 2445 delinquere
1356 2376 1428 2445 quio·

306 2481 384 2534 quam
407 2481 490 2533 neque
516 2464 611 2517 ideireo
637 2465 826 2534 poenitentiam
851 2480 928 2532 agere
952 2479 1081 2533 unquam:
1107 2463 1179 2517 Stob.
1198 2462 1253 2517 Eoi.
1276 2463 1304 2516 H
1322 2464 1376 2518 232
1386 2481 1427 2536 sq.

305 2551 399 2608 Omnia
425 2569 484 2606 eum
511 2553 576 2606 bene
604 2569 694 2620 agera,
727 2553 822 2622 quippe
849 2553 891 2606 eui
918 2553 1034 2622 perfecta
1057 2569 1073 2604 a
1096 2551 1154 2620 lege
1183 2555 1303 2621 potestas
1331 2554 1427 2621 egendi

304 2642 368 2696 data
387 2641 430 2707 sit,
449 2641 526 2708 Diog.
545 2641 597 2694 Vll
616 2641 676 2706 125,
705 2641 809 2694 etiamsi
833 2641 948 2710 turpiter
972 2643 1000 2694 et
1018 2641 1128 2694 obscene
1151 2641 1235 2694 faeere
1253 2640 1383 2708 videatur,
1401 2660 1428 2696 v.

304 2730 380 2799 Diog.
400 2730 452 2782 VII
470 2731 531 2784 188.
560 2755 593 2766 -
622 2729 711 2782 Etiam
737 2730 807 2782 vitea
832 2747 894 2784 suas
917 2729 970 2782 vim
994 2729 1086 2784 afferre
1104 2729 1167 2784 lieet
1185 2729 1312 2800 sapienti,
1337 2731 1361 2783 si
1379 2734 1429 2784 ant

304 2819 413 2890 pietatis
438 2818 551 2872 officium
575 2818 681 2888 aliquod
706 2821 749 2871 est
766 2819 956 2888 praestandum
974 2822 1022 2872 aut
1039 2819 1136 2872 ultima
1153 2819 1296 2872 neoeesitas
1315 2819 1427 2887 ingruit,

304 2926 328 2962 v.
346 2908 423 2975 Diog.
443 2905 494 2958 VH
512 2907 564 2960 130
583 2909 701 2976 εὐλόγως
719 2912 750 2961 τί
767 2925 856 2978 φασιν
874 2909 979 2968 ἐξάξειν
997 2907 1096 2960 ἑαυτὸν
1120 2917 1170 2960 τοῦ
1186 2913 1249 2976 βίου
1268 2909 1316 2960 τὸν
1335 2910 1430 2979 σοφὸν

304 3000 351 3049 καὶ
377 2997 444 3066 ὑπὲρ
470 2995 607 3066 πατρίδος
630 3000 677 3048 καὶ
697 2997 765 3070 ὑπὲρ
784 2999 879 3068 φίλων,
905 2999 956 3050 κάν
974 2998 1004 3049 ἓν
1022 2999 1185 3069 σκληροτέρᾳ
1211 3000 1323 3065 γένηται
1342 2999 1428 3065 ἀλγη-

305 3085 368 3138 δόνι
386 3087 402 3149 ἢ
420 3085 576 3154 πηρώσεσιν
594 3087 609 3149 ἢ
627 3087 721 3144 νόσοις
739 3086 870 3147 ἀνιάτοις,
899 3083 931 3138 of.
951 3083 1023 3137 Stob.
1042 3083 1096 3138 Ed.
1115 3083 1143 3136 Π
1160 3085 1225 3150 226;
1244 3083 1297 3138 Cio.
1317 3083 1350 3138 δθ
1368 3084 1428 3140 Fili.

245 3209 247 3214 -
303 3171 345 3224 HI
364 3172 406 3225 60.
443 3170 478 3224 Et
497 3173 603 3224 constat
621 3171 730 3238 Stoicos,
749 3172 906 3241 praesertim
924 3172 994 3226 inter
1011 3171 1151 3238 Romanos,
1174 3171 1203 3224 in
1222 3189 1251 3225 eo
1270 3173 1340 3242 quod
1355 3173 1430 3228 vitae

305 3277 333 3314 se
358 3258 502 3312 subduoore
526 3259 606 3313 lineat
629 3262 714 3314 morte
739 3260 888 3314 voluntaria
911 3261 1106 3331 (ἐξαγωγὴν
1126 3261 1211 3314 dioare
1230 3260 1362 3326 solebant)
1385 3263 1429 3316 vel

304 3349 455 3404 libertatem
480 3349 606 3418 sapientis
631 3349 702 3402 eerni
719 3351 842 3419 putasse,
871 3349 902 3402 of.
922 3348 1009 3402 Seneo.
1035 3348 1083 3418 Ep.
1103 3349 1151 3415 12,
1171 3350 1205 3402 10
1232 3365 1349 3418 memus
1377 3351 1429 3406 deo

302 3439 413 3506 gratias
432 3437 505 3505 qood
522 3454 600 3492 ιιαιιο
619 3437 650 3490 ιἰι
668 3438 726 3492 oeta
745 3438 832 3492 teneri
846 3443 944 3507 potest
965 3467 998 3476 —
1018 3437 1140 3492 Ceterum
1154 3437 1286 3507 sapientes
1304 3456 1368 3494 num
1381 3441 1430 3510 qui

305 3526 457 3579 exstiterint
482 3526 505 3579 si
528 3525 775 3594 interrogabantur,
794 3525 941 3593 Sacram,
960 3525 1162 3593 Antisthenen,
1181 3527 1324 3596 Diogenem
1342 3530 1430 3598 proxi·

304 3630 360 3666 mos
379 3613 461 3668 fuisse
475 3613 655 3670 affirmabant:
673 3615 750 3682 Diog.
765 3615 816 3668 VII
830 3616 873 3670 91.
910 3613 1095 3670 Consummate
1109 3616 1249 3686 sapientes,
1263 3617 1292 3670 si
1310 3634 1430 3688 unquam

305 3703 464 3770 exstiterint,
483 3703 644 3756 beatioribus
662 3703 807 3772 priscorum
827 3704 989 3758 saeculorum
1007 3705 1140 3758 aetatibus
1158 3705 1300 3759 exstitisse.

373 3897 461 3963 Stob.
483 3899 549 3963 sol.
572 3898 606 3962 H
632 3906 706 3964 184.
757 3897 803 3964 Τό
825 3922 860 3964 τε
884 3896 1010 3965 δίκαιόν
1033 3921 1117 3988 φασι
1139 3899 1235 3988 φύσει
1262 3892 1346 3966 εἶναι
1369 3900 1428 3967 καὶ
1437 3912 1476 3950 ⁴²¹
1489 3910 1508 3951 d

304 4005 349 4092 μὴ
365 4002 469 4070 θέσει.
494 4000 652 4087 ἑπόμενον
667 4002 704 4069 δὲ
718 4005 846 4082 τούτοις
868 4004 1024 4093 ὑπάρχειν
1046 4005 1103 4071 καὶ
1125 4007 1163 4072 τὸ
1186 4005 1428 4073 πολιτεύεσθαι

304 4110 359 4174 τόν
387 4111 491 4198 σοφὸν
520 4109 577 4176 καὶ
603 4099 742 4194 μάλιστ’
767 4108 800 4176 ἐν
829 4114 903 4188 ταῖς
932 4111 1102 4190 τοιαύταις
1131 4109 1317 4190 πολιτείαις
1351 4117 1428 4192 ταῖς

305 4213 541 4302 ἕμφαινούσαις
572 4217 645 4282 τινὰ
680 4217 853 4304 προκοπὴν
884 4219 970 4304 πρὸς
999 4219 1059 4296 τὰς
1088 4215 1213 4295 τελείας
1236 4215 1426 4297 πολιτείας·

304 4319 362 4386 καὶ
391 4323 429 4387 τὸ
459 4326 648 4405 νομοθετεῖν
678 4321 793 4388 δὲκαὶ
817 4323 855 4389 τὸ
879 4324 1047 4390 παιδεύειν
1070 4323 1285 4413 ἀνθρώπους,
1315 4321 1365 4390 ἔτι
1388 4323 1427 4390 δὲ

305 4427 500 4514 συγγράφειν
533 4431 575 4493 τά
610 4427 770 4512 δυνάμενα
805 4429 940 4518 ὠφελεῖν
969 4432 1044 4508 τοὺς
1078 4429 1324 4518 ἐντυγχάνοντας
1353 4433 1425 4508 τοῖς
