3146 4982
517 1119 798 1205 Academici
829 1123 959 1208 novi.

197 1280 229 1322 l

686 1331 792 1339 —auu—-a

129 1491 171 1530 ιοο
249 1467 333 1533 Sext
356 1469 470 1552 Pyrrh.
492 1469 509 1534 I
532 1478 607 1536 220.
650 1459 852 1558 Ἀκαδημίαι
875 1469 912 1536 δὲ
933 1469 1107 1556 γεγόνασιν,
1132 1472 1176 1549 ὣς
1195 1493 1298 1559 φασιν
1326 1462 1475 1566 ‘lffiffiffi‘

179 1570 210 1640 oi
227 1571 368 1655 τελείους,
385 1575 441 1640 δίο
456 1576 477 1664 ῆ
491 1578 502 1615 ¹
526 1577 629 1662 τρεῖς·
666 1575 724 1642 καὶ
738 1573 800 1659 μία
823 1574 883 1660 μὲν
905 1575 963 1642 καὶ
985 1575 1184 1666 ἀρχαιοτάτη
1201 1579 1300 1664 ἡτῶν

179 1678 257 1767 περὶ
280 1677 454 1762 Πλάτωνα,
479 1677 613 1768 δευτέρα
637 1680 674 1748 δὲ
696 1679 754 1747 καί
776 1680 859 1771 μίση
875 1683 895 1771 ἦ
910 1695 975 1748 τῶν
996 1681 1074 1768 περὶ
1087 1671 1301 1771 Ἀρκεσίλαον

179 1787 235 1852 τὸν
268 1785 426 1876 ἀκουστὴν
448 1786 658 1872 Πολέμωνος,
693 1785 787 1878 τρίτη
822 1787 860 1854 δὲ
893 1787 952 1854 καὶ
986 1787 1043 1856 νέα
1073 1791 1092 1878 ἦ
1126 1804 1191 1856 τῶν
1225 1790 1302 1876 περὶ

180 1893 369 1984 Καρνεάδην
398 1893 456 1960 καὶ
480 1894 712 1978 Κλειτόμαχον.
754 1889 836 1962 ἔνιοι
866 1893 902 1962 δὲ
930 1893 989 1960 καὶ
1017 1895 1174 1985 τετάρτην
1196 1918 1302 1982 προσ·

180 1997 315 2066 τιθέασι
337 2014 402 2084 τῶν
425 1999 503 2089 περὶ
528 1999 660 2067 Φίλιννα
683 2001 741 2068 καὶ
758 1998 943 2089 Χαρμίδαν.
966 2000 1052 2080 τινὲς
1074 2000 1111 2067 δὲ
1134 2001 1191 2068 καὶ
1214 2001 1302 2086 πίμ-

180 2131 267 2194 πτην
289 2105 503 2192 καταλέγουσι
526 2109 670 2196 τὴντῶν
693 2106 771 2196 περὶ
794 2109 849 2174 τὸν
869 2096 1061 2188 Ἀντίοχον.

252 2243 280 2285 a.
307 2229 447 2301 conspirat
464 2231 610 2286 Numenius
634 2247 675 2302 ap.
694 2231 788 2286 Euseb.
812 2231 856 2285 Pr.
876 2229 921 2284 Εν.
946 2230 1009 2284 XIV
1032 2231 1064 2297 4,
1091 2232 1133 2285 13.
1160 2232 1202 2286 16.
1240 2229 1304 2299 [Ga-

180 2318 242 2387 len]
272 2319 336 2374 hist.
364 2321 428 2390 phil.
454 2321 479 2374 3.
504 2320 570 2374 Dor.
589 2322 656 2388 599,
682 2322 714 2374 11
727 2337 766 2390 sq.
808 2319 939 2388 Diogenes
963 2322 1055 2373 eontra
1078 2319 1103 2387 (Ι
1127 2321 1176 2386 19;
1200 2320 1238 2373 IV
1256 2321 1303 2386 59)

180 2406 308 2474 Lacydsm
330 2409 496 2463 fundatorem
519 2425 600 2464 nevae
618 2409 773 2464 Academiae
798 2409 930 2479 appellat,
957 2425 988 2462 ee
1011 2409 1115 2462 nomine
1139 2411 1172 2462 ut
1189 2408 1302 2477 videtur,

182 2496 251 2564 qued
268 2496 312 2550 hic
330 2497 381 2550 alio
399 2501 479 2568 atque
498 2499 598 2568 priores
621 2499 677 2552 loco
695 2498 863 2552 Academicos
887 2513 1044 2566 congregare
1063 2498 1165 2552 solebat
1186 2497 1232 2566 (ib.
1248 2499 1301 2564 60).

180 2583 308 2640 Nonnulli
323 2585 457 2656 ¹duplicem
476 2587 616 2642 dumtaxat
628 2587 796 2642 Academiam
814 2587 895 2642 fuisse
914 2587 1061 2654 voluerunt,
1080 2589 1195 2640 veterem
1212 2590 1241 2640 et
1258 2604 1302 2640 no

181 2691 253 2730 vam:
278 2674 329 2732 Cic.
349 2675 381 2730 de
400 2675 474 2732 Orat.
494 2677 534 2730 111
553 2679 602 2743 67;
622 2676 667 2730 Ac.
686 2675 766 2743 146;
785 2676 817 2730 de
835 2675 892 2730 ffin.
911 2676 935 2728 V
955 2677 985 2742 73
1003 2675 1087 2730 Varro
1105 2693 1146 2746 ap.
1159 2675 1301 2744 Angustia.

181 2763 214 2816 de
232 2762 286 2817 Cir.
304 2763 337 2818 D.
356 2764 420 2818 XIX
439 2767 463 2832 1,
483 2767 507 2820 3.

129 2946 169 2986 ιιι
248 2924 339 3007 Diog.
362 2925 409 2990 IV
435 2934 487 2992 28.
531 2912 742 3012 Ἀρκεσίλαος
765 2925 900 3005 Σεύθου,
924 2925 968 3002 ὡς
988 2913 1242 3012 Ἀπολλόδωρος
1265 2922 1298 2990 ἐν
1326 2941 1440 2984 uocans·

182 3026 282 3117 τρίτην
306 3035 484 3117 Χρονικῶν,
508 3031 658 3119 Πιτάνης
680 3043 737 3119 τῆς
759 3027 930 3109 Αἰολίδος.
966 3025 1059 3110 οὗτός
1086 3029 1174 3098 ἐστιν
1203 3031 1302 3120 ὁτῆς

181 3134 282 3223 μίσης
294 3125 500 3226 Ἀκαδημίας
517 3137 693 3225 κατάρξας,
718 3151 852 3224 πρῶτος
875 3136 1017 3219 ἐπισχὼν
1039 3139 1099 3216 τὰς
1115 3137 1303 3226 ἀποφάσεις

183 3243 238 3308 διὰ
253 3245 313 3321 τὰς
328 3242 556 3332 ἐναντιότητας
577 3257 642 3310 τῶν
657 3243 769 3329 λόγιον.
794 3244 926 3331 πρώτος
949 3243 1058 3310 δὲκαὶ
1081 3240 1128 3324 εἰς
1153 3241 1303 3331 ἑκάτερον

182 3346 368 3438 ἐπεχείρησε
390 3349 448 3414 καὶ
472 3364 605 3438 πρῶτος
628 3325 683 3416 τδν
706 3350 801 3436 λόγον
823 3346 949 3438 ἐκίνησε
971 3351 1027 3415 τὸν
1042 3350 1108 3416 ὑπὸ
1125 3350 1303 3428 Πλάτωνος

182 3455 449 3544 παραδεδομένον
478 3456 537 3522 καὶ
566 3453 702 3546 ἐποίησε
728 3443 777 3522 δι’
796 3455 981 3545 ἐρωτήσεως
1010 3455 1068 3522 καὶ
1097 3454 1304 3544 ἀποκρίσεως

183 3561 453 3650 ἓριστικάιτερονῆ
480 3601 520 3612 -
556 3572 608 3633 29.
624 3551 768 3632 Ἤκουσε
792 3562 829 3630 δὲ
851 3551 929 3628 κατ’
948 3562 1047 3650 ἀρχάς
1069 3561 1128 3647 μὲν
1151 3561 1303 3630 Αὐτολύ-

183 3693 240 3734 κου
263 3680 322 3736 τοῦ
342 3675 593 3758 μαθηματικοῦ,
629 3666 768 3736 πολίτου
791 3671 1015 3753 τυγχάνοντος,
1047 3667 1126 3756 πρὶν
1149 3666 1304 3757 ἀνταίρειν

182 3771 230 3854 εἰς
251 3764 413 3865 Ἀθήνας,
444 3815 486 3824 -
516 3772 633 3842 ἔπειτα
657 3775 791 3844 Ξάνθου
821 3786 879 3842 τοῦ
898 3764 1081 3862 Ἀθηναίου
1110 3755 1320 3858 μουσικοῦῦἷ

182 3871 267 3964 μεθ’
291 3878 327 3948 ὃν
353 3882 564 3971 Θεοφράστου
595 3881 769 3970 διήκουσεν.
805 3877 922 3947 ἔπειτα
950 3883 1112 3970 μετῆλθεν
1134 3877 1181 3958 είς
1200 3870 1304 3945 Ἀκα-

185 3985 306 4078 δημίαν
329 3990 413 4078 πρὸς
436 3987 640 4076 Κράντοραθ.
677 4026 718 4035 -
755 3997 807 4054 30.
841 3989 895 4052 ἵνα
926 3987 983 4054 καὶ
1014 3989 1068 4054 τὸν
1095 3985 1305 4074 Θεόφραστον

185 4095 369 4190 κνιζόμενόν
397 4117 500 4183 φασιν
528 4090 633 4160 εἰπεῖν
665 4094 709 4172 ὡς
739 4092 857 4183 εὐφυὴς
880 4093 937 4160 καὶ
960 4091 1198 4182 εὐεπιχείρητος
1221 4091 1305 4158 ἀπε-

182 4202 336 4290 ληλυθὼς
358 4214 415 4290 τῆς
432 4202 603 4289 διατριβῆς
625 4195 676 4288 ε’ίη
699 4198 873 4280 νεανίσκος.
905 4199 1040 4288 καὶγὰρ
1063 4199 1096 4266 ἐν
1111 4202 1182 4276 τοῖς
1198 4197 1305 4283 λόγοις

259 4379 286 4443 ι)
305 4381 414 4440 ηιατυς
432 4381 486 4452 μιν
508 4359 571 4452 ur.
586 4395 608 4432 e.
629 4383 696 4433 ε-
711 4378 771 4443 ιιι,
792 4377 823 4430 er.
838 4377 890 4432 ca.
909 4377 927 4462 ι
942 4377 960 4431 ι.
975 4379 1041 4464 nor.v
1052 4389 1078 4444 ι,
1092 4375 1177 4442 noers)
1196 4380 1212 4462 η
1229 4375 1306 4431 lieri:

186 4471 214 4520 ολ
232 4471 343 4527 κλείσεις
359 4473 425 4540 μέν,
444 4473 502 4521 Bl’:
522 4471 555 4521 οὐ
580 4473 691 4528 πλείους
712 4469 766 4540 μὲν
783 4471 799 4532 ἢ
817 4463 959 4522 mondus.
