3148 4984
323 323 378 381 518
787 323 976 394 Neoplatoniei.

230 569 233 574 .
322 474 494 572 Ὠριγένης
523 481 582 566 μὲν
611 482 784 570 ἠκολούθει
807 482 854 570 τῷ
878 482 1050 571 φθάσαντι
1070 472 1231 569 Ἐρεννίιμ,
1262 478 1389 569 ἔγραψε
1411 479 1449 546 δὲ

325 589 417 656 οὐδέν
439 591 526 678 πλήν
548 591 586 655 τὸ
609 588 694 677 Περὶ
723 603 789 655 τῶν
812 589 975 672 δαιμόνων
997 591 1192 676 σὺγγραμμα
1215 587 1272 654 καί
1296 587 1355 654 ἐπὶ
1380 595 1411 652 Γ
1407 613 1447 652 α-

325 699 434 786 λιήνου
452 685 528 764 εὈτι
557 696 655 780 μόνος
683 698 823 785 ποιητὴς
855 696 872 761 ό
902 696 1063 780 βασιλεύς.
1110 696 1283 773 Πλωτῖνος
1313 694 1350 760 δὲ
1373 693 1446 780 άχρι

323 802 383 887 μὲν
406 804 533 870 πολλοῦ
555 802 689 891 γράφων
717 801 809 869 οὐδὲν
833 801 1023 884 διετέλεσεν,
1054 801 1090 868 ἐκ
1120 801 1158 868 δὲ
1180 814 1239 891 τῆς
1259 791 1447 885 Ἀμμωνίου

324 909 496 988 συνουσίας
526 910 719 993 ποιούμενος
748 911 808 988 τὰς
836 910 1022 996 διατριβάς,
1055 907 1113 974 καὶ
1136 910 1238 986 οὑτως
1260 909 1344 974 όλων
1367 907 1448 974 ἐτῶν

324 1015 404 1082 δέκα
420 1014 578 1082 διετέλεσε
600 1017 703 1082 συνὼν
724 1015 783 1099 μέν
805 1037 882 1097 τισι,
906 1016 1040 1104 γράφων
1063 1013 1099 1081 δέ
1114 1013 1234 1081 οὑδένᾱ.
1253 1053 1295 1062 -
1313 1002 1448 1096 7.”Εσγε

324 1121 361 1188 δέ·
377 1121 433 1188 καί
450 1121 508 1205 έμέ
526 1123 726 1210 Πορφάριον,
754 1122 870 1209 Τύριον
892 1118 979 1202 όντα,
1004 1120 1037 1186 ἐν
1059 1125 1130 1198 τοῖς
1144 1121 1292 1203 μάλιστα
1309 1117 1447 1207 ἑταῖρον,

324 1226 360 1294 ὃν
389 1227 447 1294 καὶ
478 1229 634 1315 διορθοῦν
663 1225 764 1294 αἰτοῦ
784 1229 827 1293 τὰ
850 1227 1087 1314 συγγράμματα
1111 1225 1211 1316 ἠξίου.
1258 1237 1288 1294 8.
1313 1227 1447 1314 γράψας

325 1336 385 1422 γὰρ
409 1333 531 1412 ἐκεῖνος
554 1333 607 1412 δίς
629 1335 668 1399 τὸ
690 1333 814 1422 γραφέν
832 1334 1030 1418 μεταβαλεῖν
1053 1322 1209 1400 οὐδέποτ’
1228 1333 1267 1398 δν
1289 1332 1447 1422 ἠνέσχετο,

324 1428 402 1506 ἀλλ’
426 1439 499 1506 οὐδὲ
530 1439 624 1520 δίπαξ
661 1449 735 1525 γοῦν
763 1439 945 1525 άναγνῶναι
974 1438 1032 1505 καὶ
1063 1441 1208 1506 διελθεῖν
1237 1440 1293 1505 διὰ
1321 1441 1360 1505 τὸ
1390 1441 1448 1528 τὴν

325 1547 438 1634 ὅρασιν
460 1547 505 1634 μή
528 1547 768 1635 ὑπηρετεῖσθαι
793 1545 883 1632 αὐτῷ
905 1547 990 1633 πρὸς
1012 1547 1070 1635 τήν
1093 1545 1278 1631 ἀνάγνωσιν.
1325 1541 1448 1634 έγραφε
1549 1619 1550 1626 ,

325 1650 361 1717 δὲ
385 1650 456 1718 οἰτε
478 1649 525 1730 εἰς
553 1651 671 1730 κάλλος
694 1651 963 1735 άποτυποάμενος
992 1654 1034 1718 τά
1057 1651 1235 1740 γράμματα
1258 1649 1331 1718 οἰίτε
1353 1651 1446 1740 εἰσή-
1549 1701 1550 1732 1

324 1783 394 1841 μως
418 1759 477 1836 τὰς
493 1757 657 1842 συλλαβάς
680 1759 815 1845 διαιρῶν
838 1757 910 1824 οἰίτε
932 1771 989 1846 τῆς
1005 1755 1233 1846 ὀρθογραφίας
1256 1755 1447 1846 φροντίζων,
1549 1815 1550 1820 ,

324 1864 408 1930 άλλδ
442 1865 540 1947 μόνον
572 1875 631 1930 τοῦ
664 1875 719 1930 νοῦ
752 1863 925 1948 ε’χόμενοςθ.
960 1901 1005 1912 -
1041 1875 1091 1932 10.
1111 1851 1173 1929 Ἠν
1202 1863 1239 1930 δέ
1267 1864 1325 1930 καὶ
1359 1867 1447 1930 κατὰ

324 1969 446 2056 γένεσιν
469 1969 570 2036 πλέον
593 1995 626 2036 τι
650 1967 729 2052 έήμου
751 1973 847 2057 παρὰ
869 1972 944 2049 τοὺς
966 1970 1084 2049 άλλους
1108 1972 1126 2036 ὑ
1148 1971 1329 2048 Πλωτῖνος.
1377 1967 1446 2036 Αἰ-

324 2077 463 2163 γύπτιος
486 2075 547 2164 γάρ
570 2101 621 2168 τις
638 2074 737 2165 ῖερεὺς
753 2077 899 2142 ἀνελθὼν
921 2074 969 2155 εἰς
991 2079 1048 2166 τήν
1061 2067 1184 2165 Ῥώμην
1206 2075 1262 2142 καί
1287 2077 1344 2142 διά
1359 2101 1447 2155 τινος

324 2181 423 2271 φίλου
447 2181 536 2270 αὐτῷ
560 2181 768 2270 γνωρισθείς,
798 2182 907 2249 θέλων
937 2207 972 2249 τε
994 2197 1051 2272 της
1075 2181 1192 2250 ἑαυτοῦ
1213 2181 1336 2272 σοφίας
1358 2183 1446 2249 εἰπό-

324 2289 426 2368 δειξιν
455 2290 567 2355 δοῦναι
598 2287 716 2378 ἠξίωσε
744 2291 800 2355 τὸν
832 2290 1002 2356 Πλωτῖνον
1030 2288 1090 2355 έπί
1113 2288 1198 2355 θέαν
1219 2287 1447 2378 ἀναφικέσθαι

325 2405 384 2461 τοῦ
399 2395 548 2473 συνόντος
571 2394 660 2482 αὐτῷ
684 2392 803 2462 οἰκείου
819 2393 974 2479 δαίμονος
997 2395 1203 2480 καλουμένου.
1227 2407 1285 2461 τοῦ
1307 2394 1344 2461 δέ
1360 2392 1445 2462 ἑτοί-

324 2525 394 2586 μως
410 2503 658 2580 ὑπακούσαντος
680 2499 803 2587 γίνεται
825 2499 884 2585 μέν
907 2501 940 2567 έν
962 2501 1010 2589 τῷ
1031 2494 1137 2588 Ἰσείῳ
1161 2502 1327 2590 ἠκλησις·
1349 2502 1447 2584 μόνον

324 2610 386 2695 γὰρ
410 2607 531 2674 ἐκεῖνον
558 2609 614 2673 τὸν
643 2608 746 2675 τόπον
774 2608 927 2696 καθαρόν
949 2612 1074 2697 φησιν·1
1097 2609 1200 2696 εὑρεῖν
1221 2607 1255 2674 έν
1277 2607 1321 2696 τῇ
1341 2597 1447 2696 Ῥώμη

325 2716 381 2780 τὸν
404 2711 602 2800 Αἰγύπτιον.
626 2713 791 2803 κληθέντα
816 2714 852 2780 δὲ
874 2712 922 2793 εἰς
945 2713 1111 2804 αὑτοψίαν
1133 2716 1189 2780 τὸν
1211 2711 1352 2797 δαίμονα
1368 2716 1448 2780 θεὸν

324 2819 436 2886 ἐλθεῖν
457 2819 514 2886 καὶ
529 2823 573 2907 μή
589 2831 647 2886 τοῦ
661 2821 823 2904 δαιμόνων
846 2814 929 2888 εἶναι
945 2820 1068 2906 γένους·
1091 2822 1171 2887 ὅθεν
1185 2821 1240 2887 τόν
1255 2817 1447 2906 Αἰγύπτιον

324 2924 446 2992 εἰπεῖν·
481 2927 661 3013 Μακάριος
695 2920 722 2993 εἰ
757 2930 837 2994 θεὸν
866 2923 946 3010 έχων
974 2929 1031 2994 τὸν
1060 2925 1201 3011 δαίμονα
1230 2927 1287 2993 καὶ
1322 2927 1360 2994 οὐ
1389 2938 1446 2993 τοῦ

324 3031 494 3120 ὑφειμένου
510 3030 617 3117 γένους
639 3035 694 3100 τόν
716 3034 860 3100 συνόντα.
877 3071 919 3084 -·-
946 3044 996 3100 12.
1011 3024 1186 3124 Ἐτίμησαν
1207 3034 1244 3100 δέ
1266 3036 1322 3101 τὸν
1344 3035 1446 3099 Πλω-

325 3143 414 3204 τῖνον
435 3139 581 3222 μάλιστα
604 3139 661 3205 καὶ
684 3139 877 3228 έσέφθησον
893 3148 923 3205 Γ
920 3141 1052 3229 αλιηνός
1074 3166 1110 3207 τε
1126 3142 1144 3208 ὁ
1160 3139 1371 3228 αὐτοκράτωρ
1388 3139 1445 3206 καί

324 3245 480 3334 ἠτοάτου
510 3247 585 3335 γυνή
609 3245 786 3312 Σαλωνίνοι.
825 3248 843 3312 ὑ
873 3246 909 3312 δὲ
932 3247 975 3336 τῇ
1004 3245 1101 3336 φιλίᾳ
1130 3247 1172 3336 τῇ
1195 3249 1318 3314 τούτων
1340 3271 1446 3313 κατα-

322 3352 482 3438 χρώμενος
511 3353 702 3441 φιλοσόφων
731 3355 803 3418 τινὰ
826 3351 946 3419 πόλιν(
966 3355 1053 3420 κατὰ
1083 3355 1141 3442 τήν
1165 3349 1371 3437 Καμπανίαν
1393 3376 1445 3438 γε-

324 3465 481 3546 γενῆσθαι
498 3457 675 3546 λεγομένην,
699 3459 806 3537 άλλως
829 3458 866 3525 δὲ
881 3457 1154 3548 κατηριπωμένην
1169 3456 1259 3548 ἠξίου
1275 3455 1446 3545 ἀνεγείρειν

324 3563 381 3629 καὶ
397 3565 454 3652 τήν
478 3564 577 3650 πέριξ
590 3567 699 3652 χώραν
711 3563 919 3652 χαρίσασθαι
943 3563 1129 3653 οἰκισθείσῃ
1145 3566 1188 3654 τῇ
1203 3564 1309 3644 πόλει,
1334 3563 1446 3648 νόμοις

325 3668 362 3735 δέ
374 3675 521 3758 χρῆσθαι
536 3673 611 3748 τοὺς
633 3675 798 3738 κατοικεῖν
821 3670 998 3750 μέλλοντας
1020 3675 1090 3750 τοῖς
1112 3670 1293 3749 Πλάτοινος
1316 3670 1374 3736 καί
1390 3673 1447 3758 τήν

324 3773 547 3864 προσηγορίαν
581 3775 665 3866 αὐτῇ
698 3777 960 3844 Πλατωνόπολιν
993 3776 1132 3843 θέσθαι.
1178 3773 1246 3844 ἐκεῖ
1278 3800 1314 3842 τε
1348 3776 1446 3854 αὐτὸς

323 3885 406 3966 μετὰ
429 3895 494 3948 τῶν
517 3879 655 3968 ἑταίρων
677 3882 894 3971 άναχωρήσειν
915 3885 1111 3964 ὑπισχνεῖτο.
1134 3881 1193 3948 καί
1215 3871 1335 3968 ἐγένετ’
1353 3883 1393 3947 ἂν
1407 3883 1446 3948 τδ

323 3990 471 4078 βούλημα
494 3987 531 4054 ἐκ
552 4000 611 4054 τοῦ
626 3984 746 4076 ῥᾴστου
769 3990 817 4075 τῷ
832 3989 1013 4077 φιλοσόφῳ,
1038 3986 1067 4055 εἰ
1089 3990 1134 4078 μή
1149 4010 1233 4067 τινες
1255 4001 1322 4054 τῶν
1336 3989 1445 4056 συνόν-

324 4120 388 4161 των
417 4094 466 4182 τηί
495 4095 627 4179 βασιλεῖ
656 4100 854 4182 φθονοῦντες
882 4095 903 4183 ἠ
926 4107 1116 4178 νεμεσῶντες
1137 4095 1158 4183 ἠ
1181 4083 1229 4160 δι’
1248 4093 1350 4183 άλλην
1373 4094 1445 4160 τινὰ

324 4198 437 4266 αἰτίαν
463 4202 634 4289 μοχθηρὰν
668 4199 889 4267 ένεπόδισανῑ.
927 4239 967 4248 -
1005 4212 1056 4268 23.
1091 4203 1201 4279 Οὑτως
1231 4200 1267 4266 δὲ
1299 4201 1444 4284 μάλιστα

397 4431 424 4494 1)
444 4447 529 4501 φησιν
546 4430 612 4484 AB:
632 4441 720 4502 φῆσαι
740 4431 772 4486 0:
793 4447 882 4503 φασιν
899 4429 1035 4499 Κὶτοῖτυετ,
1054 4431 1164 4486 ΜὺΙΙοεε
1184 4434 1272 4503 φάναι
1291 4429 1410 4486 eroum.
