3156 4988
309 279 364 341 300
785 283 950 338 Aristoteles.

311 439 447 520 ἕκαστος
471 441 676 526 ἐπιμελεῖται
699 457 763 510 τῶν
787 445 886 510 αὑτοῦ
908 442 1026 510 τέκνων
1049 440 1119 532 ἰδίᾳ
1142 468 1177 510 τε
1201 443 1259 509 καὶ
1281 443 1425 533 μάθησιν

312 545 408 630 ἰδίαν,
433 546 471 638 ἣν
493 550 532 614 ἀν
555 549 641 638 δόξῃ,
666 549 837 616 διδάσκων.
870 551 919 616 δεῖ
942 549 978 616 δέ
999 563 1064 615 τῶν
1086 563 1203 616 κοινῶν
1219 552 1328 639 κοινήν
1351 575 1426 617 ποι-

310 657 425 720 εῖσθαι
449 654 506 722 καὶ
528 658 585 744 τήν
607 655 752 744 όίσκησιν.

663 1242 841 1320 Rhetorioa
868 1253 902 1318 et
931 1243 1072 1322 Ροοοίοε.

258 1603 283 1632 0⁸
377 1580 563 1645 Rhet.12.
589 1577 771 1646 13551’26.
809 1567 923 1644 ’Ἔστω
947 1579 986 1666 δή
1010 1580 1162 1666 ῥητορική
1186 1577 1321 1660 δόναμις
1353 1575 1493 1664 περίιυι

311 1683 447 1752 ἕκαστον
468 1695 527 1750 τοῦ
551 1690 718 1773 θεωρῆσαι
741 1687 778 1752 τδ
802 1683 1004 1768 ἐνδεχόμενον
1028 1684 1184 1750 πιθανόν.
1215 1722 1259 1732 -
1287 1685 1335 1749 Ib.
1359 1684 1376 1748 I
1399 1693 1427 1748 4.

313 1792 418 1858 1359b
443 1802 471 1858 9.
516 1779 564 1856 Ἡ
581 1793 733 1879 ῥητορική
757 1793 925 1877 σύγκειται
946 1790 1007 1875 μὲν
1030 1790 1067 1857 ἐκ
1096 1815 1131 1858 τε
1153 1803 1211 1878 τῆς
1239 1790 1430 1878 ἀναλυτικῆς

311 1896 496 1986 ἐπιστήμης
530 1895 587 1962 καί
622 1909 679 1985 τῆς
713 1896 792 1987 περὶ
827 1899 869 1963 τὰ
903 1894 970 1985 ήθη
1006 1898 1187 1984 πολιτικῆς.
1218 1934 1260 1944 -
1291 1897 1429 1964 Ib.13.

313 2012 418 2071 1350ιι
442 2012 494 2071 36.
533 1990 629 2069 ’Ἐστι
658 2002 694 2069 δέ
724 2016 782 2090 τῆς
806 2007 977 2092 ῥητορικῆς
1001 2000 1071 2091 εἴδη
1095 2000 1171 2089 τρία
1195 2003 1250 2069 τὸν
1273 2001 1430 2089 ἀριθμόν·

310 2121 459 2176 τοσοῦτοι
481 2111 543 2196 γὰρ
568 2108 625 2175 καὶ
641 2105 673 2176 οἱ
689 2107 851 2198 ἀκροαταί
868 2123 932 2174 τῶν
948 2109 1050 2194 λόγων
1066 2108 1265 2197 ὑπάρχουσιν
1279 2105 1375 2186 όντες.
1390 2146 1429 2155 -

310 2216 431 2304 ἀνάγκη
455 2215 493 2281 δέ
515 2217 570 2282 τόν
592 2216 755 2304 ἀκροατήν
777 2217 798 2305 ἢ
821 2216 947 2303 θεωρὸν
968 2208 1052 2282 εἶναι
1076 2216 1095 2304 δή
1117 2217 1238 2304 κριτήν,
1262 2217 1375 2303 κριτήν
1396 2213 1431 2279 δέ

311 2323 331 2409 ἢ
359 2335 423 2386 τῶν
456 2321 668 2410 γεγενημένων
702 2323 721 2411 ἢ
756 2335 821 2388 τῶν
853 2321 1042 2405 μελλόντων.
1088 2318 1158 2387 ἐστι
1181 2310 1215 2386 δ’
1234 2321 1251 2386 ὁ
1273 2319 1333 2405 μέν
1355 2319 1431 2408 περὶ

312 2439 375 2493 τῶν
408 2427 590 2511 μελλόντων
623 2426 739 2516 κρίνων
773 2419 842 2494 οἷον
876 2427 1125 2516 ἐκκλησιαστής,
1160 2428 1177 2492 ό
1201 2425 1238 2493 δέ
1266 2425 1431 2513 περὶτῶν

312 2532 522 2622 γεγενημένων
556 2524 624 2599 οἷον
654 2535 865 2623 όδικαστής,
900 2535 918 2599 ό
951 2533 987 2599 δὲ
1021 2532 1098 2618 περὶ
1129 2546 1186 2621 τῆς
1220 2532 1386 2616 δυνάμεως
1415 2533 1431 2598 ό

310 2641 452 2726 θεωρός·
500 2629 581 2706 ὥστ’
600 2639 636 2720 ἐξ
658 2639 797 2728 ἀνάγκης
821 2637 933 2729 ἀνείη
956 2637 1033 2727 τρία
1057 2638 1129 2728 γένη
1153 2653 1218 2704 τῶν
1240 2637 1344 2725 λόγων
1367 2653 1431 2704 τῶν

311 2752 505 2836 ῥητορικῶν·
566 2747 939 2830 συμβουλευτικόν,
986 2746 1218 2826 δικανικόν,
1265 2744 1431 2828 ἐπιδει-

312 2853 478 2919 κτικόνὶ

251 3072 287 3100 ιω
381 3033 473 3095 Anal.
497 3033 579 3114 post.
602 3029 636 3093 ΙΙ
662 3038 712 3096 19.
738 3039 819 3096 1001
844 3037 872 3095 6.
917 3019 972 3094 Ἐκ
995 3017 1026 3094 δ’
1046 3026 1221 3116 ἐμπειρίας
1243 3030 1263 3117 ἢ
1286 3027 1323 3094 ἐκ
1344 3046 1494 3094 παν-ιυι

312 3135 368 3213 τδς
391 3134 609 3224 ἠρεμήσοντος
631 3145 690 3201 τοῦ
711 3135 858 3202 καθόλου
882 3134 916 3201 ἐν
938 3134 980 3224 τῇ
1006 3133 1107 3223 ψυχῇ,
1143 3145 1202 3200 τοῦ
1234 3131 1303 3212 ἐνδς
1337 3136 1432 3222 παρὰ

312 3242 354 3306 τά
377 3241 501 3320 πολλά,
528 3238 546 3307 ὃ
569 3241 607 3306 ἀν
629 3241 662 3306 ἐν
685 3243 811 3307 δίπασιν
833 3237 867 3306 ἐν
891 3240 948 3331 ἐνῇ
970 3237 1105 3318 ἐκείνοις
1134 3242 1173 3306 τδ
1203 3238 1299 3321 αὐτό,
1322 3239 1431 3330 τέχνης

312 3345 473 3435 ἀρχὴκαὶ
498 3345 688 3435 ἐπιστήμης,
723 3347 779 3413 ἐὰν
801 3347 860 3431 μέν
884 3346 962 3435 περί
986 3346 1120 3432 γένεσιν,
1156 3345 1280 3434 τέχνης,
1317 3345 1373 3411 ἐὰν
1397 3344 1432 3412 δέ

312 3451 391 3539 περί
413 3454 452 3518 τδ
475 3449 520 3533 όν,
544 3451 734 3541 ἐπιστήμης.
768 3493 810 3501 -
841 3455 1008 3519 001110.
1033 3455 1080 3518 VI
1104 3463 1133 3518 4.
1159 3463 1264 3519 1140*
1290 3464 1317 3519 1.
1367 3458 1433 3518 Τοῦ

312 3547 347 3623 δ’
370 3557 574 3641 ἐνδεχομένου
605 3558 711 3638 άλλως
739 3555 821 3641 ἐχειν
843 3555 913 3626 ἐστι
936 3585 969 3625 τι
999 3558 1057 3626 καί
1080 3561 1219 3648 ποιητὸν
1252 3558 1309 3624 καὶ
1342 3585 1431 3647 πρα-

314 3663 404 3743 κτόν,
440 3661 547 3750 ἕτερον
581 3654 614 3730 δ’
645 3663 715 3731 ἐστὶ
751 3663 887 3754 ποίησις
920 3666 978 3732 καί
1011 3666 1140 3753 πρᾶξις.
1168 3703 1208 3714 -
1239 3666 1258 3753 ή
1291 3662 1353 3748 μέν
1379 3661 1431 3730 οδν

312 3768 404 3858 τέχνη
430 3807 472 3819 -—
497 3769 564 3848 ἕξις
586 3797 637 3849 τις
659 3773 742 3853 μετὰ
765 3771 860 3856 λόγου
883 3771 1028 3860 ἀληθοῦς
1051 3771 1208 3860 ποιητική
1232 3769 1329 3836 ἐστιν.

379 3949 468 4014 Poet.
496 3959 523 4013 1.
554 3957 657 4014 14471
682 3957 731 4014 13.
775 3937 957 4015 Ἐποποιία
981 3950 1020 4038 δή
1043 3947 1101 4014 καί
1124 3950 1143 4037 ή
1167 3961 1225 4037 τῆς
1248 3945 1431 4036 τραγῳδίας

311 4051 462 4144 ποίησις,
491 4051 541 4120 ἔτι
564 4053 601 4120 δέ
623 4051 780 4140 κωμῳδία
804 4053 862 4121 καί
884 4057 904 4144 ῆ
927 4056 1272 4144 διθυραμβοποιητική
1295 4053 1431 4143 καὶτῆς

313 4160 488 4250 αι’·λητικῆς
512 4164 530 4250 ή
555 4157 692 4249 πλείστη
717 4159 775 4226 καὶ
799 4167 1047 4251 κιθαριστικῆς,
1084 4173 1194 4228 πᾶσαι
1224 4160 1431 4246 τυγχάνουσιν

314 4263 408 4362 οὖσαν
430 4268 583 4356 μιμήσεις
612 4269 650 4334 τδ
679 4267 818 4334 σίνολον.
865 4266 1057 4356 διαφέρουσι
1080 4268 1117 4336 δὲ
1140 4269 1287 4358 ἀλλήλων
1310 4264 1430 4356 τρισίν·

313 4372 416 4460 ἢγὰρ
442 4372 489 4460 τῷ
513 4371 595 4459 γένει
618 4371 740 4462 ἑτέροις
761 4379 949 4458 μιμεῖσθαι,
973 4376 993 4464 ἢ
1015 4375 1064 4463 τῷ
1086 4374 1180 4464 ἕτερα
1203 4377 1223 4464 ἢ
1244 4375 1293 4464 τή
1317 4373 1430 4462 ἑτέρως
