3156 4988
665 313 766 368 Ethioa.
1225 311 1278 372 347

154 472 216 557 μέν
251 469 304 538 οὖν
338 471 396 538 οόκ
430 469 512 538 εἰσίν
543 465 620 538 ούθ’
640 470 675 538 αί
707 472 819 560 άρεταί
849 463 929 539 α’ύθ>
948 470 981 539 αί
1007 473 1131 554 κακίαι,
1167 475 1217 540 ὅτι
1241 474 1278 541 οὐ

156 580 323 665 λεγόμεθα
345 581 495 644 κατὰτὰ
519 580 617 667 πάθη
642 581 820 645 σπουδαῖοι
844 581 864 668 ἢ
887 581 1024 668 φαῦλοι,
1049 582 1135 646 κατά
1159 579 1195 646 δέ
1219 583 1278 658 τάς

155 686 274 772 ὀρετάς
298 687 317 774 ἢ
339 687 399 763 τὰς
422 683 540 763 κακίας
564 686 743 770 λεγόμεθα,
767 685 823 750 καὶ
848 687 898 750 ὅτι
922 687 1008 752 κατὰ
1031 685 1090 769 μέν
1113 688 1155 750 τά
1178 687 1277 774 πάθη

154 783 226 859 σῖτ’
245 790 472 876 ἐπαινούμεθα
497 790 567 857 ούτε
591 792 765 877 ψεγύμεθα
800 791 850 878 (οό
872 795 933 879 γὰρ
957 792 1142 858 έπαινεῖται
1170 793 1188 857 ὁ
1215 815 1278 880 φο·

154 900 308 984 βούμενος
332 898 405 964 οὐδὲ
428 899 445 962 ὀ
469 896 687 984 ὀργιζόμενος,
711 897 785 963 οόδὲ
808 897 946 984 ψέγεται
970 899 988 964 δ
1011 898 1127 974 ἁπλῶς
1150 895 1276 984 ὀργιζό-

153 1029 250 1089 μενος
267 994 343 1070 ἀλλ’
358 1006 375 1069 δ
391 1005 485 1088 πώς),
510 1006 595 1068 κατὰ
619 1003 729 1082 δὲτὰς
745 1005 861 1090 άρετὰς
878 1003 934 1070 καί
957 1007 1017 1082 τὰς
1040 1002 1160 1082 κακίας
1176 1005 1276 1070 ἐπαι-

155 1113 301 1194 νούμεθα
325 1111 345 1198 ἢ
370 1111 552 1197 φεγύμεθα.
599 1106 648 1174 έτι
679 1107 879 1196 ὀργιζόμεθα
908 1109 968 1194 μέν
997 1109 1055 1175 καὶ
1079 1112 1276 1199 φοβούμεθα

153 1217 398 1304 ἀπροαιρέτως,
434 1212 468 1281 αί
505 1206 539 1280 δ’
565 1215 677 1301 ἀρεταὶ
714 1215 922 1304 προαιρέσεις
954 1215 1084 1306 τινὲςῆ
1114 1216 1170 1283 οόκ
1202 1217 1275 1283 άνεο

155 1322 406 1412 προαιρέσεωςῆ
438 1324 522 1409 πρὸς
538 1320 575 1388 δέ
589 1323 716 1400 τούτοις
739 1325 824 1388 κατὰ
846 1321 905 1406 μέν
927 1325 970 1388 τά
993 1323 1091 1412 πάθη
1108 1321 1273 1389 κινεῖσθαι

152 1430 334 1514 λεγύμεθα,
359 1430 444 1494 κατὰ
468 1427 503 1493 δὲ
525 1430 584 1506 τάς
607 1427 724 1515 ὀρετύς
746 1427 802 1494 καί
825 1431 885 1507 τὰς
907 1427 1026 1508 κακίας
1049 1429 1086 1494 οό
1108 1435 1274 1496 κινεῖσθαι

153 1534 238 1600 άλλά
269 1531 462 1600 διακεῖσθαί
491 1559 572 1611 πως.
620 1535 675 1598 διὰ
705 1543 810 1598 ταῦτα
839 1533 875 1600 δέ
905 1534 979 1600 οόδέ
1002 1536 1153 1619 δυνάμεις
1176 1533 1273 1601 είσίν·

1311 485 1353 514 non
1368 476 1404 516 est

1312 529 1407 569 affectus

151 1639 226 1706 σ’ύτε
261 1642 321 1728 γάρ
357 1639 481 1726 ὀγαθοί
516 1640 680 1725 λεγύμεθα
714 1641 762 1727 τῷ
796 1641 960 1707 δύνασθαι
990 1642 1127 1724 πάσχειν
1156 1642 1272 1720 ἁπλῶς
1291 1657 1474 1706 ποιπνύουσαι

151 1746 226 1814 σ”ύτε
250 1745 362 1827 κακοί,
394 1735 464 1813 οὔτ’
483 1745 711 1829 ἐπαινούμεθα
735 1745 807 1812 α’ύτε
832 1748 1015 1834 φεγύμεθα.
1062 1747 1118 1814 καί
1143 1745 1191 1814 έτι
1216 1749 1272 1813 δυ-

151 1853 246 1919 νατοί
280 1852 339 1936 μέν
375 1852 470 1935 έσμεν
503 1855 613 1940 φύσει,
648 1853 771 1938 άγαθοί
802 1853 839 1918 δὲ
861 1855 880 1942 ἢ
904 1853 1000 1920 κακοί
1033 1853 1069 1919 ού
1092 1854 1272 1939 γιγνόμεθα

150 1961 258 2047 φύσει.
282 1995 327 2006 -
350 1957 379 2024 είγ
402 1957 456 2024 ούν
477 1960 557 2048 μήτε
580 1959 679 2047 πάθη
703 1956 785 2024 είσίν
808 1957 841 2024 αῖ
867 1959 979 2044 άρεταί
1007 1962 1088 2048 μήτε
1111 1961 1270 2046 δυνάμεις,

151 2062 304 2131 λείπεται
334 2064 434 2145 έξειςὴ
458 2065 560 2144 αότάς
588 2058 680 2130 εἶναι.
711 2103 753 2114 -
789 2077 817 2132 5.
852 2067 902 2131 δεῖ
925 2065 961 2131 δέ
982 2069 1027 2154 μὴ
1049 2067 1146 2149 μόνον
1169 2067 1270 2144 οὕτως
1289 2065 1432 2160 fledffiistus

149 2167 259 2236 εἰπεῖν
267 2223 274 2252 ,
299 2172 349 2236 δτι
372 2171 455 2251 έξις,
487 2171 570 2237 άλλά
594 2171 650 2237 καί
674 2169 758 2236 ποία
782 2197 841 2250 τις.
888 2171 1001 2260 ῥητέον
1024 2169 1078 2237 οόν
1101 2173 1151 2237 ὅτι
1176 2182 1270 2236 πάσα

149 2277 262 2366 άρετη,
298 2271 337 2342 ού
364 2279 402 2341 ὀίν
430 2265 450 2366 ᾖ
479 2277 591 2365 άρετη,
628 2277 707 2342 αύτύ
736 2301 772 2342 τε
798 2275 831 2342 εδ
863 2274 934 2359 ἔχον
964 2277 1118 2344 ἀποτελεῖ
1147 2275 1203 2343 καί
1233 2278 1271 2344 τὸ

149 2379 244 2470 ἔργον
268 2381 367 2448 αὐτοῦ
389 2381 422 2448 εδ
445 2381 656 2464 άποδίδιοοιν,
682 2375 749 2449 οἷον
772 2387 791 2472 η
814 2394 872 2450 τοῦ
894 2382 1074 2472 ὀφθαλμοῦ
1096 2384 1192 2472 ὀρετη
1215 2384 1271 2450 τόν

148 2511 186 2554 τε
210 2486 386 2576 ὀφθαλμὸν
409 2491 591 2556 σπουδαῖον
614 2495 705 2556 ποιεῖ
727 2489 784 2556 καί
808 2493 846 2556 τὸ
869 2486 960 2576 έργον
983 2489 1097 2556 αότοῦ·
1143 2489 1185 2580 τῇ
1209 2493 1270 2577 γάρ

147 2605 210 2660 τοῦ
231 2593 409 2683 ὀφθαλμοῦ
431 2595 529 2685 άρετῇ
552 2594 585 2662 εό
610 2598 739 2683 δρῶμεν.
764 2635 805 2646 -
831 2593 860 2662 εί
883 2598 921 2685 δὴ
945 2588 1035 2662 τοῦτ)
1056 2597 1114 2663 ἐπὶ
1137 2597 1270 2662 πάντων

147 2704 253 2779 οὕτως
276 2698 355 2784 ἔχει,
391 2702 449 2768 καί
473 2706 492 2791 η
521 2714 580 2768 τοῦ
602 2703 783 2790 άνθρώποο
807 2703 903 2792 άρετη
927 2701 977 2792 εἴη
1001 2705 1040 2768 ὀὶν
1062 2703 1129 2783 ἕξις
1151 2695 1212 2792 ἀφ’
1231 2699 1269 2792 ἧς

147 2807 279 2892 άγαθός
310 2808 488 2896 άνθρωπος
516 2806 655 2894 γίγνεται
687 2809 744 2874 καί
775 2799 835 2898 ἀφ’
859 2805 897 2898 ἧς
920 2806 953 2876 εὖ
974 2812 1014 2876 τὸ
1039 2807 1156 2876 ἑαυτοῦ
1178 2807 1269 2897 ἔργον

110 2984 113 2991 ,
147 2914 326 2980 ἀποδώσει.
350 2953 392 2963 -
416 2914 449 2980 έν
472 2915 574 2980 παντί
598 2916 636 3004 δὴ
660 2920 780 2998 σονεχεῖ
803 2914 859 2980 καί
883 2916 1037 3002 διαιρετῷ
1060 2913 1129 2984 έστι
1158 2917 1269 3001 λαβεῖν

147 3022 187 3086 τὸ
210 3019 270 3104 μέν
292 3021 405 3086 πλεῖον
427 3023 465 3086 τὸ
489 3013 521 3087 δ’
541 3019 676 3088 ἔλαττον
699 3025 736 3088 τὸ
760 3011 792 3088 δ’
811 3019 898 3102 ἴσον,
933 3021 990 3088 καί
1014 3033 1119 3087 ταῦτα
1143 3024 1163 3111 ἢ
1186 3011 1266 3088 κατἱ

146 3125 230 3192 αότό
259 3129 297 3192 τὸ
319 3139 457 3214 πρᾶγμα
481 3129 500 3216 ἢ
524 3130 607 3214 πρὸς
638 3131 738 3216 ημᾶς·
785 3130 822 3194 τὸ
846 3117 879 3193 δ’
897 3125 968 3194 ἴσον
989 3127 1088 3212 μέσον
1111 3153 1143 3193 τι
1167 3129 1268 3212 ὑπερ-

144 3234 248 3321 βολῆς
280 3233 336 3298 καί
361 3231 545 3318 ἐλλείψεως.
593 3234 675 3320 λέγω
706 3234 742 3300 δὲ
771 3247 829 3300 τοῦ
857 3233 916 3318 μέν
946 3235 1141 3321 πράγματος
1169 3233 1268 3316 μέσον

145 3341 188 3405 τδ
210 3335 282 3404 ἰ’σον
305 3338 426 3421 ἀπέχον
448 3329 509 3426 ἀφ’
529 3337 681 3426 ἑκατέρου
705 3355 770 3406 τῶν
793 3341 909 3427 ὀίκρων,
939 3341 1021 3427 ὅπερ
1045 3338 1132 3406 ἐστίν
1154 3335 1187 3404 ἓν
1210 3338 1267 3404 καὶ

143 3445 267 3511 ταύτὸν
288 3457 399 3525 πᾶσιν,
423 3447 507 3533 πρὸς
523 3449 607 3534 ἡμᾶς
631 3446 667 3512 δὲ
682 3444 700 3512 δ
714 3449 795 3536 μήτε
818 3447 986 3527 πλεονάζει
1009 3448 1090 3535 μήτε
1112 3442 1265 3510 ἐλλείπει.

144 3561 242 3616 τοῦτο
266 3541 300 3616 δ’
319 3549 375 3632 οόχ
397 3549 438 3631 έν,
463 3551 537 3617 ούδέ
560 3551 677 3618 ταότὸν
700 3563 819 3632 πᾶσιν,
842 3543 912 3618 οἷον
935 3550 964 3618 εί
987 3554 1029 3616 τά
1053 3549 1132 3616 δέκα
1156 3551 1266 3616 πολλοὶ

142 3659 189 3722 τά
212 3655 249 3722 δὲ
272 3657 328 3722 δύο
351 3655 460 3742 ὀλίγα,
484 3660 526 3722 τά
550 3655 586 3737 ἓξ
607 3657 692 3741 μέσα
717 3660 917 3744 λαμβάνουσι
940 3660 1025 3723 κατά
1049 3659 1087 3723 τὸ
1111 3668 1265 3742 πρᾶγμα·

142 3755 209 3847 ίσηι
240 3763 299 3847 γάρ
327 3761 473 3848 ὑπερέχει
503 3787 538 3828 τε
567 3762 624 3829 καί
652 3763 840 3850 ὑπερέχεται
848 3815 856 3844 ,
886 3773 980 3829 τοῦτο
1011 3763 1047 3829 δέ
1075 3762 1173 3846 μέσον
1196 3761 1266 3828 έστί

144 3867 232 3932 κατά
266 3870 323 3956 την
356 3867 577 3958 ἀριθμητικὴν
611 3867 794 3954 ἀναλογίαν.
841 3871 879 3935 τὸ
913 3869 951 3935 δὲ
984 3872 1069 3958 πρὸς
1098 3871 1182 3957 ἡμᾶς
1211 3866 1266 3949 οόχ

141 3973 230 4038 ούτω
253 3971 411 4061 ληπτέον·
458 3975 494 4041 οό
518 3978 579 4064 γάρ
602 3972 635 4042 εί
659 4001 705 4062 τφ
729 3975 808 4042 δέκα
838 3979 918 4060 μναῖ
947 3980 1064 4064 φαγεῖν
1092 3976 1179 4040 πολύ
1208 3974 1265 4040 δύο

141 4077 183 4144 δέ
205 4076 327 4164 ὀλίγον,
360 4078 559 4170 ὁόλείπτης
588 4077 625 4160 ἓξ
652 4092 735 4163 μνᾶς
767 4081 962 4168 προστάξει·
1009 4078 1078 4147 έστι
1103 4081 1162 4165 γάρ
1185 4075 1265 4157 ἴσως

142 4183 203 4250 καί
232 4195 329 4250 τοῦτο
359 4175 446 4252 πολὺ
468 4188 516 4273 τῷ
545 4185 722 4275 ληψομένῳ
752 4184 917 4275 ἢόλίγον·
964 4184 1098 4252 Μίλωνι
1120 4177 1265 4272 μὲνγὰρ

140 4287 268 4375 ὀλίγον,
298 4291 347 4376 τῷ
374 4291 411 4357 δέ
440 4290 603 4379 ἀρχομένην
626 4305 691 4358 τῶν
714 4290 897 4377 γυμνασίων
920 4292 1014 4358 πολύ.
1061 4289 1183 4375 ὁμοίιος
1206 4291 1265 4358 ἐπὶ

140 4396 265 4485 δρόμου
288 4396 346 4462 καὶ
369 4398 486 4486 πάλης.
534 4400 616 4464 ούτω
640 4399 679 4486 δὴ
703 4409 771 4476 πᾶς
794 4397 983 4487 ἐπιστήμων
1005 4400 1063 4486 την
1084 4399 1271 4486 ὑπερβολὴν

1296 2932 1319 2972 et
1332 2933 1445 2976 mediam
