3156 4988
306 348 361 409 308
782 348 947 403 Aristotcles.

306 506 513 588 ἀποδείξεως.
559 507 708 597 διαφέρει
732 510 793 596 γὰρ
816 504 922 573 εἰπεῖν
945 507 1001 572 διὰ
1024 504 1058 571 τί
1078 504 1199 594 βροντᾷ
1221 504 1280 572 καὶ
1299 503 1332 570 τί
1354 503 1426 570 ἐστι

305 617 439 704 βροντή·
485 613 552 702 ἐρεῖ
580 617 641 702 γὰρ
672 615 755 680 οὕτω
784 613 844 697 μὲν
867 613 952 680 διότι
975 611 1212 697 ἀποσβέννωται
1243 614 1280 678 τὸ
1304 622 1369 696 πῦρ
1392 609 1426 677 ἐν

306 726 377 800 τοῖς
410 720 537 810 νέφεσι·
594 718 628 786 τί
662 710 693 786 δ’
725 719 795 786 ἐστὶ
828 721 965 808 βροντή·
1000 717 1114 807 ψόφος
1148 716 1424 803 α’ποσβεννυμένοο

306 830 409 916 πυρὸς
433 826 465 892 ἐν
488 827 624 916 νέφεσιν.
656 830 738 893 ὥστε
761 829 779 893 ὁ
801 825 899 905 αὐτὸς
914 826 1009 911 λόγος
1032 825 1130 891 ἐίλλον
1151 824 1275 912 τρόπον
1289 823 1423 910 λέγεται,

307 934 365 1002 καί
388 933 448 1000 ὡδί
470 932 529 1018 μέν
552 933 722 1013 ἀπόδειξις
744 933 881 1021 συνεχής,
906 931 967 998 ὡδί
990 931 1027 998 δέ
1050 931 1211 1019 ὁρισμύςῑ).

373 1150 448 1232 Top.
471 1149 488 1212 I
512 1155 542 1213 8.
569 1155 650 1212 103⁸
676 1155 726 1212 15.
770 1134 810 1212 ‘0
832 1146 966 1233 ὁρισμὸς
990 1145 1025 1211 ἐκ
1049 1143 1156 1230 γένους
1179 1143 1237 1210 καί
1260 1145 1506 1232 ἐιαιγορῶνδινῦ

308 1251 421 1320 ε’στίνῧ.

379 1410 407 1449 a.
436 1394 474 1448 Cf.
492 1399 536 1446 BP
555 1394 635 1447 3110.
656 1421 689 1430 -
708 1393 784 1447 Amal.
804 1396 873 1464 post.
892 1393 920 1446 H
937 1395 962 1448 3.
982 1393 1035 1448 90b
1055 1394 1090 1448 16
1109 1397 1124 1447 ὁ
1143 1396 1257 1468 ὁρισμὸς
1276 1393 1372 1452 οὐσίας
1385 1412 1426 1452 τις

309 1485 470 1554 γνωρισμός.
512 1481 665 1535 Definiendo
692 1482 777 1550 igitur
810 1482 1034 1536 circumscribitur
1066 1485 1094 1535 ct
1121 1482 1290 1536 terminatur¹
1306 1480 1425 1550 generale

309 1572 388 1638 illud,
414 1571 447 1625 ad
466 1571 548 1640 quod,
576 1587 635 1623 cum
659 1570 746 1639 ipsum
763 1587 847 1640 nequc
871 1569 1046 1624 demonstrari
1065 1565 1149 1640 'neque
1173 1570 1335 1624 conclusione
1358 1568 1427 1622 effici

309 1661 401 1732 possit,
421 1663 510 1712 tamen
528 1659 612 1712 omnis
633 1659 743 1712 scientia
765 1663 794 1712 ct
812 1659 1000 1714 demonstratio
1019 1659 1139 1726 recurrit,
1168 1659 1199 1712 cf.
1218 1659 1294 1713 Anal.
1314 1662 1381 1729 post.
1400 1655 1427 1712 H

309 1749 335 1804 8.
355 1748 407 1803 93¹>
427 1749 474 1814 163
494 1749 521 1801 9.
540 1747 594 1802 93¹>
613 1748 656 1801 21.

380 1871 410 1928 b.
435 1873 472 1926 Eo
491 1872 581 1924 differt
597 1871 711 1924 nominis
730 1869 849 1924 definitio
867 1888 884 1924 a
902 1871 1052 1926 definitione
1071 1873 1117 1938 rei,
1142 1872 1213 1942 quod
1230 1872 1278 1925 illc
1296 1870 1428 1940 significat

310 1961 491 2016 tantummodo
519 1959 582 2029 quid
610 1960 648 2012 rei
677 1959 714 2012 sit
740 1976 824 2028 neque
849 1975 951 2029 semper
975 1977 1030 2013 rem
1048 1977 1107 2014 vere
1126 1961 1299 2014 exsistentem
1317 1961 1427 2029 spectat,

309 2067 369 2106 cum
386 2050 492 2103 nominc
509 2049 565 2102 sint
582 2049 662 2101 ctiam
680 2064 768 2101 rerum
786 2047 950 2114 ficticiarum,
971 2049 1002 2102 cf.
1021 2047 1099 2103 Anci.
1117 2052 1186 2118 post.
1205 2049 1233 2102 Π
1251 2050 1275 2102 7.
1295 2048 1348 2102 92¹>
1366 2048 1391 2101 4.

380 2188 406 2228 c.
433 2172 470 2227 Cf.
490 2177 533 2224 BP
551 2173 612 2226 317.

134 2385 281 2490 ,ξέξζξῑζξζῶ
378 2386 469 2450 Anci.
493 2387 574 2466 post.
598 2384 632 2447 Π
658 2393 707 2450 19.
733 2382 794 2449 99¹·
820 2393 872 2450 20.
914 2371 990 2450 ‘fon
1012 2383 1072 2467 μέν
1100 2381 1154 2450 οέν
1183 2383 1241 2450 οὐκ
1270 2382 1478 2466 ἐνέέχεται313
1562 2437 1563 2450 ,

311 2488 519 2556 ἐπίστασθαι
553 2477 601 2553 δι’
630 2485 831 2567 ἀποδείξεως
865 2492 910 2578 μή
949 2491 1159 2576 γιγνώσκοντι
1196 2492 1255 2568 τὰς
1293 2489 1428 2576 πρώτας

311 2597 410 2686 ἀρχὰς
439 2598 498 2674 τὰς
527 2593 681 2677 οίμέσοος,
711 2589 838 2682 είρηται
868 2595 1033 2683 πρότερον.
1080 2610 1145 2661 τῶν
1173 2585 1205 2661 δ’
1224 2594 1351 2680 ἀμέσων
1373 2597 1429 2682 τήν

311 2717 439 2789 γνῶσιν,
463 2700 520 2767 καί
544 2699 681 2787 πότερον
703 2701 722 2787 ή
754 2699 835 2789 αὐτή
859 2699 948 2766 ἐστιν
970 2703 990 2791 ἢ
1013 2701 1069 2784 οὐχ
1092 2704 1111 2790 ἡ
1134 2701 1231 2790 αὐτή,
1267 2701 1427 2789 διαπορή-

206 2806 271 2867 ιοειι
311 2830 394 2876 σειεν
416 2807 455 2872 ἐν
477 2831 536 2884 τις.
562 2845 603 2854 -
628 2806 751 2891 (πάντα
774 2807 915 2893 τὰζῷα)
938 2804 1002 2890 ἐγει
1026 2811 1086 2894 γὰρ
1111 2809 1245 2892 δύναμιν
1267 2808 1428 2896 σύμφυτον

311 2915 465 3003 κριτικήν,
488 2911 526 3002 ἣν
549 2913 702 2978 καλοῦσιν
725 2909 918 3002 αἴσθησιν·
964 2913 1093 3003 ἐνούσης
1109 2904 1140 2979 δ’
1159 2911 1345 3002 αἰσθήσεως
1359 2916 1427 2990 τοῖς

310 3019 369 3104 μέν
391 3033 455 3084 τῶν
479 3014 569 3104 ζῴων
592 3015 767 3104 ἐγγίγνεται
789 3021 871 3108 μονή
894 3030 953 3084 τοῦ
974 3017 1193 3108 αἰσθήματος,
1230 3024 1301 3096 τοῖς
1324 3007 1355 3084 δ’
1373 3015 1428 3084 οὐκ

312 3122 498 3210 ἐγγίγνεται.
545 3125 635 3202 ὅσοις
657 3123 716 3208 μέν
739 3121 793 3190 οὖν
815 3127 860 3214 μή
884 3123 1077 3210 ἐγγίγνεται,
1112 3127 1132 3216 ή
1155 3127 1237 3204 ὅλως
1265 3119 1428 3214 ήπερίᾶ

312 3234 356 3320 μή
380 3229 565 3316 ἐγγίγνεται,
589 3229 646 3296 οέκ
670 3227 740 3296 ἐστι
763 3232 890 3309 τούτοις
906 3245 1022 3316 γνῶσις
1037 3228 1100 3311 ἐξω
1116 3243 1175 3298 τοῦ
1190 3229 1427 3298 αἰσθάνεσθαι·

313 3337 346 3404 ἐν
369 3327 418 3416 οἷς
434 3327 477 3419 δ’,
502 3333 605 3402 ἐνεστι
624 3337 748 3424 <μή>1
772 3333 1025 3420 αἰσθανομένοις
1048 3334 1129 3419 ἔχειν
1152 3333 1203 3404 ἔτι
1220 3337 1319 3426 ἐντῇ
1334 3335 1428 3425 ψυχή.

313 3445 444 3511 πολλῶν
473 3442 510 3509 δέ
538 3443 693 3508 τοιούτων
723 3441 915 3528 γιγνομένων
947 3441 1009 3532 ήδη
1038 3444 1183 3532 διαφορά
1206 3467 1258 3522 τις
1281 3441 1428 3530 γίγνεται,

314 3554 397 3617 ὥστε
419 3555 490 3628 τοῖς
513 3548 572 3632 μέν
594 3547 765 3634 γίγνεσθαι
795 3549 890 3635 λύγον
912 3547 949 3615 ἐκ
978 3563 1036 3640 της
1058 3563 1123 3616 τῶν
1146 3551 1303 3616 τοιούτων
1324 3561 1428 3637 μονής,

313 3662 383 3736 τοῖς
406 3655 443 3723 δέ
464 3657 518 3744 μή.
565 3654 602 3722 ἐκ
624 3655 683 3740 μέν
706 3653 760 3722 οὖν
783 3651 970 3744 αἰσθήσεως
993 3653 1136 3741 γίγνεται
1162 3658 1285 3745 μνήμη,
1321 3659 1428 3740 ὥσπερ

315 3763 461 3850 λέγομεν,
496 3761 534 3828 ἐκ
563 3761 599 3828 δέ
628 3764 753 3850 μνήμης
782 3762 944 3840 πολλάκις
968 3773 1026 3828 τοῦ
1048 3762 1147 3828 αὐτοῦ
1168 3759 1352 3851 γιγνομένης
1375 3760 1431 3845 ἐμ-

314 3867 445 3956 πειρία·
492 3864 527 3933 αἱ
558 3870 618 3956 γὰρ
650 3866 774 3934 πολλαί
801 3881 928 3956 μνῆμαι
956 3869 1005 3954 τῷ
1036 3867 1173 3956 α’ριθμῴ
1195 3865 1350 3956 ἐμπειρία
1373 3864 1431 3950 μία

314 3975 409 4042 ἐστίν.
456 3973 494 4040 ἐκ
517 3963 549 4039 δ’
568 3971 741 4060 ἐμπειρίας
764 3972 837 4061 ήένι
860 3976 984 4052 παντὸς
1006 3974 1225 4064 ἠρεμήσοντος
1247 3985 1305 4040 τοῦ
1328 3971 1431 4040 καθύ-

314 4083 370 4148 λου
395 4080 428 4147 ἐν
452 4079 495 4169 τῇ
518 4077 617 4169 ψυχῇ,
647 4090 706 4144 τοῦ
737 4076 805 4158 ἐνὸς
828 4083 923 4168 παρὰ
946 4083 989 4146 τὰ
1012 4081 1150 4164 norici,
1183 4079 1263 4147 ὃᾶν
1286 4079 1319 4146 ἐν
1342 4083 1432 4144 δίπα-

256 4223 292 4250 ars
319 4211 371 4253 σιν
392 4183 426 4252 ἐν
450 4185 505 4275 ἐνῇ
529 4183 660 4262 ἐκείνοις
683 4186 722 4250 τὸ
745 4185 833 4267 αὐτό,
856 4185 966 4274 τέχνης
990 4186 1141 4275 ἀρχὴκαὶ
1165 4187 1356 4276 ἐπιστήμης,
1379 4181 1434 4252 ἐὰν

389 4453 416 4516 1)
432 4453 472 4524 μὴ
490 4453 541 4506 adi.
561 4453 751 4506 Trcndctecb.:
771 4453 876 4506 ἔνεστιν
897 4455 967 4525 ἢμή
986 4453 1039 4507 cod.
1059 4453 1092 4506 D.
