3130 4980
630 282 798 412 Xenocrsiss.
1217 327 1271 388 285

151 488 186 556 ἒν
208 495 278 569 τοῖς
300 487 337 556 ἐκ
359 492 495 572 τούτων,
527 490 583 556 οάκ
614 489 724 578 ὀρθῶς
747 488 889 557 οἴονται·
934 492 1056 578 τὸγὰρ
1080 488 1213 577 σπέρμα
1237 490 1272 571 ἐξ

152 593 269 684 ἑτέρων
299 596 369 662 ἐστὶ
399 596 567 684 προτέρων
595 595 738 678 τελείων,
773 597 831 662 καὶ
861 599 899 663 τὸ
923 610 1054 683 πρῶτον
1078 596 1114 662 οὐ
1136 595 1270 685 σπέρμα

152 700 250 784 ἐστίν,
274 702 357 768 ἀλλὰ
380 706 419 769 τὸ
441 703 590 769 τέλειον.

225 858 254 898 8.
273 844 356 898 Arist.
375 846 440 899 Met.
459 845 523 898 XIV
548 846 572 900 5.
593 845 718 900 1092·9
749 847 798 898 οὐκ
824 848 913 918 ὀρθῶς
937 845 956 898 δ
962 843 969 859 ’
990 847 1179 918 ὑπολαμβάνει
1205 841 1267 900 οὐδ’

153 938 179 986 εἴ
196 954 237 994 τις
256 937 409 1007 παρεικάζει
428 936 477 994 τάς
496 945 546 987 τοῦ
564 935 630 987 ὅλου
648 935 734 1006 ἀρχὰς
759 937 790 1005 τῇ
810 945 864 986 τῶν
883 930 955 1002 ζῴων
978 937 1024 986 καὶ
1045 946 1152 1004 φυτῶν,
1183 934 1225 988 ὅτι
1243 937 1272 996 ἐξ

154 1023 291 1095 ἀορίστων
309 1025 411 1075 ἀτελῶν
429 1022 459 1075 δὲ
479 1025 522 1076 ἀεὶ
542 1025 575 1075 τά
594 1023 756 1095 τελειότερα,
783 1023 893 1074 διὸκαὶ
912 1024 958 1075 ἐπὶ
982 1033 1036 1074 τῶν
1054 1025 1168 1087 πρώτων
1187 1025 1272 1083 οὕτως

153 1111 227 1179 ἔχειν
246 1117 338 1180 (μησίν,
358 1109 427 1164 ὥστε
445 1111 517 1182 μηδὲ
536 1115 568 1163 όν
587 1131 613 1162 τι
632 1111 702 1164 εἶναι
721 1113 752 1162 τὸ
771 1111 800 1164 ἓν
819 1112 894 1163 αὐτὸ.
923 1139 958 1148 -
985 1109 1193 1166 Consentaneum
1211 1113 1269 1164 erat
1297 1108 1421 1150 'imvm

152 1200 185 1250 ut
208 1198 371 1250 intellectum
398 1198 513 1251 divinum
539 1201 567 1251 et
590 1199 623 1252 ab
648 1215 700 1251 uno
718 1201 746 1250 et
764 1199 864 1252 abono
891 1198 1063 1267 separandum
1088 1215 1145 1252 esse
1169 1202 1273 1252 eonten-

153 1285 240 1352 derst,
266 1304 289 1338 v.
309 1285 381 1339 sub.
405 1286 553 1340 Eci.158.
590 1287 656 1340 Dox.
675 1287 736 1341 303.
774 1289 961 1347 Σπεύσιππος
986 1290 1033 1340 τὸν
1057 1299 1124 1340 νοῦν
1149 1292 1210 1341 οδτε
1235 1292 1272 1357 τῷ

153 1374 193 1426 ίνὶ
214 1378 275 1428 οὔτε
294 1379 331 1443 τῷ
351 1377 450 1444 ἀγαθῷ
470 1378 518 1428 τὸν
537 1377 628 1440 αὐτόν,
650 1375 765 1446 ἰδιοφυῆ
784 1377 821 1429 δέ.
859 1374 957 1428 Eodem
975 1375 1077 1428 faciunt
1095 1393 1160 1445 quas
1182 1377 1273 1444 legun-

153 1464 199 1514 tur
218 1461 330 1539 apilio.
349 1463 382 1516 D.
401 1463 435 1517 N.
455 1463 529 1517 132.
573 1463 637 1517 Dox.
656 1464 717 1517 538.
759 1462 984 1531 Speusippus-
1004 1493 1040 1501 -
1058 1465 1110 1516 υλοι
1134 1463 1272 1532 quandum

153 1550 248 1605 diceus
267 1567 321 1618 qua
339 1552 429 1604 omnia
446 1557 579 1620 reparetur
596 1569 705 1620 eamque
724 1551 868 1605 animalem
886 1552 995 1606 euellere
1019 1569 1054 1606 ex
1077 1553 1175 1606 αυίυιίε
1194 1567 1273 1606 τοκο-

152 1643 200 1691 iur
219 1640 397 1706 copuitiouem
416 1639 534 1694 deorum.
571 1639 609 1694 Cf.
629 1639 747 1706 Krische,
769 1639 881 1694 Forsan.
901 1657 926 1710 p.
946 1641 999 1694 250
1013 1657 1053 1710 sq.

69 1861 145 1905 τετε
223 1833 321 1899 Clem.
339 1834 454 1898 Strom.
477 1835 510 1898 H
528 1843 567 1899 21
592 1856 622 1918 p.
646 1843 711 1901 500
724 1835 758 1898 P.
791 1834 1067 1912 Σπεύσιππος-
1084 1835 1140 1921 τὴν
1164 1833 1271 1900 εύδαι-
1300 1850 1424 1892 vitabeats

153 1936 272 2022 μονίαν
295 1939 393 2027 φησίν
416 1937 483 2018 ἕξιν
505 1933 588 2005 εἶναι
612 1929 748 2005 τελείαν
761 1938 794 2004 ἒν
816 1943 886 2016 τοῖς
910 1942 997 2004 κατὰ
1020 1941 1118 2028 φύσιν
1141 1937 1273 2022 ἔχουσιν,

154 2043 266 2133 ἢὲξιν
288 2045 438 2130 ἀγαθῶν·
484 2041 521 2133 ἧς
551 2047 590 2134 δὴ
620 2045 851 2121 καταστάσεως
881 2047 1034 2124 ἅπαντας
1062 2045 1122 2128 μὲν
1143 2047 1274 2133 ἀνθρώ-

156 2175 242 2228 πους
264 2147 370 2236 ὄρεξιν
393 2147 482 2232 ἐχειν,
507 2151 726 2232 στοχάζεσθαι
750 2150 787 2216 δὲ
809 2152 884 2227 τοὺς
907 2150 1053 2235 ἀγαθοὺς
1075 2164 1132 2239 τῆς
1155 2151 1274 2240 ἀοχλη-

154 2255 245 2334 σίας·
292 2249 355 2322 εἷεν
378 2246 410 2322 δ’
429 2258 468 2322 ἀν
490 2254 525 2322 αλ
550 2257 663 2344 ἀρεταὶ
686 2271 743 2346 τῆς
765 2254 973 2339 εὐδαιμονίας
996 2255 1245 2344 ἀπεργαστικαί.

71 2480 144 2522 sus
224 2451 344 2516 Seneca
366 2452 422 2534 Ep.
447 2461 504 2529 85,
537 2461 587 2518 15.
637 2454 833 2516 Xenocrates
864 2455 896 2516 st
929 2450 1125 2534 Speusippus
1156 2454 1274 2534 putant
1301 2469 1357 2510 una

154 2559 285 2622 beatum
311 2560 360 2622 vel
384 2559 450 2622 sola
466 2560 584 2622 virtute
608 2559 675 2623 fieri
691 2577 792 2641 posse,
815 2577 878 2622 non
901 2561 1010 2622 tamen
1033 2578 1134 2622 unum
1157 2560 1275 2622 bonum

156 2683 235 2740 esse,
260 2665 343 2745 quod
366 2665 538 2728 honestum
562 2668 619 2728 esi.

105 2859 146 2900 ιω
223 2839 315 2920 Diog.
330 2839 377 2902 IV
396 2849 423 2904 6.
450 2839 652 2928 Ξενοκράτης
665 2829 889 2927 Ἀγαθήνορος
914 2840 1152 2928 Χαλκηδόνιος·
1183 2833 1276 2917 οὗτος
1304 2857 1438 2897 Xenocrates

155 2942 194 3010 ἐκ
225 2943 296 3009 νέου
326 2944 505 3022 Πλάτωνος
540 2944 686 3031 ἤκουσεν,
721 2945 804 3009 ἀλλά
833 2945 890 3010 καὶ
924 2942 970 3022 είς
1005 2943 1156 3010 Σικελίαν
1189 2944 1276 3031 αὐτῷ

155 3050 428 3138 συναπεδήμησεν.
474 3047 510 3138 ἦν
539 3049 655 3138 δὲτὴν
684 3051 781 3138 φύσιν
810 3051 954 3138 νιοθρός,
990 3053 1073 3115 ὥστε
1096 3050 1198 3136 λέγειν
1222 3053 1277 3117 τὸν

154 3154 322 3219 Πλάτωνα
344 3153 554 3242 συγκρίνοντα
583 3155 680 3222 αὐτὸν
700 3145 936 3242 Ἀριστοτέλει·
982 3157 1037 3242 Τῷ
1059 3156 1118 3238 μὲν
1140 3159 1277 3240 μύωπος

155 3261 215 3340 δεῖ,
238 3259 286 3346 τῷ
309 3259 345 3325 δὲ
366 3261 528 3342 χαλινοῦῧ.
545 3298 588 3308 -
607 3273 657 3328 10.
682 3264 766 3348 πρὸς
790 3261 826 3326 δὲ
849 3263 904 3326 τὸν
925 3263 1006 3350 μήτε
1028 3265 1184 3350 μουσικὴν
1195 3265 1277 3352 μήτε

155 3363 354 3453 γεωμετρίαν
386 3368 467 3454 μήτε
502 3365 719 3454 ἀστρονομίαν
752 3367 979 3454 μεμαθηκότα,
1014 3368 1205 3451 βουλόμενον
1241 3369 1278 3434 δὲ

156 3461 242 3558 παρ)
261 3471 357 3537 αὐτὸν
371 3483 505 3559 φοιτᾶν·
551 3474 706 3559 Πορεύου,
730 3470 802 3561 ἔφη,
827 3474 931 3558 λαβὰς
954 3476 1015 3560 γὰρ
1033 3473 1090 3538 οάκ
1113 3471 1195 3555 ἔχεις
1219 3498 1277 3562 φι-

156 3575 325 3665 λοσοφίας.
358 3617 399 3625 -
432 3587 483 3643 14.
509 3578 675 3658 διεδέξατο
699 3578 736 3644 δὲ
760 3581 981 3645 Σπεύσιππον
1004 3579 1062 3645 καὶ
1085 3579 1277 3668 ἀφηγήσατο

155 3695 215 3770 τῆς
247 3683 361 3770 σχολῆς
390 3682 487 3749 πέντε
518 3683 575 3750 καί
604 3672 726 3750 ε’ίκοσιν
755 3681 810 3772 ἔτη
828 3684 900 3767 ,ἐπὶ
923 3684 1153 3768 Λυσιμαχίδου
1177 3686 1277 3766 ἀρξά-

155 3813 251 3872 μενος
285 3791 370 3853 κατὰ
404 3791 442 3854 τὸ
476 3791 621 3878 δεύτερον
657 3788 728 3868 ἔτος
761 3804 818 3879 τῆς
847 3792 984 3880 δεκάτης
1013 3791 1071 3856 καί
1102 3788 1279 3880 ἑκατοστῆς

153 3883 381 3976 Ὀλυμπιάδος
404 3897 444 3978 (a.
470 3898 687 3982 339-314)¹'.
746 3941 753 3956 ·

230 4049 259 4088 u.
285 4033 359 4100 Quod
384 4036 487 4104 ingenio
513 4038 603 4090 deerat
630 4038 767 4106 diligentia
791 4040 989 4108 compensabat,
1018 4055 1041 4090 v.
1060 4037 1132 4091 Plut.
1153 4035 1184 4089 de
1203 4036 1277 4090 Bnct.

156 4124 219 4177 nat.
239 4121 306 4176 And.
327 4125 361 4177 18
379 4142 404 4194 p.
424 4127 466 4178 47.
504 4125 591 4178 Etiam
616 4143 717 4179 morum
740 4127 895 4194 integritate
921 4144 951 4179 ao
975 4126 1114 4178 severitate
1139 4123 1278 4177 admodum

156 4212 229 4264 inter
247 4211 315 4263 cives
335 4213 484 4280 spectabilis
503 4217 568 4280 erat,
588 4232 611 4267 v.
630 4215 706 4282 Diog.
725 4213 763 4266 IV
782 4215 877 4268 7-11.
902 4212 1079 4266 Ιοδ.Ηετο.ο.
1091 4213 1169 4267 6-8.
1182 4213 1223 4265 13.

230 4336 259 4390 b.
283 4335 465 4406 Philosophiae
484 4341 539 4390 tres
557 4341 646 4406 partos
664 4339 764 4407 primus
782 4337 937 4392 nominatim
955 4335 1088 4404 distinxit,
1106 4343 1150 4390 BP
1169 4335 1230 4389 249.
1245 4364 1279 4372 —-

158 4425 298 4478 Librorum
316 4425 371 4477 eius
390 4426 468 4479 index
487 4443 528 4494 ap.
548 4426 624 4494 Diog.
643 4426 681 4478 IV
701 4427 813 4480 11—14.
