3146 4982
101 1663 258 1718 philosophus

137 1728 217 1760 mnnne

282 327 336 388 490
733 329 809 382 Philo
827 328 947 382 Iudaeus.

285 500 380 544 πᾶσαν
397 483 550 556 Ἑλληνικήν
575 489 726 543 παίδευσιν
751 516 784 525 -
809 490 860 542 σὺν
883 491 989 562 ἀκριβεῖ
1004 490 1164 555 καταλήψει.
1202 488 1357 553 ἐπλούτησε
1373 505 1401 539 τε

285 579 369 647 λόγον
393 579 551 650 παρόμοιον
571 580 714 642 Πλάτωνι,
739 580 774 638 ὡς
798 581 845 630 καὶ
870 582 908 638 εἰς
927 582 1084 650 παροιμίαν
1103 573 1171 650 παρ’
1185 572 1301 642 Ἕλλησι
1320 585 1402 628 τοῦτο

281 675 419 736 χωρῆσαι·
446 670 596 732 ήΠλάτων
614 669 751 738 φιλωνίζει
770 670 786 732 ή
807 669 901 720 Φίλων
919 669 1087 728 πλατωνίζει.
1107 693 1139 703 -·
1168 665 1303 719 Summum
1321 664 1402 734 philo

284 753 390 824 sophiae
409 770 521 808 amorem
539 755 595 824 ipee
620 753 761 824 profitetur
778 754 818 808 De
836 753 946 824 special.
965 754 1027 822 Leg.
1046 753 1113 808 1111
1123 771 1149 825 p.
1159 755 1212 809 300
1222 753 1258 807 M.
1294 753 1403 806 Praeter

285 841 422 896 Platonem
441 846 469 896 et
487 843 666 912 Pythagoreos
684 843 764 896 etiem
782 841 927 897 Stoioorum
941 843 1053 911 vestigio
1070 843 1098 896 in
1116 843 1172 896 eius
1191 843 1297 913 scriptis
1316 843 1402 912 depre-

283 931 391 985 hendes.
428 931 541 985 Summi·
559 948 620 986 vero
638 931 761 986 laudibus
779 932 855 986 Philo
874 932 990 986 celebrat
1007 933 1120 1002 priscam
1139 932 1295 1002 sapientiam
1314 931 1404 986 Orien-

284 1019 321 1074 tie
339 1023 367 1074 et
385 1020 513 1091 quidquid
525 1021 588 1091 ‘ipsi
606 1036 637 1074 ex
655 1023 801 1074 oeterorum
824 1021 944 1090 gentium
961 1019 1130 1091 philosophia
1147 1037 1178 1074 ee
1195 1021 1295 1075 litteris
1313 1021 1403 1090 probe·

284 1112 342 1175 tur,
369 1110 419 1164 hoo
436 1127 468 1163 ex
485 1110 599 1164 Moeeiee
616 1110 674 1178 lege
692 1111 850 1180 prooeeeisee
874 1114 953 1181 putet
984 1111 1017 1164 ed
1035 1129 1143 1182 eamque
1160 1111 1241 1165 refert
1267 1110 1309 1176 (of.
1329 1109 1404 1174 Quod

284 1198 368 1252 omnis
386 1199 487 1252 Probus
505 1199 573 1253 liber
590 1200 608 1254 8
626 1216 653 1269 p.
671 1199 738 1266 4543
757 1199 789 1252 de
806 1199 926 1254 Iudiee2
944 1218 970 1270 p.
985 1199 1052 1266 345;
1077 1199 1142 1266 Quis
1160 1199 1221 1253 Rer.
1241 1199 1300 1252 Div.
1320 1198 1403 1252 Heres

284 1287 319 1342 43
338 1304 363 1358 p.
382 1287 449 1353 503;
469 1287 500 1341 de
518 1287 583 1341 Vite
600 1288 683 1342 Mosis
701 1288 799 1358 1141),
816 1289 886 1356 137),
905 1289 1029 1342 nimirum
1042 1289 1083 1342 ite
1102 1291 1134 1342 ut
1147 1288 1219 1342 illiue
1233 1288 1299 1356 legis
1314 1303 1402 1340 monu-

284 1379 374 1430 menta
397 1377 614 1446 interpretatione
638 1377 777 1445 allegorice
802 1377 835 1430 αδ
860 1393 939 1431 novae
958 1377 1113 1448 abditasque
1139 1377 1283 1430 sententies
1302 1378 1405 1429 revooet

286 1467 365 1535 etque
383 1466 508 1520 inflectat.

352 1642 400 1708 De
424 1641 552 1708 Consus.
575 1644 665 1726 Ling.
693 1651 734 1708 20
757 1664 787 1727 p.
805 1651 878 1709 419.
924 1634 1109 1732 Ἐμπρεπὲς
1131 1645 1192 1731 γάρ
1214 1645 1285 1720 τοῖς
1313 1639 1402 1707 ἓται-
1415 1645 1458 1685 ⁴⁸³
1566 1707 1568 1712 .

286 1745 360 1836 ρίαν
375 1750 460 1835 πρὸς
475 1748 658 1837 ἐπιστήμην
674 1748 825 1832 θεμένοις
848 1746 1007 1838 ἐφίεσθαι
1028 1748 1088 1833 μὲν
1110 1759 1168 1816 τοῦ
1190 1751 1228 1816 τδ
1250 1749 1287 1815 δν
1309 1746 1403 1814 ἰδεῖν·

284 1852 314 1921 ελ
337 1853 373 1922 δὲ
394 1857 440 1943 μή
464 1855 627 1936 δύναιντο,
662 1859 719 1944 τήν
753 1867 828 1942 γοῦν
855 1853 963 1922 εἰκόνα
994 1855 1108 1938 αὐτοῦ,
1144 1859 1200 1923 τὸν
1230 1853 1405 1944 ἱερώτατον

285 1962 404 2048 λόγον’,
438 1949 522 2046 μεθ’
546 1959 581 2028 ὃν
615 1961 673 2027 καὶ
707 1965 745 2028 τὸ
778 1961 837 2046 μὲν
869 1960 1044 2051 αἰσθητοῖς
1073 1963 1276 2029 τελειότατον
1303 1959 1402 2050 ἔργον,

284 2069 375 2136 τόνδε
397 2071 453 2136 τόν
476 2070 603 2153 κόσμον.
634 2070 672 2134 τὸ
695 2070 756 2156 γὰρ
779 2070 974 2158 φιλοσοφεῖν
996 2068 1087 2136 οὐδὲν
1109 2068 1146 2158 ήν
1169 2068 1249 2136 ἀλλο
1265 2070 1285 2157 ἢ
1300 2079 1403 2134 ταῦτα

285 2175 482 2256 σπουδάζειν
505 2176 648 2264 ἀκριβῶς
671 2173 779 2242 ἰδεῖνλ.

357 2333 385 2374 τι.
410 2322 447 2373 Τὸ
472 2324 504 2372 ὂν
527 2323 569 2373 eet
593 2319 670 2386 deus,
698 2319 729 2374 cf,
748 2325 791 2372 BP
810 2319 898 2385 487a;
918 2319 949 2372 de
968 2322 1040 2390 λόγῳ
1058 2338 1081 2373 v.
1102 2320 1186 2374 4921).
1224 2319 1261 2373 Cf.
1281 2319 1313 2372 de
1332 2320 1403 2372 Post.

286 2407 360 2462 Caini
378 2409 413 2463 30
436 2425 461 2478 p.
480 2409 534 2462 244
557 2410 654 2476 ἐπειδὴ
681 2411 734 2483 γάρ
760 2419 866 2478 πρῶτος
890 2413 937 2462 καὶ
960 2411 1046 2482 μόνος
1072 2421 1126 2462 τῶν
1149 2411 1220 2462 ὅλων
1245 2411 1406 2476 βασιλεδςὸ

285 2499 351 2558 θεός
369 2498 435 2562 ἐστι,
455 2502 501 2550 καὶ
519 2501 535 2564 ή
554 2501 623 2569 πρὸς
642 2499 726 2550 αὐτὸν
740 2498 806 2558 ὁδὸς
825 2499 871 2551 ἀτε
886 2501 1018 2565 βασιλέως
1037 2495 1107 2552 οὖσα
1121 2499 1229 2558 εἰκότως
1243 2499 1405 2569 ὠνόμασται

285 2589 418 2654 βασιλική.
438 2589 541 2654 ταύτην
560 2587 591 2640 δὲ
609 2589 678 2656 ἡγοῦ
696 2591 875 2658 φιλοσοφίαν,
896 2587 948 2656 οὐχ
966 2587 999 2652 ἣν
1015 2590 1139 2658 μέτεισιν
1154 2589 1169 2639 ὁ
1182 2596 1232 2638 νῦν
1251 2587 1407 2658 ἀνθρώπων

286 2677 449 2746 σοφιστικὸς
467 2677 574 2747 ὅμιλος·
594 2677 683 2744 λόγων
701 2677 756 2745 γὰρ
774 2667 852 2728 οὗτοι
866 2679 964 2745 τέχνας
976 2677 1174 2747 μελετήσαντες
1191 2676 1262 2728 κατὰ
1282 2683 1329 2741 τῆς
1343 2677 1405 2740 ἀλη-

286 2770 365 2826 θείας
383 2766 431 2830 τήν
450 2769 625 2836 πανουργίαν
643 2769 749 2836 σοφίαν
767 2766 907 2826 ἐκάλεσαν,
933 2765 1003 2838 ἔργῳ
1020 2767 1154 2837 μοχθηρῷ
1172 2769 1252 2818 θεῖον
1270 2765 1405 2835 ἐπιφημί-

288 2871 385 2915 σαντες
403 2858 506 2926 όνομα·
527 2851 589 2907 ἀλλ’
607 2855 639 2921 ἢν
658 2857 673 2908 ὁ
692 2856 807 2926 ἀρχαῖος
826 2856 951 2920 ἀσκητῶν
968 2859 1069 2914 θίασος
1083 2854 1191 2920 διήθλει
1205 2854 1253 2912 τάς
1268 2853 1407 2912 πιθανοὺς

287 2951 333 3009 τῆς
350 2942 449 3010 ἡδονῆς
467 2948 592 3012 γοητείας
611 2944 861 3016 ἀποστρεφόμενος,
887 2945 988 3012 ἀστείῳ
1005 2947 1052 2996 καὶ
1071 2945 1196 3014 αὐστηρῷ
1211 2943 1356 3012 χρώμενος
1375 2943 1406 3012 τῇ

288 3040 337 3083 τοῦ
360 3033 446 3088 καλοῦ
468 3034 573 3103 μελέτη.
607 3033 655 3097 τήν
679 3033 822 3099 βασιλικήν
845 3034 948 3098 ταύτην
967 3031 1042 3095 ὁδόν,
1068 3032 1101 3098 ἣν
1120 3032 1209 3097 ἀληθή
1225 3034 1272 3082 καὶ
1291 3031 1406 3098 γνήσιον

287 3119 396 3191 ἔφαμεν
414 3120 484 3172 εἶναι
504 3123 684 3191 φιλοσοφίαν,
705 3123 719 3172 ὁ
738 3121 824 3192 νόμος
842 3122 921 3173 καλεῖ
936 3127 1006 3174 θεοῦ
1024 3121 1098 3194 ῥῆμα
1116 3122 1163 3172 καὶ
1181 3119 1273 3187 λόγον.

357 3241 388 3298 b.
408 3241 446 3296 cf.
466 3242 541 3308 Quod
560 3243 631 3297 Deus
649 3243 756 3297 Immut.
774 3243 810 3298 30
828 3261 854 3312 p.
873 3244 927 3296 294
951 3246 1054 3310 ταύτην
1080 3241 1141 3311 (τὴν
1160 3252 1209 3295 τοῦ
1228 3246 1343 3294 αἰωνίου
1360 3245 1403 3294 καὶ

288 3334 437 3406 ἀφθάρτου
456 3336 562 3386 τελείαν
580 3332 648 3386 δδὸν
666 3334 715 3399 τήν
733 3335 802 3406 πρὸς
819 3334 887 3386 θεὸν
906 3332 1041 3401 άγουσαν)
1060 3337 1122 3386 ἴσθι
1140 3335 1258 3402 σοφίαν·
1284 3331 1334 3384 διὰ
1353 3332 1406 3402 γὰρ

289 3423 388 3488 ταύτης
406 3424 422 3474 ὁ
439 3431 503 3482 νοῦς
522 3421 762 3493 ποδηγετούμενος
787 3423 896 3481 εὐθείας
920 3424 967 3474 καὶ
984 3423 1126 3493 λεωφόρου
1145 3421 1324 3493 ὑπαρχούσης
1343 3422 1405 3489 ἀχρι

288 3521 342 3562 τῶν
367 3513 509 3582 τερμάτων
536 3512 704 3581 ἀφικνεῖται·
738 3512 772 3563 τὰ
800 3509 832 3564 δὲ
858 3515 979 3581 τέρματα
1005 3518 1051 3576 τής
1076 3509 1146 3562 ὀδοῦ
1164 3512 1265 3577 γνῶσίς
1283 3509 1405 3561 ἐστικαὶ

289 3599 426 3670 ἐπιστήμη
444 3605 519 3652 θεοῦ.

354 3791 403 3857 De
427 3792 541 3875 Oongr.
564 3793 662 3857 Erud.
688 3792 741 3857 Gr.
767 3799 807 3856 18
831 3812 860 3874 p.
885 3799 958 3857 533.
1002 3778 1054 3855 Ἕν
1086 3792 1164 3877 ἡμῖν
1198 3791 1259 3874 γὰρ
1295 3787 1406 3865 αὐτοῖς
1416 3807 1457 3847 ιιι

288 3897 364 3988 τρία
391 3896 495 3986 μέτρα
523 3889 607 3963 εἶναι
637 3898 741 3978 δοκεῖ,
777 3893 936 3984 αἴσθησις
973 3895 1066 3980 λόγος
1106 3906 1193 3972 νοῦς·
1238 3891 1407 3982 αἰσθητῶν

286 4005 346 4090 μὲν
369 4001 535 4094 αἴσθησις,
559 4002 726 4087 ὀνομάτων
748 4001 785 4069 δὲ
807 4001 865 4069 καὶ
887 4001 1038 4090 ῥημάτων
1064 4000 1122 4066 καὶ
1144 4013 1209 4066 τῶν
1232 3999 1407 4085 λεγομένων

288 4113 305 4177 ὁ
329 4113 430 4198 λόγος,
454 4124 575 4200 νοητῶν
599 4108 634 4176 δὲ
657 4120 736 4188 ναῦς.
783 4098 845 4198 ἀφ’
865 4105 1003 4175 ἑκάστου
1027 4108 1065 4189 δὴ
1088 4121 1153 4172 τῶν
1167 4119 1267 4194 τριῶν
1282 4106 1406 4193 μέτρων

288 4220 409 4284 τούτων
432 4216 620 4305 ἀπαρκτὲον
642 4219 755 4303 ὥσπερ
778 4205 842 4282 τιν’
863 4212 951 4303 ἱεράν
974 4215 1118 4302 δεκάτην,
1143 4215 1196 4279 ἵνα
1220 4212 1280 4279 καὶ
1302 4215 1341 4279 τὸ
1355 4209 1405 4277 λε’-

287 4348 353 4409 γειν
375 4323 434 4390 καὶ
456 4327 494 4391 τὸ
518 4321 745 4391 αἰσθάνεσθαι
777 4321 835 4388 καὶ
858 4323 896 4388 τὸ
920 4321 1184 4406 καταλαμβάνειν
1206 4315 1407 4394 ἀνυπαιτίως

286 4428 344 4494 καὶ
366 4431 509 4514 ὑγιεινῶς
532 4433 617 4496 κατὰ
640 4431 720 4496 θεὸν
734 4426 934 4517 ἐξετάζηται.
958 4430 997 4494 τὸ
1019 4431 1080 4514 γάρ
1104 4427 1262 4516 ἀληθινὸν
1284 4425 1341 4492 καὶ
1357 4419 1405 4489 δι’·
