3130 4980
812 308 898 363 Plato.

761 523 951 602 Dialectioa.

360 840 457 904 Arist.
480 840 559 903 Met.
582 841 599 902 I
624 847 652 904 6.
684 847 746 905 987
758 851 771 878 ²
795 849 845 906 29.
892 841 989 905 Μετὰ
1005 838 1043 905 δέ
1058 842 1118 918 τὰς
1133 837 1304 928 εἰρημένας
1319 841 1471 929 φιλο-351

293 942 414 1034 σοφίας
447 947 466 1032 ἡ
490 944 670 1022 Πλάτωνος
699 944 866 1030 ἐπεγένετο
895 943 1122 1033 πραγματεία,
1159 947 1283 1030 τὰμὲν
1306 948 1418 1013 πολλὰ

292 1052 420 1128 τούτοις
444 1049 689 1131 ἀκολουθοῦσα,
713 1053 755 1116 τὰ
778 1051 815 1118 δὲ
837 1051 895 1118 καὶ
917 1049 989 1118 ίδια
1013 1055 1107 1141 παρὰ
1130 1055 1188 1141 τὴν
1210 1067 1275 1118 τῶν
1295 1043 1416 1120 Ἰταλι-

293 1170 359 1224 κῶν
381 1153 497 1239 έγοεσα
521 1153 721 1245 φιλοσοφίαν
731 1169 753 1222 ⁸.
784 1157 820 1224 ἐκ
844 1157 914 1224 νέου
943 1184 979 1225 τε
1002 1161 1062 1246 γὰρ
1086 1161 1230 1248 συνήθης
1253 1161 1418 1246 γενόμενος

108 1263 281 1357 ’θ’ἓξξίαθᾱθθ
296 1279 428 1353 πρῶτον
451 1264 612 1350 Κρατύλῳ
635 1261 691 1328 καί
715 1268 789 1342 ταῖς
809 1254 1065 1351 Ἡρακλειτείοις
1087 1265 1215 1347 δόξαις,
1239 1267 1284 1344 ὡς
1306 1266 1418 1330 ἁπάν-

293 1397 357 1436 των
385 1385 450 1436 τῶν
478 1367 648 1458 αἰσθητῶν
678 1368 729 1436 ἀεὶ
753 1370 886 1458 ῥεόντων
915 1371 972 1437 καὶ
1004 1371 1186 1462 ἐπιστήμης
1209 1372 1287 1461 περὶ
1311 1371 1418 1438 αὐτῶν

294 1475 351 1543 οὐκ
374 1474 478 1564 σ’ίσης,
502 1486 605 1540 ταῦτα
627 1474 687 1559 μὲν
709 1475 766 1541 καὶ
789 1477 920 1564 λ’στερον
935 1479 1036 1557 οὕτως
1059 1477 1255 1563 ὑπέλαβενλ·
1280 1479 1418 1565 Σωκρά-

229 1663 231 1667 Ι
293 1608 368 1661 τους
397 1581 434 1647 da*
456 1581 533 1668 περί
562 1581 623 1665 μὲν
645 1585 687 1648 τὰ
711 1583 816 1682 η’θιηὰ
839 1583 1162 1671 πραγματευομένου,
1199 1585 1276 1672 περί
1299 1584 1337 1650 δέ
1358 1598 1418 1673 τῆς

293 1690 369 1778 όλης
393 1689 519 1776 φύσεως
542 1686 647 1768 οὐθέν,
672 1687 704 1754 έν
726 1688 838 1772 μέντοι
861 1691 989 1768 τούτοις
1011 1692 1049 1756 τὸ
1073 1691 1220 1757 καθόλου
1244 1691 1419 1780 ζητοῦντος

295 1793 352 1860 καί
375 1794 452 1882 περὶ
477 1795 619 1880 ὁρισμῶν
642 1793 879 1884 ἐπιστήσαντος
903 1799 1036 1882 πρώτου
1059 1799 1116 1886 τὴν
1139 1797 1301 1878 όιόνοιαν,
1331 1796 1417 1863 ἐκεῖ·

293 1926 347 1967 νον
369 1900 610 1984 ἀποδεξάμενος
638 1901 695 1966 dcci
717 1904 755 1967 τὸ
778 1914 924 1968 τοιοῦτον
953 1902 1115 1988 ὑπέλαβεν
1138 1906 1182 1982 ὡς
1205 1903 1283 1991 περὶ
1299 1900 1418 1990 ἑτέρων

293 2019 388 2074 τοῦτο
414 2007 596 2093 γιγνόμενον
619 2007 675 2072 καί
700 2006 736 2072 od
758 2021 824 2073 τῶν
846 2005 1017 2098 αἰσθητῶν
1039 2031 1143 2088 τινος·
1175 2009 1332 2076 ἀδύνατον
1354 2012 1416 2098 γὰρ

293 2108 376 2182 εἶναι
399 2116 456 2180 τὸν
478 2115 585 2179 κοινὸν
608 2113 682 2199 ὅρον
711 2128 775 2179 τῶν
799 2111 969 2203 αἰσθητῶν
991 2140 1091 2195 τινος,
1120 2113 1227 2201 ἀεί’γε
1248 2117 1417 2200 μεταβαλ-
1447 2155 1450 2160 1

204 2236 265 2276 raa
293 2221 421 2286 λόντων.
446 2222 572 2297 οὕτως1
594 2219 654 2302 μέν
676 2217 730 2284 οὖν
751 2222 793 2285 τὰ
815 2231 953 2285 τοιαῦτα
969 2235 1033 2286 τῶν
1056 2218 1154 2287 όντων
1177 2219 1287 2300 indage
1310 2243 1418 2309 προσ-

292 2327 451 2416 ηγόρευσε,
475 2328 516 2390 τὰ
532 2316 565 2390 d’
595 2323 743 2414 αἰσθητοὶ
770 2328 865 2413 παρὰ
886 2337 990 2392 ταῦτα
1013 2327 1070 2392 καί
1093 2330 1183 2392 κατὰ.
1203 2339 1306 2393 ταῦτα
1326 2326 1418 2413 λίγε-

293 2439 377 2499 σθαι
401 2433 510 2498 πάντα
519 2431 542 2496 ⁶.

365 2588 395 2629 a.
423 2574 454 2626 ln
474 2573 689 2658 antecedentibus
708 2573 810 2628 dixerat
827 2574 859 2628 de
877 2574 1052 2645 Pythagoreis
1071 2577 1098 2628 et
1116 2575 1226 2630 Eleatis.

363 2697 394 2753 b.
422 2697 462 2752 Ol.
483 2713 549 2766 quae
568 2696 599 2753 de
617 2698 753 2750 elementis
771 2701 882 2752 naturae
901 2698 1073 2767 disputantur
1091 2700 1158 2753 Tim.
1177 2698 1245 2753 49Β
1262 2701 1290 2752 et
1308 2698 1341 2752 de
1359 2715 1417 2753 sen-

294 2787 366 2841 sibus
384 2787 454 2840 inter
468 2803 495 2840 se
509 2785 718 2853 discrepantibus
738 2785 1006 2856 Repvl1523Bsq.
1033 2786 1144 2841 Omnino
1158 2786 1278 2841 sensibus
1298 2787 1418 2840 animum

294 2876 381 2944 magis
400 2873 520 2942 impediri
541 2890 618 2942 qnam
638 2873 724 2927 iuvari
743 2875 850 2938 statuit,
870 2891 929 2928 cum
949 2891 1040 2929 sensus
1058 2876 1212 2943 (αἴσθησις)
1230 2875 1268 2929 sit
1286 2891 1318 2928 ea
1332 2876 1417 2929 animi

294 2964 412 3027 allectio,
441 2978 508 3030 quae
533 2961 565 3015 de
583 2978 687 3030 corpore
705 2961 818 3030 pendeat
837 2966 917 3032 atque
935 2979 988 3017 una
1002 2979 1061 3018 enm
1080 2963 1128 3017 illo
1151 2966 1295 3028 moveatur,
1314 2963 1417 3018 Philet.

294 3053 331 3106 34
342 3051 374 3106 Α.
411 3051 506 3119 Itaque
524 3052 639 3105 sincerus
658 3051 829 3120 philosophus
848 3050 932 3105 fatale
950 3050 1018 3105 illud
1045 3068 1096 3120 quo
1115 3053 1220 3106 animus
1238 3057 1345 3108 tenetur
1363 3071 1418 3109 cor·

295 3141 364 3210 poris
391 3140 551 3194 consortium
580 3141 655 3192 vivus
683 3140 808 3194 resolvere
835 3142 863 3194 et
890 3141 961 3194 ultro
988 3141 1069 3194 emori
1097 3139 1175 3194 debet
1199 3141 1416 3210 philosophando,

295 3228 392 3283 Phaed.
412 3228 527 3296 dthsq.
548 3228 622 3281 soil.
648 3228 718 3282 Cave
737 3231 826 3282 tamen
840 3231 918 3296 putes
932 3244 1033 3283 omnem
1047 3229 1166 3283 sensibus
1185 3230 1262 3284 fidem
1278 3230 1418 3285 aPlatone

295 3317 452 3386 denegatam
470 3331 533 3380 esse,
552 3321 596 3369 BP
615 3317 695 3370 2670.

124 3455 285 3508 ideoquene
369 3456 396 3499 c.
416 3442 503 3502 Εἶδος
521 3444 548 3493 et
567 3440 629 3494 ἰόέα
647 3440 749 3509 proprie
767 3440 904 3509 significat
922 3441 1034 3495 formam
1052 3441 1107 3494 sive
1125 3442 1250 3510 speeiem,
1278 3457 1346 3510 quae
1365 3433 1443 3496 cer?

294 3530 368 3583 nitur
386 3529 477 3593 oculis,
496 3544 541 3597 per
559 3517 762 3582 translationem
781 3527 809 3582 id
828 3529 898 3598 quod
916 3533 1003 3584 mente
1021 3530 1145 3595 cernitur,
1165 3546 1189 3583 v.
1209 3529 1416 3586 orchadae.

295 3616 373 3686 Apud
391 3617 529 3670 Platonem
548 3632 735 3685 nonnunquam
754 3617 854 3672 dicitur
878 3617 965 3671 eodem
985 3633 1063 3671 sensu
1081 3633 1132 3686 quo
1151 3618 1225 3672 notio
1243 3620 1271 3672 et
1288 3618 1417 3682 definitio,

296 3723 320 3759 v.
339 3705 403 3774 ch.
432 3705 458 3757 X
475 3704 561 3759 596A
599 3707 673 3766 εἲόες
700 3709 754 3779 γάρ
782 3709 838 3760 πού
867 3727 893 3760 τι
921 3707 951 3759 ἓν
975 3707 1091 3761 ἕκαστον
1118 3709 1257 3778 εἰώθαμεν
1285 3713 1417 3762 τίθεσθαι

296 3800 359 3868 περὶ
378 3795 480 3850 ἕκαστα
499 3796 533 3848 τὰ
552 3797 653 3858 πολλοί,
681 3789 721 3854 οἷς
740 3797 842 3848 ταύτόν
864 3798 955 3868 ὄνομα
973 3797 1154 3867 ἐπιφέρομεν.
1201 3794 1309 3849 Theaet.
1329 3793 1416 3850 204a

243 3904 245 3909 ·
296 3887 379 3955 ἐχέτω
407 3883 456 3949 dei,
485 3885 520 3944 ὡς
545 3892 595 3934 νῦν
613 3901 720 3955 φαμεν,
748 3887 803 3955 μία
830 3883 891 3936 ideo
910 3885 939 3940 ἐξ
957 3885 1079 3938 ἑκάστων
1097 3895 1151 3936 τῶν
1170 3885 1417 3957 συναρμοττόντων

297 3977 442 4043 στοιχείων
469 3975 620 4042 γιγνομένη
639 3971 655 4036 ἡ
674 3973 808 4039 συλλαβή,
839 3975 942 4043 ὁμοίως
968 3973 997 4024 ἔν
1016 3991 1043 4025 τε
1070 3975 1221 4045 γράμμασι
1247 3975 1294 4024 καὶ
1312 3973 1342 4025 ἐν
1360 3977 1417 4032 τοῖς

298 4065 390 4121 ἄλλοις
409 4062 523 4114 ἅπασιν.
559 4057 671 4112 Phaedr.
691 4058 775 4112 249ss
799 4061 845 4114 δεῖ
867 4062 922 4131 γὰρ
945 4065 1095 4132 ἄνθρωπον
1119 4064 1240 4122 ξυνιέναι
1257 4055 1321 4113 κατ’
1344 4060 1418 4120 εἶδος

298 4151 455 4221 λεγόμενον,
475 4150 504 4201 ἐκ
522 4149 631 4200 πολλῶν
650 4150 693 4212 ἰὸν
711 4151 869 4216 αἰσθήσεων
886 4154 924 4210 alc
942 4149 971 4202 ἓν
985 4152 1111 4221 λογισμῷ
1126 4150 1348 4220 ξυναιρούμενον.
1385 4145 1417 4202 In

371 4413 396 4477 1)
416 4415 500 4475 οὕτως
519 4413 549 4479 (l.
568 4428 589 4467 e.
608 4413 651 4468 his
669 4411 818 4469 rationibus
836 4411 943 4482 ductus)
960 4413 1014 4479 Ab,
1032 4413 1141 4467 Bonita:
1162 4405 1241 4475 οὗτος
1257 4411 1289 4480 Ε,
1308 4411 1390 4468 Bora.
