3130 4980
642 289 782 358 Cyrenaici.
1223 290 1278 352 213

155 449 288 514 πάντων
321 447 357 515 δὲ
391 447 513 514 τούτων
547 451 585 516 τὸ
619 448 680 533 μέν
714 450 766 516 ότι
799 449 874 517 τάδε
907 475 940 517 τι
978 451 1172 535 πάσχουσιν,
1211 444 1279 520 οἷον

156 551 370 643 ιὐχραίνονται
393 555 414 643 ἢ
436 553 667 642 ε’ρυθαίνονται
689 557 710 645 ἢ
734 556 916 638 όυάζονται,
945 557 1078 647 ἀληθές,
1102 560 1140 625 τὸ
1163 558 1200 626 δὲ
1226 561 1277 626 ότι

154 661 256 750 ὠχρόν
279 659 410 727 ἔστιτὸ
438 673 546 728 κινοῦν
578 661 694 740 αὐτοὺς
716 663 736 751 ἢ
759 658 925 751 ἐνερευθὲς
947 664 967 752 ἢ
989 664 1127 730 διπλοῦν
1156 667 1278 753 ψεῦδος

91 771 93 774 ’
153 759 238 833 εἶναι
261 766 455 850 νενόμισται,
480 769 563 834 οὕτω
586 767 644 834 καί
667 770 753 856 ἡμᾶς
768 768 987 854 εὐλογώτατόν
1010 769 1082 836 ἐστι
1097 769 1198 838 πλέον
1213 783 1277 837 τῶν

154 870 281 940 οἰκείων
315 878 441 939 παθῶν
474 872 576 962 μηόέν
609 874 786 958 λαμβάνειν
816 876 989 942 όόνασθαι.
1029 877 1108 942 ὅθεν
1136 875 1208 966 ήτοι
1236 879 1277 942 τά

152 979 252 1068 πάθη
264 979 443 1068 φαινόμενα
455 978 570 1046 θετέον
582 981 602 1069 ἢ
617 983 659 1046 τὰ
675 983 820 1070 ποητικά
835 995 900 1047 τῶν
916 982 1067 1072 παθῶνλ.
1093 991 1166 1050 195.
1183 979 1277 1052 ἔνθεν

154 1085 228 1152 οὐδὲ
258 1086 424 1176 κριτήριόν
453 1109 555 1175 φασιν
584 1080 668 1153 εἶναι
699 1089 807 1155 κοινὸν
836 1088 1033 1177 ἀνθρώπων.
1072 1087 1217 1174 ὀνόματα
1241 1089 1277 1156 όὲ

151 1195 246 1260 κοινὰ
268 1191 430 1262 τίθεσθαι
452 1197 523 1272 τοῖς
545 1192 709 1278 κρίμασιν.
758 1205 832 1264 196.
863 1196 975 1262 λευκόν
997 1195 1057 1280 μέν
1079 1196 1140 1284 γάρ
1163 1220 1196 1262 τι
1219 1196 1278 1262 καί

153 1301 251 1385 γλυκὺ
280 1301 416 1367 καλοῦσι
445 1315 560 1380 κοινῶς
583 1302 720 1382 πάντες,
752 1305 859 1369 κοινὸν
882 1302 919 1370 δέ
940 1327 974 1369 τι
1004 1304 1115 1370 λευκὸν
1137 1304 1157 1391 ἢ
1180 1303 1277 1388 γλυκὺ

152 1405 211 1472 οὐκ
234 1403 372 1488 ἔχουσιν·
400 1406 537 1486 ἕκαστος
560 1409 621 1496 γάρ
644 1419 703 1474 τοῦ
725 1405 810 1474 ἰδίου
834 1409 970 1488 πάθους
993 1408 1276 1494 ἀντιλαμβάνεται.

228 1563 257 1604 a.
277 1550 346 1604 Sext.
365 1549 450 1604 Math.
469 1551 507 1602 VI
526 1551 560 1605 53
581 1555 609 1604 οί
626 1570 654 1605 τε
673 1554 804 1624 γὰράπὸ
823 1563 869 1620 τῆς
887 1555 1011 1624 Κυρήνης
1030 1542 1277 1625 φιλόσοφοιμόνιι

153 1644 243 1710 φασίν
270 1642 404 1711 ὑπάρχειν
432 1641 466 1692 τά
495 1643 584 1706 πάθη,
619 1643 686 1693 άλλο
713 1641 745 1694 δὲ
774 1641 870 1695 οὐδέν·
900 1643 967 1696 ὅθεν
993 1647 1039 1695 καὶ
1058 1644 1107 1709 τὴν
1125 1644 1220 1714 φωνὴν
1239 1643 1278 1714 μὴ

153 1726 242 1782 οὖσαν
267 1732 361 1790 πάθος
395 1729 463 1781 ἀλλὰ
489 1732 600 1790 πάθους
625 1732 768 1796 ποιητικήν
804 1732 844 1802 μὴ
863 1736 1013 1800 γίγνεσθαι
1041 1743 1096 1784 τῶν
1126 1734 1278 1802 ὑπαρκτῶν·

151 1815 277 1870 Extrema
295 1833 347 1870 non
358 1819 422 1869 λειω
440 1816 557 1886 ipsorum
575 1815 774 1884 Cyrenaicorum
794 1821 865 1884 sunt,
884 1835 964 1888 quam
982 1819 1058 1872 Sexti
1075 1820 1140 1874 hooc
1157 1836 1188 1872 ox
1206 1837 1279 1890 prae·

151 1905 242 1958 missis
261 1905 448 1959 concludentis⁸
486 1904 523 1960 Cf.
542 1905 619 1974 Diog.
638 1905 818 1972 1192;P1ut.
838 1906 895 1962 adv.
915 1907 969 1962 Col.
988 1908 1037 1972 243
1057 1907 1109 1962 Cio.
1129 1907 1174 1962 Ao.
1193 1908 1278 1963 1120.

224 2029 254 2084 1).
274 2029 433 2084 Continotur
451 2030 493 2082 his
512 2030 632 2084 doctrina
661 2035 724 2104 περὶ
753 2037 861 2095 αἰτίων,
890 2049 957 2100 quae
984 2048 1041 2084 esso
1067 2032 1172 2101 quidem
1201 2049 1278 2102 posse

151 2135 246 2172 causas
265 2135 353 2172 rorum
372 2119 499 2187 conoedit,
518 2121 639 2188 cognosci
657 2137 734 2190 posse
753 2123 841 2188 negat,
866 2120 1000 2190 physicam
1025 2121 1108 2189 igitur
1126 2138 1227 2174 omnem
1246 2122 1277 2176 do

152 2208 238 2261 medio
258 2208 336 2261 tollit.
375 2207 411 2262 ef.
431 2208 591 2276 Protagorae
610 2208 737 2273 doctrina,
756 2213 799 2260 BP
819 2209 878 2263 179.

22 2467 26 2470 Β
99 2412 141 2450 ειι
221 2387 311 2469 Diog.
333 2387 367 2450 H
392 2395 443 2452 98.
478 2375 635 2464 Τέλοςό
660 2386 869 2470 ὑπελάμβανε
892 2384 924 2471 (ό
951 2385 1131 2474 Θεόδωρος)
1152 2389 1322 2494 χαράνί(ἱ
1304 2400 1412 2441 Theodori

153 2491 212 2558 καὶ
247 2493 369 2581 λύπην,
405 2494 507 2580 τήνγ
494 2491 554 2575 μὲν
588 2491 647 2557 επὶ
681 2493 833 2580 φρονήσει
857 2495 914 2581 τήν
941 2481 974 2558 ό
1007 2491 1066 2558 ἐπὶ
1096 2492 1275 2622 άφροσάηη·
1308 2454 1360 2495 dm
1361 2465 1407 2494 nna

154 2599 269 2684 άγαθά
297 2597 334 2663 δὲ
363 2598 518 2687 φρόνησιν
540 2623 597 2664 και
589 2597 839 2687 δικαιοσύνην,
868 2601 955 2664 κακὰ
983 2597 1020 2664 δὲ
1047 2601 1106 2677 τάς
1130 2597 1277 2678 ἐναντίας

154 2704 246 2785 ἕξεις,
270 2704 356 2788 μέσα
380 2704 417 2770 δέ
439 2706 553 2794 ἡδονήν
576 2730 633 2770 και
625 2703 766 2771 πόνον.
805 2701 920 2838 ἀνῄρει
944 2705 981 2772 δὲ
1003 2731 1060 2771 και
1052 2703 1198 2794 φιλίαν
1221 2707 1277 2772 διὰ

154 2815 193 2878 τὸ
223 2812 303 2900 μήτε
334 2810 366 2877 έν
395 2811 536 2900 άφροσιν
566 2811 664 2900 αὐτὴν
686 2805 812 2894 είναιχ
799 2802 873 2901 μήτ’
904 2811 937 2878 έν
960 2816 1092 2900 σοφοῖς·
1127 2816 1223 2895 τοῖς
1221 2812 1278 2878 ιιέν

155 2920 215 3004 γὰρ
238 2931 296 3006 της
317 2915 427 3005 χρείας
450 2915 678 3006 ἀναιρεθείσης
708 2918 765 2984 καὶ
788 2945 845 3007 την
829 2916 992 3007 νφιλέυν
1012 2911 1212 2985 εκποόὼν
1183 2943 1276 3000 ειναι,

155 3026 230 3103 τοὺς
265 3023 302 3090 δέ
336 3027 456 3113 σοφοὺς
492 3024 665 3110 αὐτάρκεις
694 2953 901 3113 ὑπάρχόντας
929 3029 974 3113 μή
1005 3027 1139 3091 δεῖσθαι
1162 3023 1276 3113 φίλων.

155 3127 243 3216 ἔλεγε
265 3130 303 3197 δέ
325 3130 383 3196 καὶ
407 3130 536 3217 εἰίλογον
565 3125 649 3197 εἶναι
680 3133 736 3197 τὸν
759 3131 940 3198 σπουδαῖον
963 3131 1046 3218 ὑπὲρ
1074 3144 1132 3220 τῆς
1155 3129 1277 3218 πατρί-

157 3239 211 3315 όος
239 3239 285 3325 μὴ
316 3236 484 3322 ἐξαγαγεῖν
514 3237 627 3303 αὑτόν·
661 3235 697 3303 οὗ
728 3240 788 3324 γάρ
818 3237 1019 3321 ἀποβάλλειν
1041 3239 1099 3324 τήν
1122 3238 1278 3326 φρόνησιν

155 3343 247 3410 ἕνεκα
270 3357 329 3432 της
350 3357 415 3409 τῶν
438 3344 586 3432 άφρόνων
609 3341 777 3433 ὠφελείας.
826 3353 877 3410 99.
902 3336 986 3409 εἷναί
1008 3367 1043 3408 τε
1058 3339 1206 3428 πατρίδα
1222 3344 1278 3408 τόν

155 3453 285 3534 κόσμον.
309 3449 444 3534 κλέψειν
466 3475 501 3516 τε
516 3450 574 3516 καί
588 3451 767 3534 μοιχεύσειν
789 3449 847 3516 καί
870 3446 1086 3537 ἱεροσυλήσειν
1108 3447 1142 3513 ἐν
1157 3447 1276 3535 καιρῷ·

154 3556 255 3646 μηδὲν
278 3558 338 3644 γὰρ
362 3549 445 3622 εἶναι
469 3557 592 3622 τούτων
616 3557 712 3643 φάσει
736 3552 867 3643 αἰσχρὸν
889 3567 945 3644 τῆς
969 3544 1022 3620 ἐπ’
1048 3552 1160 3632 αὐτοῖς
1182 3553 1278 3643 όόξης

155 3661 341 3752 αἰρομένης,
377 3661 398 3751 ἢ
433 3664 599 3749 σύγκειται
634 3661 727 3727 ἕνεκα
760 3675 818 3750 τῆς
852 3675 917 3727 τῶν
950 3661 1100 3750 άφρόνων
1137 3674 1276 3749 συνοχῆς.

155 3783 304 3858 φανερῶς
327 3768 364 3834 do*
386 3773 456 3847 τοῖς
472 3767 643 3856 ἐρωμένοις
666 3768 738 3834 άνευ
762 3768 872 3856 πάσης
887 3767 1075 3855 ὑφοράσεως
1095 3768 1276 3855 χρήσεσθαι

154 3877 211 3942 τὸν
234 3875 344 3963 σοφόν.

226 4031 254 4072 a.
276 4019 377 4090 Χαρίιν
395 4019 423 4070 ot
441 4017 543 4083 ἡδονήν
565 4014 697 4068 consuisse
722 4015 827 4068 videtur
844 4015 884 4068 ita
909 4014 1026 4082 differre,
1046 4016 1077 4066 ut
1095 4014 1163 4067 hano
1181 4015 1277 4068 extrin-

154 4123 230 4161 secus
249 4105 326 4174 offici,
345 4105 418 4158 illam
436 4105 464 4158 in
482 4105 608 4158 interiore
627 4103 707 4156 animi
725 4103 820 4156 affectu
838 4104 951 4172 positam
971 4119 1028 4156 osso
1047 4101 1151 4155 diceret.

13 4367 15 4378 ‚
107 4304 144 4343 ειε
222 4283 315 4364 Diog
337 4283 372 4347 H
396 4291 447 4349 93.
491 4277 532 4348 Οι
563 4279 599 4346 δέ
619 4268 814 4410 Ηγηριακοί
845 4278 1008 4364 λεγόμενοι
1039 4279 1184 4356 σκοπους
1216 4278 1275 4361 μὲν
1303 4311 1412 4362 umam

154 4383 239 4472 θίλθί
261 4391 337 4467 τους
360 4386 491 4468 αὐτούς,
522 4389 636 4476 ήόυνήν
659 4385 715 4452 καί
739 4387 848 4452 πόνον.
871 4419 916 4432 -
939 4424 983 4434 -
1014 4393 1064 4450 94.
1088 4387 1145 4473 τὴν
1167 4384 1277 4451 εόόαι-
1310 4365 1410 4406 dmm*

209 4512 269 4554 nint.
284 4511 344 4554 ειει.
373 4511 412 4553 ει,
427 4511 477 4552 vu.
1032 4491 1065 4545 15
