3140 4990
610 307 787 392 Anaxagoras.
1209 303 1259 363 lii

139 471 288 538 τοσοῦτον
318 467 476 555 ἐπιτρέψαι
506 469 630 555 πρᾶγμα
660 467 760 544 καλῶς
794 465 877 548 εἶχεν.
917 467 990 532 νοῦν
1019 462 1056 552 δή
1087 494 1135 544 τις
1169 463 1265 534 εἰπών’

140 576 223 657 εἶναι,
248 575 387 662 καθάπερ
410 580 440 640 ἓν
463 586 527 650 τοῖς
551 573 652 664 ζῴοις,
683 579 732 638 καὶ
756 576 787 638 ἓν
817 580 858 660 τῇ
887 572 976 659 φύσει
1000 571 1055 639 τὸν
1077 575 1173 638 αἴτιον
1204 575 1261 640 τοῦ

138 681 256 768 κόσμου
283 687 332 748 καὶ
361 683 418 766 τῆς
441 679 551 758 τόξειιις
574 679 673 765 πόσης
696 677 759 746 οἷον
782 677 888 766 νήφων
911 677 1008 769 ἐφάνη
1024 675 1100 768 παρ’
1125 681 1188 768 εἰκῇ
1211 680 1259 744 λό-

138 816 249 878 γοντας
272 785 344 867 τούς
366 784 521 875 πρότερον.

210 927 238 967 a.
267 913 319 965 Eos
338 911 404 965 dicit
422 910 467 979 qui
485 912 608 964 naturam
620 909 622 914 '
634 925 719 963 raram
745 925 774 963 ex
799 908 935 964 elementis
953 909 1017 964 solis
1041 907 1115 962 nullo
1139 909 1260 962 monento

139 1003 224 1056 ortam
242 999 395 1054 statuerint.

208 1106 239 1162 b.
267 1105 355 1174 Negat
365 1105 508 1174 quidquam
518 1103 629 1159 fortuito
639 1103 695 1158 fieri
710 1103 771 1172 (etri
781 1104 910 1158 vocabula
928 1105 986 1173 ipsa
1005 1103 1151 1160 Stoicorum
1170 1103 1260 1172 potins

139 1212 217 1265 quam
228 1195 398 1263 Anaxagorae
412 1193 532 1263 putanda
543 1193 624 1259 sunt).
635 1193 715 1260 ΙΡΙαο.
727 1193 741 1245 Ι
752 1194 794 1247 29.
810 1194 873 1247 Dox.
881 1194 933 1248 326
948 1205 974 1247 ³:
988 1188 1170 1260 Ἀναξαγόρας
1177 1194 1222 1242 καὶ
1233 1193 1259 1242 ol

138 1287 248 1335 Στωικοί
268 1284 313 1353 (so.
325 1281 372 1346 τὴν
387 1300 417 1332 τι·
412 1280 484 1351 χην)
499 1279 601 1344 ἄδηλον
621 1282 713 1333 αἰτίαν
729 1279 898 1352 α’νδρωπίνῳ
913 1281 1044 1352 λογισμῷ.
1081 1281 1165 1336 Paulo
1180 1280 1259 1335 aliter

137 1369 211 1427 Alex.
217 1373 296 1441 Aphr
308 1371 338 1426 de
348 1373 448 1426 nator.
455 1368 677 1440 Ἀναξαγόρας-
644 1368 892 1440 -λέγει-μηδὲν
902 1375 958 1452 ταῖν
967 1371 1122 1440 γινομένων
1129 1372 1260 1438 γινεσθαι

137 1458 206 1512 καθ’
224 1461 399 1530 εἱααρμένην,
416 1456 475 1510 αλλ’
493 1446 565 1511 εἶναι
583 1457 664 1511 κενόν
682 1462 763 1510 τοῦτο
782 1455 914 1529 τοῦνομα.
952 1460 993 1514 cf.
1013 1459 1085 1513 Plut.
1100 1459 1194 1512 Periol.
1213 1459 1239 1511 4.

64 1675 137 1722 tara
203 1657 294 1738 Diog.
316 1656 350 1719 Π
374 1664 403 1720 6.
431 1651 633 1740 Ἀναξαγόρας
657 1692 698 1702 -
722 1655 840 1740 πρῶτος
855 1656 895 1742 τῇ
910 1651 969 1742 ὕλῃ
992 1655 1064 1720 νοῦν
1086 1655 1256 1738 ἐπέστησεν,
1277 1653 1397 1758 affl&

137 1757 305 1848 ἀρξόμενος
340 1761 422 1830 οὕτω
451 1763 509 1827 τοῦ
539 1788 692 1848 σαγγριιμρ
654 1789 846 1845 γροιατος,
830 1760 960 1828 ἓόστιν
994 1755 1090 1847 ηδίτος
1120 1767 1169 1828 και
1202 1789 1258 1845 με·

136 1865 337 1993 γαλοφρόναις
358 1894 504 1998 ηρμηνεμγ
506 1868 604 1933 ιόνον·
635 1863 774 1948 ,,Ποὶντα
795 1862 935 1954 χρήματα
957 1860 1046 1954 ἧνγ
1018 1861 1123 1952 ὁμοῦ
1136 1865 1230 1935 ειτα

138 1971 153 2040 6
176 1977 248 2052 νοῦς
276 1974 378 2040 noan
405 1971 484 2039 αὐτὰ
506 1972 718 2058 διεκόσμησεδ

1244 1866 1258 1906 b

62 2173 136 2214 rara
202 2154 291 2218 Arist
292 2154 333 2216 ot.
356 2151 452 2234 PhyS.
476 2151 557 2215 VHI
582 2163 609 2216 1.
635 2151 726 2218 250b
751 2159 803 2218 24.
852 2157 933 2237 Φησὶ
959 2147 1015 2238 γὰρ
1037 2154 1155 2231 ἐκεῖνος,
1180 2145 1259 2235 inat
1303 2148 1386 2214 auctor·

1286 2204 1388 2245 monenda

136 2257 260 2324 πάντων
293 2251 390 2324 όντων
423 2263 471 2322 καὶ
505 2254 727 2343 ν’γρεμοόνταινο
760 2254 815 2324 τόν
839 2254 960 2345 ἄπειρον
990 2257 1110 2345 χρόνον,
1141 2262 1258 2342 κίνησιν

136 2367 295 2451 ἐμποιῆσαι
319 2361 374 2430 τὸν
397 2363 498 2430 νοῦν(1
521 2371 569 2430 καὶ
594 2368 739 2452 διακρῖναι
755 2375 777 2430 ⁶.

207 2503 236 2544 a.
264 2488 351 2542 Habea
370 2487 397 2541 in
417 2487 521 2542 brevius
540 2490 677 2544 eontracta
696 2504 727 2544 ea
746 2505 812 2558 qnae
837 2490 942 2558 integra
967 2488 1019 2544 fere
1042 2490 1106 2544 aunt
1129 2505 1170 2577 ap.
1191 2487 1259 2542 Sim·

134 2579 197 2648 plio.
215 2577 234 2632 l.
254 2595 275 2632 o.
295 2583 338 2630 ΒΡ
358 2578 418 2632 120.
455 2576 495 2631 Cf.
522 2577 614 2646 Simpl.
638 2577 669 2631 de
688 2579 760 2632 Cael.
782 2578 841 2632 145.
875 2577 947 2645 λίγει
973 2576 1028 2648 γόρ
1055 2573 1100 2628 δτι
1127 2577 1162 2642 ἠν
1189 2575 1259 2644 ὁμοῦ

135 2665 228 2720 πάντα
244 2663 382 2734 χρήματα,
400 2667 464 2723 νοῦς
483 2664 516 2718 δὲ
535 2661 606 2718 αόιιί
626 2666 769 2734 διακρίνας
782 2665 955 2736 διεκόσμησε

206 2772 236 2829 b.
266 2771 358 2840 Simpl.
378 2771 456 2841 Phys
476 2773 568 2826 2731·:
594 2772 609 2822 6
628 2771 661 2824 δὲ
682 2770 808 2842 Εὔδηαος
825 2772 970 2842 μέμφεται
988 2776 1025 2846 τῷ
1042 2769 1207 2840 Ἀναξαγόρᾳ
1226 2765 1260 2822 ου’

134 2859 224 2934 μόνον
243 2857 283 2912 ὅτι
300 2859 339 2931 μή
358 2853 490 2928 πρότερον
510 2844 594 2911 οὖσαν
612 2857 754 2930 ἄρξασθαί
771 2877 839 2912 ποτε
859 2859 978 2930 λέγει
946 2880 995 2924 τιν
1010 2865 1122 2925 κίνησιν,
1142 2855 1230 2910 αλλ’
1213 2878 1257 2911 οτι

134 2952 180 3002 καὶ
192 2951 316 3018 περὶτοῦ
334 2947 510 3000 διααένειν
495 2967 509 3011 n
529 2947 618 3012 λήξειν
637 2948 704 3002 ποτὲ
723 2948 979 3020 παρέλιπενείπεῖν,
999 2952 1095 3020 καίπερ
1114 2944 1164 3000 ουίι
1183 2945 1258 3008 ὄντος

135 3042 270 3110 φανεροῦ.
754 3081 756 3084 .
885 3077 888 3084 .

207 3159 234 3200 o.
263 3145 344 3200 Arist.
364 3143 442 3212 Phys.
462 3143 506 3198 ΙΙΙ
526 3143 550 3198 5.
570 3144 650 3198 205¹)
673 3147 695 3198 l.
720 3140 902 3215 Ἀναξαγόρας
921 3145 940 3196 δ
946 3145 952 3162 '
969 3143 1079 3204 ἀτόπως
1101 3144 1175 3212 λέγει
1194 3145 1258 3213 περὶ

134 3234 179 3300 τῆς
208 3238 256 3287 τοῦ
283 3232 395 3304 οἷπείροιι
423 3237 526 3304 μονῆς·
555 3234 685 3301 στηρίζειν
711 3231 765 3302 γόρ
790 3231 863 3284 αότό
890 3231 959 3286 αὑτό
987 3249 1054 3302 φησι
1076 3229 1108 3285 τό
1126 3229 1256 3303 ἄπειρον·

134 3326 217 3377 τοῦτο
236 3321 283 3388 δέ,
311 3319 354 3374 ὅτι
374 3319 404 3375 ἐν
423 3321 514 3392 αιῖτρῖ·
533 3319 598 3373 ἄλλο
616 3318 673 3396 γοῖρ
693 3320 775 3374 οόδὲν
799 3321 940 3392 περιέχειν,
969 3315 1020 3389 ὦς,
1045 3317 1117 3372 ὅπου
1135 3317 1169 3371 ἄν
1188 3337 1214 3371 τι
1231 3307 1256 3390 ᾗ,

134 3411 259 3482 πεφυκός
277 3409 399 3463 ἐνταῦθα
418 3397 496 3464 εἷναι.

206 3519 241 3582 dt
266 3518 336 3584 Quid
349 3518 456 3572 intersit
470 3518 539 3571 inter
558 3520 624 3569 νοῦν
642 3519 669 3571 et
688 3515 791 3587 ψιιγιζν.
828 3517 910 3571 Arist.
930 3516 961 3570 de
980 3515 1030 3572 An.
1052 3517 1066 3570 Ι
1086 3517 1111 3571 2.
1130 3515 1211 3572 404¹>
1231 3516 1255 3571 1.

135 3600 313 3676 Ἀναξαγόρας
344 3605 377 3657 δ’
401 3594 479 3669 ἧττον
507 3605 641 3676 διασαφεῖ
661 3607 725 3673 περὶ
752 3601 863 3658 αότῶν·
891 3604 1036 3674 πολλαγοῖ
1062 3604 1115 3674 μὲν
1142 3603 1196 3675 γαρ
1224 3602 1256 3656 τό

135 3697 224 3748 α’ίτιον
241 3699 290 3748 τοῦ
308 3695 395 3754 καλῶς
415 3697 459 3746 καί
477 3692 571 3764 όρδαῖς
590 3693 637 3746 τόν
656 3696 720 3746 νοῦν
738 3694 811 3762 λέγει
817 3736 826 3762 ,
853 3692 968 3761 ἑτέρωθι
991 3693 1038 3757 δέ,
1065 3695 1162 3745 τοῦτον
1185 3678 1257 3745 εἶναι’

133 3782 185 3848 τόν
203 3783 316 3852 ψυχήν·
345 3783 374 3836 ἐν
401 3779 486 3836 ἅπασι
512 3782 568 3853 γόρ
592 3781 675 3836 αιίτδν
702 3779 836 3853 όπόργειν
858 3789 915 3842 τοῖς
933 3781 1025 3856 ζῴοις,
1058 3785 1104 3833 καί
1126 3780 1256 3852 μεγάλοις

135 3874 180 3925 καὶ
206 3879 330 3942 μικροῖς,
357 3875 401 3924 καὶ
420 3877 518 3943 τιμίοις
542 3875 589 3923 καὶ
607 3867 842 3942 οἷτιαοτέροιςμ-
867 3871 947 3927 405³
966 3871 1012 3925 14:
1032 3865 1181 3939 χρῆταιδ’
1198 3866 1255 3972 α’μ-

135 3967 203 4030 φοῖν
222 3980 258 4020 αις
276 3965 327 4031 μιᾷ
345 3961 436 4030 φύσει,
463 3957 535 4025 πλην
562 3959 653 4030 α’ργήν
680 3977 713 4029 γε
738 3958 788 4013 τόν
815 3963 882 4013 νοῦν
912 3963 1020 4012 τίθεται
1042 3956 1161 4029 μαλιστα
1186 3956 1255 4010 πόν-
1275 3957 1392 4004 qualissia

134 4065 206 4101 των
234 4047 324 4118 μόνον
347 4053 417 4118 γοῦν
444 4053 528 4118 φησίν
552 4049 633 4100 αὐτόν
657 4053 712 4102 rain
731 4046 818 4100 ὄντων
837 4049 942 4101 δαλοιν
960 4065 1031 4100 ειναι
1055 4043 1140 4099 uot'
1122 4049 1207 4116 αμιγῆ
1226 4061 1256 4098 τε
1309 4011 1357 4062 ipsa

134 4139 180 4190 καὶ
206 4134 340 4206 καθαρόν.
368 4134 525 4190 οἶποδίδιιισι
548 4136 582 4188 δ’
598 4138 684 4209 ἄμφω
711 4133 830 4206 τῇαότῇ
848 4135 928 4206 α’ργῇ,
947 4135 979 4189 τό
998 4153 1027 4190 τε
1046 4132 1192 4205 γινώσκειν
1210 4136 1256 4186 καὶ

134 4224 168 4278 τό
185 4232 280 4290 κινεῖν,
298 4225 388 4294 λέγων
405 4231 471 4280 νοῦν
489 4229 595 4295 κινῆσαι
612 4226 643 4278 τό
662 4229 726 4282 πᾶν.
763 4226 837 4282 Adde
861 4226 892 4281 do
919 4226 965 4281 An.
985 4227 1062 4280 1114
1085 4227 1112 4279 et
1137 4239 1202 4294 quae
1221 4223 1255 4278 ad

134 4315 222 4369 locum
241 4321 284 4368 BP
305 4316 356 4370 123
374 4315 495 4385 disputat
514 4317 601 4370 Breier
619 4333 644 4384 p.
663 4316 708 4370 54.
782 4327 783 4330 ’

207 4434 234 4478 o.
263 4421 378 4476 Mentem
391 4423 467 4477 illam
480 4422 557 4477 deum
571 4421 606 4476 ab
619 4439 648 4476 eo
663 4437 717 4477 ease
732 4423 895 4476 nominatam
915 4423 997 4476 testes
1011 4421 1099 4476 minus
1112 4421 1255 4490 locupletes
