3150 4996
98 4298 203 4345 olomeo

233 329 270 392 54
711 329 878 401 Pythagorei.

233 493 323 579 λόγον
347 500 475 559 τοῦτον·
500 498 548 558 καί
572 488 629 578 γὰρ
653 493 766 577 ἐγίνετο
783 491 839 577 τὴν
855 485 971 578 ἡλικίαν
991 486 1162 576 Ἀλκμαίων
1177 495 1225 556 ἐπὶ
1241 492 1356 578 γίροντι

234 596 420 692 Πυθαγόρᾳ,
444 594 622 686 ἀπεφήνατο
648 602 681 666 δὲ
704 603 924 685 παραπλησίως
948 595 1086 676 τούτοις·
1112 603 1187 685 φησὶ
1204 593 1260 684 γὰρ
1284 595 1356 666 εἶναι

235 702 290 774 δόο
320 702 359 774 τὰ
388 705 485 773 πολλὰ
515 707 575 772 τῶν
604 701 822 792 ἀνθρωπίνων,
854 707 946 791 λίγων
977 700 1031 783 τδς
1059 701 1271 790 ἐναντιότητας
1300 699 1357 790 οδχ

234 809 332 900 ὥσπερ
356 803 441 880 οὗτοι
466 814 674 897 διωρισμένας,
698 809 775 878 ἀλλὰ
798 811 852 890 τὰς
868 810 1028 893 τυχοίσας,
1053 808 1115 878 οἷον
1131 807 1236 878 λευκόν
1251 815 1355 895 μίλαν,

234 919 327 1007 γλυκδ
357 917 471 1006 πικρόν,
502 916 624 1004 δγαθδν
656 917 756 999 κακόν,
799 922 877 1006 μίγα
905 913 1016 1004 μικρόν
1031 929 1052 985 ⁰.
1099 908 1186 996 οὗτος
1214 921 1271 1003 μίν
1302 911 1357 984 οὖν

235 1024 415 1114 ἀδιορίστως
444 1031 586 1112 ίπίρριψε
616 1032 680 1112 περὶ
712 1027 774 1092 τῶν
804 1027 926 1107 λοιπῶν,
957 1028 985 1091 οἳ
1015 1027 1047 1090 δὲ
1078 1021 1285 1113 Πυθαγόρειοι
1309 1029 1357 1090 καί

235 1132 326 1202 πόσαι
349 1139 397 1200 καὶ
421 1137 497 1211 τίνες
520 1135 550 1198 αἱ
573 1127 778 1218 ἐναντιότητες
802 1126 1006 1222 ἀπεφήναντο.
1031 1132 1111 1220 παρδι
1126 1135 1182 1217 μίν
1206 1125 1260 1198 οἶν
1284 1129 1357 1200 τοί·-

235 1269 296 1309 των
326 1237 471 1328 οἰμιμοῖν(1
501 1241 652 1306 τοσοῦτον
682 1241 744 1307 ltu
774 1245 887 1323 λαβεῖν,
919 1235 964 1306 ότι
994 1237 1140 1308 τάναντία
1173 1237 1261 1328 ἀρχαί
1297 1240 1357 1306 τῶν

234 1345 354 1414 όντων·
379 1343 414 1413 τό
439 1343 467 1411 δ’
493 1345 587 1414 iocor
617 1342 700 1433 παρὰ
730 1347 792 1412 τῶν
821 1347 938 1434 ἓτίρων,
969 1351 1018 1412 καὶ
1048 1351 1125 1426 τίνες
1153 1339 1247 1414 αὗταί
1273 1352 1355 1413 ιίσιν.

236 1461 299 1532 πῶς
320 1458 425 1538 μέντοι
450 1452 526 1540 πρὸς
550 1452 604 1532 τὰς
627 1454 781 1540 είρημίνας
804 1457 903 1528 αἰτίας
918 1455 1067 1538 ίνδίχεται
1089 1465 1276 1540 συναγαγεῖν,
1300 1481 1357 1520 σα-

236 1561 302 1648 φῶς
330 1565 387 1644 μὲν
416 1556 451 1626 οδ
482 1558 670 1648 διήρθρωται
700 1553 779 1647 παρ’
804 1564 931 1642 ἐκείνων,
963 1565 1075 1627 ίοίκασι
1105 1559 1135 1626 δ’
1166 1556 1206 1639 ὥς
1229 1565 1259 1626 ἒν
1282 1555 1357 1645 δ’λης

234 1670 304 1733 είδει
327 1666 365 1733 τὰ
388 1677 520 1749 στοιχεῖα
543 1666 680 1734 τάττειν·
704 1670 735 1732 ίκ
759 1665 878 1734 τούτων
900 1666 956 1754 γὰρ
980 1662 1020 1746 ὡς
1034 1665 1265 1752 ἐνυπαρχόντων
1282 1696 1357 1735 συν-

235 1769 355 1842 εστάναι
378 1780 426 1840 καί
450 1771 623 1841 πεπλάσθαι
648 1778 723 1862 φασί
748 1769 803 1860 τὴν
820 1768 935 1840 οὖσίαν.
977 1784 1055 1840 987⁸
1072 1784 1121 1841 13.
1148 1777 1174 1840 οἱ
1191 1779 1224 1842 δὲ
1240 1779 1357 1841 Πυθα-

236 1877 343 1967 γόρειοι
367 1878 448 1947 ‹lt-of
472 1883 530 1964 μίν
559 1880 612 1958 τὰς
640 1877 734 1966 ἀρχὰς
763 1880 839 1947 κατὰ
870 1876 924 1947 τόν
953 1877 1048 1947 αὐτόν
1078 1879 1210 1968 εἶρίκασι
1234 1881 1356 1965 τρόπον,

237 1989 386 2056 τοσοῦτον
417 1990 451 2055 δὲ
480 1992 715 2074 προσεπέθεσαν,
752 1985 768 2053 δ
797 1993 844 2054 καί
875 1983 953 2054 ἴδιόν
982 1994 1066 2054 ἔστιν
1097 1984 1208 2069 αὐτῶν,
1244 1987 1290 2054 ὅτι
1321 1984 1355 2054 τό

819 2091 862 2119 lu
929 2092 993 2118 l<

237 2100 464 2183 πεπερασμένον
479 2100 527 2161 καὶ
544 2089 578 2162 τό
594 2087 717 2181 δ’πειρον
732 2101 779 2160 καί
796 2121 830 2161 το
847 2123 878 2160 εν
903 2123 958 2179 οοχ
980 2097 1081 2182 ειίρας
1105 2122 1189 2171 τινας
1205 2088 1356 2184 ᾠήθησαν

236 2201 307 2268 εἶναι
330 2197 452 2290 φόσεις,
485 2199 548 2268 οἷον
578 2203 638 2288 πῦρ
668 2196 687 2288 η
710 2202 766 2288 γῆν
789 2195 809 2288 ἦ
832 2231 859 2268 τι
886 2203 1024 2268 τοιοῦτον
1048 2208 1156 2288 ἕτερον,
1189 2199 1254 2268 ἀλλ’
1280 2198 1355 2268 αότό

478 2315 485 2335 t
538 2306 547 2330 ³
574 2305 582 2328 h
632 2309 640 2332 h

236 2305 271 2375 τό
294 2302 416 2397 όπειρον
438 2339 485 2375 και
509 2337 586 2376 αυτο
609 2338 645 2376 το
666 2309 699 2376 δν
723 2307 827 2376 οδσίαν
851 2309 924 2378 εἶναι
949 2308 1069 2377 τούτων
1085 2302 1127 2376 ὧν
1149 2310 1356 2396 κατηγοροῦν-

237 2444 296 2498 ται,
322 2413 369 2481 διδ
393 2422 441 2482 καὶ
466 2412 601 2505 ἀριθμόν
625 2415 697 2482 εἶναι
721 2415 776 2502 την
799 2415 906 2483 οὐσίαν
931 2412 1084 2483 ἁπάντων.

308 2554 336 2595 a.
365 2540 541 2596 illustrantur
565 2541 607 2596 his
632 2557 678 2606 ea,
708 2557 774 2610 quae
801 2558 896 2611 supra,
925 2547 968 2594 BP
987 2542 1021 2595 52
1044 2543 1071 2594 ct
1095 2541 1144 2605 53,
1173 2542 1307 2610 posuimus
1327 2558 1356 2596 cx

235 2644 309 2698 opere
333 2627 449 2684 Philolai
468 2629 628 2699 deprompta.
667 2629 742 2694 Quod
761 2631 971 2698 πεπερασμένον
997 2631 1078 2684 Arist.
1106 2631 1225 2700 scripsit,
1249 2649 1300 2686 non
1326 2633 1357 2685 ut

235 2718 352 2788 Metaph.
371 2718 429 2774 18.
449 2720 519 2774 99οῑ
537 2721 554 2774 8
573 2718 658 2787 πέρας
676 2719 717 2772 val
736 2723 767 2772 ut
780 2719 918 2774 Philolaus
941 2720 996 2788 ipse
1010 2724 1149 2785 περαῖνον,
1168 2718 1203 2773 ad
1216 2735 1270 2773 rem
1289 2719 1357 2773 nihil

235 2807 335 2860 attinet
362 2807 452 2875 (aliter
471 2808 559 2861 Ritter
577 2807 654 2876 Pph.
675 2807 744 2860 Phil.
766 2809 835 2876 116).
874 2809 980 2863 Finitur
1007 2811 1096 2862 autem
1124 2807 1156 2860 τὸ
1183 2805 1278 2874 ἄρτιον
1303 2807 1356 2861 ὑπο

235 2899 285 2947 τοῦ
303 2899 441 2963 περιττοῦ,
461 2913 485 2950 v.
505 2896 587 2950 Arist.
607 2896 686 2965 Phys
706 2896 792 2950 1114.
813 2899 884 2952 203²
904 2900 945 2953 10.
978 2899 1023 2948 καὶ
1038 2897 1130 2966 οἱμὲν
1149 2895 1357 2966 (Πυθαγόρειοι)

235 2979 267 3036 τδ
285 2981 398 3054 ἄπειρον
417 2970 487 3036 εἶναι
505 2982 535 3035 τδ
554 2981 664 3054 ἄρτιον·
684 2987 761 3036 τοῦτο
779 2983 833 3052 γάρ
853 2983 1148 3056 ἐναπολαμβανόμενου
1166 2989 1211 3037 καλ
1237 2985 1290 3038 όπδ
1308 2988 1357 3037 τοῦ

235 3075 363 3143 περιττοῦ
380 3071 581 3144 περαινόμενον
600 3074 733 3144 παρέχειν
752 3081 807 3133 τοῖς
827 3064 885 3126 οόσι
905 3072 953 3137 τήν
973 3073 1112 3143 α’πειρῖανι
1132 3075 1166 3129 ad
1180 3092 1256 3144 quem
1270 3075 1356 3129 locum

236 3162 353 3232 Simplici.
379 3161 456 3232 Phys
478 3163 557 3218 105r.
582 3163 644 3229 455,
664 3164 739 3218 fOD.
769 3153 845 3216 οδτοι
868 3163 901 3216 δε
926 3162 958 3215 ro*
983 3160 1094 3233 ἄπειρον
1118 3162 1167 3216 τδν
1186 3163 1281 3231 ἄρτιον
1299 3160 1356 3231 α’ρι-

235 3248 313 3322 θμδν
332 3247 425 3320 ἔλεγον
444 3246 489 3302 διδ
504 3250 536 3304 τδ
550 3253 668 3322 πιῖυμὲν
682 3250 786 3321 ι’ίρτιον,
805 3249 839 3312 ὥς
854 3270 941 3323 φασιν
960 3257 985 3305 ol
1004 3249 1141 3321 ἐξηγηταί,
1160 3254 1197 3311 είς
1217 3254 1263 3304 ἰ’σα
1283 3251 1356 3305 διαι·

235 3346 358 3410 ρεῖοθαι,
384 3337 414 3392 to*
434 3338 467 3394 δὲ
486 3342 525 3399 εἰς
542 3343 588 3392 ἰ’σα
612 3338 811 3410 διαιρούμενον
834 3340 947 3411 ίίπειρον
971 3341 1041 3393 soro
1065 3341 1113 3406 την
1137 3340 1319 3411 διχοτομίαυ·
1341 3340 1356 3405 ἡ

234 3428 288 3498 γὰρ
308 3430 344 3488 εἰς
361 3432 407 3482 ἴσα
426 3431 472 3482 καὶ
490 3429 572 3500 ἡμίση
591 3427 723 3501 διαίρεσις
742 3427 789 3482 ἐπ’
808 3427 936 3498 ἄπειρον·
957 3431 989 3482 τό
1008 3429 1040 3484 δὲ
1055 3426 1182 3500 περιττόν
1200 3429 1356 3499 προστεθὲν

235 3523 356 3592 περαίνει
375 3517 443 3572 αι”τό
454 3535 460 3549 ·
479 3518 577 3572 κωλύει
595 3517 649 3589 γιίρ
668 3516 753 3572 αὐτοῦ
770 3519 818 3584 τήν
837 3524 875 3580 εἰς
894 3519 926 3572 ui
945 3522 991 3572 ἴσα
1009 3519 1149 3588 διαίρεσιν.

306 3625 335 3684 b.
364 3627 430 3680 Pars
449 3629 556 3681 tantum
575 3627 813 3697 Pythagoreorum,
838 3625 910 3680 haud
935 3627 988 3681 scio
1015 3643 1049 3680 an
1074 3627 1243 3692 recentiores,
1268 3625 1356 3679 decem

234 3716 310 3787 paria
328 3715 464 3769 notionum
484 3717 674 3770 contrariarum
694 3717 769 3786 quasi
789 3731 845 3770 aere
864 3715 989 3784 fixerant3
1008 3714 1076 3768 illud
1096 3714 1129 3768 ab
1149 3715 1276 3768 univorsis
1296 3731 1356 3769 con·

235 3823 342 3871 cessum,
367 3806 431 3860 hina
450 3805 595 3870 contraria,
615 3805 722 3859 finitum
746 3805 881 3859 infinitum
901 3805 942 3858 vel
965 3820 1013 3873 par
1037 3804 1136 3872 impar,
1167 3819 1221 3857 osse
1240 3802 1356 3856 omnium

234 3912 319 3950 rerum
339 3895 476 3964 principia.
514 3894 635 3948 Ceterum
655 3894 719 3948 haec
738 3893 824 3948 decom
845 3893 976 3962 principia
1000 3908 1063 3946 cavo
1087 3891 1160 3946 dicas
1184 3893 1356 3959 κατηγορίας.

235 3984 398 4039 Vocabulum
426 3985 565 4051 συστοιχία
590 3983 624 4036 ab
652 3981 787 4036 ordinibus
814 3982 856 4036 vel
879 3981 997 4035 militum
1022 3978 1063 4033 vel
1089 3979 1161 4033 chori
1187 3979 1221 4034 ad
1240 3980 1356 4033 rationes

233 4075 371 4128 notionum
385 4076 425 4128 est
439 4073 609 4128 translatum.
648 4071 792 4126 Motionem
806 4070 840 4124 ab
855 4070 960 4124 infinito
975 4069 1057 4138 repeti
1072 4069 1210 4124 confirmat
1224 4067 1355 4122 Eudemus

233 4179 277 4231 ap.
298 4162 390 4231 Simpl.
409 4161 488 4232 Phys.
508 4162 570 4216 98v.
590 4161 651 4224 431,
673 4161 748 4214 131).

306 4283 333 4326 ο.
362 4271 401 4324 De
420 4269 574 4323 Alcmaeone
593 4285 616 4322 v.
637 4267 713 4337 Diog.
734 4266 802 4320 VIII
821 4267 864 4320 83.
903 4263 935 4316 τιὶ
954 4262 1068 4316 πλεῖστά
1094 4259 1124 4332 γ’
1144 4262 1252 4333 ίατρικδ
1272 4261 1356 4330 λέγει,

233 4356 308 4430 ὅμως
327 4357 359 4411 δὲ
378 4359 424 4408 καὶ
442 4355 606 4426 φυσιολογεῖ
623 4353 708 4408 ἐνίοτε
727 4354 833 4422 λέγων·
853 4351 907 4406 δίο
927 4351 958 4404 ια’
978 4350 1068 4406 πολλοί
1094 4350 1152 4404 ἐστι
1176 4355 1232 4404 τῶν
1249 4349 1356 4418 ιίνθρω-

234 4454 329 4505 πίνωυ,
345 4445 424 4500 δοκεῖ
432 4444 464 4499 δὲ
478 4449 583 4514 πρῶτος
597 4443 712 4512 φυσικόν
722 4442 807 4514 λόγον
819 4442 1056 4513 συγγεγραφέναι.
1094 4441 1176 4496 Arist.
1195 4440 1226 4495 de
1244 4457 1286 4496 au.
1301 4440 1316 4494 I
1330 4440 1355 4493 2.
