3130 4980
299 347 351 407 190
788 351 916 404 Socrates.

299 511 486 598 παρασχών,
509 511 548 576 ἀν
564 507 687 576 ἑαυτῶν
702 509 933 594 ἐπιμελῶνται,
952 511 1070 588 καλοὺς
1085 508 1253 595 κάγαθοὺς
1268 506 1417 576 ἔσεσθαι.

301 627 329 684 3.
352 615 461 684 καίτοι
484 642 518 703 γε
540 616 614 684 οὐδὲ
636 619 776 685 πώποτε
798 615 954 700 ὑπέσχετο
984 616 1180 695 διδάσκαλος
1203 609 1312 683 εἶναι(1
1342 617 1419 709 τού-

299 749 365 805 του,
389 724 472 791 ἀλλά
494 723 541 812 τῷ
565 727 701 814 φανερὸς
724 718 808 791 εἶναι
831 735 976 803 τοιοῦτος
999 725 1043 789 ὢν
1063 721 1207 804 ἐλπίζειν
1222 721 1329 790 ἐποίει
1344 726 1420 803 τοὺς

299 829 584 918 συνδιατρίβοντας
622 829 726 918 ἑαυτῷ
766 830 980 916 μιμουμένους
1017 829 1137 898 ἐκεῖνον
1174 831 1320 898 τοιούσδε
1366 856 1419 918 γε-

294 938 465 1026 ιη’σεσθαι.

274 1095 277 1103 ’
370 1096 398 1137 a.
417 1082 479 1152 Ipse
497 1085 672 1154 ἀντωμοσίας
690 1081 768 1134 verba
786 1081 928 1134 Favorinus
952 1084 1005 1151 (ap.
1024 1081 1100 1148 Diog.
1127 1079 1153 1132 II
1176 1081 1223 1146 40)
1247 1097 1277 1134 ex
1301 1083 1418 1152 exemplo

131 3099 229 3152 cognitio
244 3100 278 3141 eui

299 1171 412 1226 Athenis
422 1171 556 1225 inMetroo
567 1173 708 1237 asservato,
719 1173 750 1223 ut
760 1171 806 1236 ait,
817 1170 943 1224 servavit:
954 1170 1020 1224 τόδε
1030 1171 1175 1242 ἐγράψατο
1184 1175 1228 1223 καὶ
1237 1173 1419 1244 ἀντωμόσατο

299 1265 427 1327 Μέλητος
445 1262 579 1327 Μελήτου
595 1263 718 1321 Πιτθεὺς
736 1263 875 1331 Σωκράτει
893 1265 1094 1332 Σωφρονίσκου
1109 1255 1308 1327 Ἀλωπεκῆθεν·
1329 1262 1422 1316 ἀδικεῖ

300 1353 444 1422 Σωκράτης
459 1352 505 1409 οὓς
517 1350 571 1421 μὲν
584 1351 600 1416 ἡ
614 1351 692 1409 πόλις
706 1352 810 1421 νομίζει
824 1351 906 1409 θεοὺς
921 1351 953 1400 οά
970 1351 1094 1420 νομίζων,
1114 1349 1191 1422 ἕτερα
1210 1349 1241 1403 δὲ
1259 1353 1341 1403 καινά
1356 1352 1419 1405 δαι-

299 1441 386 1512 μόνια
413 1440 619 1507 εἰσηγούμενος,
649 1438 740 1491 ἀδικεῖ
763 1438 794 1491 δέ
818 1442 863 1491 καλ
893 1439 957 1498 τοὺς
983 1442 1061 1498 νέους
1088 1438 1266 1512 διαφθείρων.
1310 1446 1419 1512 τίμημα

300 1531 424 1588 θάνατος
441 1527 483 1593 (cf.
502 1527 571 1580 Plal.
590 1527 665 1596 Apol.
687 1526 722 1579 24
740 1525 781 1591 Β).

370 1634 401 1689 b.
429 1633 534 1703 Semper
561 1633 686 1686 edieotive
714 1633 775 1702 poni
803 1633 852 1685 hoo
884 1631 1037 1685 vocabulum
1070 1632 1173 1685 monuit
1200 1632 1420 1690 Schleiermacher

300 1725 428 1791 (Ρίαίοιιε
450 1723 545 1777 Werke
562 1723 575 1775 I
594 1719 637 1788 2⁸,
657 1723 710 1776 300
729 1723 786 1791 sq).
823 1721 1032 1789 Intellegendum
1050 1724 1093 1774 est
1112 1728 1232 1794 σημεῖον,
1252 1723 1320 1793 quod
1338 1724 1421 1778 inter·

301 1813 363 1866 dum
381 1812 501 1878 additur,
526 1811 599 1864 velut
616 1812 685 1865 Plet.
704 1811 769 1881 Rep.
788 1810 825 1863 VI
842 1811 896 1864 496
915 1809 949 1875 (λς
974 1809 1121 1880 Euthyphr.
1140 1811 1157 1864 3
1176 1809 1212 1876 B;
1237 1810 1312 1880 Apol.
1331 1813 1364 1879 31
1385 1814 1419 1868 D.

300 1901 336 1956 40
354 1901 385 1955 A.
410 1901 445 1955 40
463 1901 486 1954 Β
504 1900 536 1965 Ος
564 1900 659 1968 Theag.
686 1901 737 1955 128
756 1900 787 1954 B.
825 1898 864 1954 Cf.
891 1898 943 1954 cie.
970 1899 1002 1952 de
1019 1899 1078 1952 Div.
1101 1899 1115 1952 I
1140 1899 1200 1954 122.
1238 1899 1275 1955 Cf.
1294 1901 1420 1971 Ribbing,

301 1990 383 2045 stud.
401 1989 436 2043 Π.
455 1989 539 2043 Zeller
557 1990 584 2042 Π
602 1988 644 2056 1⁸,
664 1990 778 2044 69-83.

372 2111 399 2151 0.
418 2097 487 2150 Plat.
509 2097 585 2167 Apol.
611 2098 644 2151 31
671 2097 695 2148 D
719 2099 783 2170 ἐμοὶ
808 2097 839 2150 δὲ
867 2098 948 2150 τοῦτό
973 2097 1048 2150 ἔστιν
1073 2097 1102 2150 έκ
1130 2096 1232 2156 παιδὸς
1256 2099 1422 2170 ἀρξάμενον,

302 2189 378 2260 φωνή
398 2207 437 2247 τις
456 2191 612 2258 γιγνομένη,
632 2186 648 2252 ἢ
667 2187 733 2238 ὅταν
757 2191 882 2254 γένηται,
908 2187 951 2239 ἀεὶ
976 2187 1126 2255 ἀποτρέπει
1147 2203 1183 2258 με
1208 2188 1319 2248 τούτου,
1347 2187 1361 2239 ὃ
1387 2193 1422 2241 ἀν

300 2279 390 2348 μέλλω
410 2279 553 2346 πράττειν,
578 2280 724 2347 προτρέπει
749 2275 781 2328 δὲ
801 2277 907 2328 οίίποτε.
928 2303 961 2311 -
980 2273 1046 2326 Χοο.
1061 2273 1139 2326 Mem.
1159 2273 1172 2326 I
1191 2273 1219 2339 1,
1245 2275 1269 2328 9.
1307 2276 1371 2336 τοὺς
1390 2275 1423 2329 δὲ

301 2365 390 2437 μηδὲν
409 2392 442 2401 -
462 2368 606 2435 οἰομένους
624 2364 694 2417 εἶναι
713 2363 874 2436 δαιμόνιον,
896 2365 964 2416 ἀλλά
984 2366 1075 2416 πάντα
1095 2373 1140 2430 τῆς
1159 2366 1334 2436 ἀνθρωπίνης
1352 2367 1422 2434 γνώ-

301 2475 355 2526 μης
373 2453 514 2524 δαιμονᾶν
531 2454 596 2523 ἔφη·
617 2453 758 2525 δαιμονᾶν
778 2453 808 2506 δὲ
822 2457 869 2505 καὶ
883 2454 947 2513 τοὺς
959 2457 1183 2524 μαντευομένους
1201 2453 1218 2504 ἀ
1238 2459 1295 2512 τοῖς
1313 2454 1423 2523 ἀνθρώ-

303 2563 367 2603 ποις
384 2543 490 2596 ἔδωκαν
509 2545 536 2596 οἱ
554 2545 616 2595 θεοὶ
632 2548 760 2614 μαθοῦσι
779 2541 935 2611 διακρίνειν.

373 2648 402 2704 (l.
419 2649 488 2702 Plat.
508 2647 583 2716 Apol.
602 2646 680 2700 33A
702 2648 756 2716 ἐγὼ
780 2647 812 2700 δὲ
831 2646 1000 2707 διδάσκαλος
1023 2647 1077 2718 μὲν
1101 2647 1213 2707 οὐδενὸς
1236 2643 1345 2702 πώποτ’
1363 2649 1422 2717 ἐγε-

302 2741 401 2812 νόμην·
422 2743 446 2792 εἰ
465 2741 495 2790 τέ
511 2757 551 2797 τις
570 2739 639 2808 ἐμοῦ
664 2739 791 2806 λέγοντος
814 2740 861 2788 καὶ
885 2738 920 2788 τά
944 2738 1068 2808 ἐμαυτοῦ
1091 2738 1260 2806 πράττοντος
1284 2739 1425 2810 ἐπιθυμοῖ

303 2831 420 2892 ἀκούειν,
439 2831 491 2880 εἴτε
509 2827 635 2898 νεώτερος
654 2829 706 2878 εἴτε
730 2827 923 2896 πρεσβύτερος,
950 2824 1042 2878 οὐδενὶ
1068 2827 1181 2878 πώποτε
1204 2827 1348 2895 ἐφθόνησα
1367 2829 1422 2878 κτλ.

304 2915 341 2970 cf.
360 2915 437 2968 Leoh.
456 2915 509 2968 200
528 2912 556 2967 C.

308 3173 310 3176 Ι
373 3092 455 3156 Plat.
478 3091 612 3155 Phaedr.
636 3099 699 3156 229
724 3091 760 3154 Ε.
807 3092 873 3154 ΣΩ.
897 3126 941 3136 -
965 3127 1006 3138 -
1031 3087 1067 3156 οδ
1090 3087 1230 3172 δύναμαί
1253 3114 1307 3154 πω
1337 3091 1425 3154 κατὰ
1435 3105 1508 3146 1914

304 3199 342 3264 τὸ
365 3198 525 3286 Δελφικὸν
540 3197 672 3284 γράμμα
689 3208 807 3281 γνῶναι
822 3195 976 3280 ἐμαυτόν·
999 3196 1125 3281 γελοῖον
1140 3196 1179 3283 δή
1195 3219 1253 3279 μοι
1269 3193 1424 3283 φαίνεται

304 3315 398 3371 τουτο
421 3300 469 3370 ἔτι
493 3302 665 3389 ἀγνοοῦντα
696 3303 735 3368 τδ
758 3302 913 3390 ἀλλότρια
936 3307 1079 3382 σκοπεῖν.
1126 3303 1204 3368 ὅθεν
1233 3303 1273 3390 δὴ
1299 3300 1425 3388 χαίρειν

306 3410 404 3488 ε’ἀσας
432 3420 542 3478 ,ταῦτα
579 3409 636 3494 (τά
665 3409 952 3498 μυθολογήματα),
990 3408 1187 3492 πειθόμενος
1223 3408 1260 3474 δὲ
1288 3410 1336 3495 τῷ
1370 3434 1424 3476 νο-

304 3516 465 3603 μιζομένῳ
488 3515 565 3604 περὶ
588 3515 702 3597 αὐτῶν,
725 3512 744 3581 ὃ
765 3525 818 3580 νῦν
840 3517 879 3604 δὴ
900 3511 1016 3600 ἔλεγον,
1040 3529 1156 3582 σκοπῶ
1172 3513 1209 3581 οδ
1223 3526 1328 3580 ταῦτα
1344 3505 1420 3581 ἀλλ’

306 3623 458 3707 ἐμαυτόν,
488 3619 553 3689 ε’ίτε
581 3647 614 3688 τι
636 3619 756 3711 θηρίον
779 3623 823 3688 ὢν
853 3623 996 3708 τυγχάνω
1023 3629 1176 3710 Τυφῶνος
1203 3622 1424 3688 πολυπλοκώ-

306 3754 394 3818 τερον
424 3728 480 3795 καί
508 3730 630 3813 μᾶλλον
659 3727 931 3813 ἐπιτεθυμμένον,
968 3724 1033 3795 εἴτε
1067 3728 1266 3817 ἡμερώτερόν
1303 3753 1338 3795 τε
1366 3729 1425 3795 καὶ

306 3837 525 3924 ἁπλούστερον
558 3835 640 3924 ζῴον
672 3834 769 3915 θείας
802 3837 889 3914 τινὸς
922 3835 980 3902 καὶ
1013 3835 1137 3924 ἀτύφου
1170 3832 1290 3921 μοίρας
1329 3837 1425 3924 φύσει

306 3943 437 4029 μετέχον
445 3955 467 4008 ⁸.
1236 3957 1237 3960 ’

373 4143 453 4206 Xen.
475 4141 571 4205 Mem.
594 4140 645 4204 ΠΙ
669 4149 702 4218 9,
735 4111 781 4205 6..
809 4136 943 4205 Μανίαν
972 4161 1007 4224 γε
1028 4139 1091 4226 μὴν
1113 4134 1256 4204 ε’ναντίον
1281 4134 1341 4220 μὲν
1362 4132 1426 4223 ἔφη
1437 4149 1508 4192 1⁹18

308 4239 392 4312 εἶναι
415 4243 532 4335 σοφία
557 4244 594 4312 οδ
615 4243 726 4329 μέντοι
749 4269 783 4331 γε
805 4248 862 4334 τὴν
885 4245 1181 4334 ἀνεπιστημοσύνην
1207 4240 1328 4328 μανίαν
1357 4241 1426 4308 ἐνά-

307 4352 393 4435 μιζε,
420 4355 458 4419 τδ
482 4351 518 4419 δὲ
542 4352 665 4439 ἀγνοεῖν
695 4349 807 4418 ἑαυτὸν
836 4351 893 4418 καί
923 4351 1009 4441 apr>
1033 4343 1101 4418 οίδε
1133 4350 1278 4431 δοξάζειν
1307 4373 1342 4416 τε
1370 4346 1428 4414 καὶ

310 4454 444 4524 οἴεσθαι
467 4460 652 4544 γιγνώσκειν
675 4457 837 4546 ἐγγυτάτω
860 4456 979 4543 μανίας
1002 4455 1163 4544 ἐλογίζετο
1186 4443 1299 4524 chale.
