3156 4988
669 327 788 394 Physica.
1235 323 1289 384 383

166 488 253 552 κατά
283 484 319 552 δὲ
348 487 386 552 τὸ
410 474 493 551 καθ’
514 487 594 552 αὑτὸ
624 485 696 573 ήιοι
726 486 837 570 μεῖζον
867 498 924 552 τοῦ
954 485 1113 574 δρωμένου
1138 488 1158 574 ἢ
1180 485 1289 573 μικρῷ

166 588 303 658 ἔλαττον
332 593 352 681 ἢ
381 592 571 680 τηλικοῦτον
599 590 710 681 ἡλίκον
740 593 886 679 τυγχάνει
902 595 923 658 ¹.
971 595 1053 660 οὕτω
1077 596 1137 680 γάρ
1166 592 1224 658 καί
1247 595 1289 658 τά

167 688 253 786 παρ’
284 701 361 786 ήμῖν
396 701 486 786 πυρά
521 698 557 780 ἒξ
595 699 828 789 ἀποστήματος
861 701 1070 788 θεωρούμενα
1112 703 1198 766 κατά
1231 703 1289 789 τήν

166 801 326 894 αἴσθησιν
347 811 526 894 θεωρεῖται
533 818 555 872 ⁸.

237 962 266 1003 a.
286 947 390 1018 Epicur.
410 948 442 1002 δε
460 947 524 1003 Nat.
543 949 582 1001 XI
600 949 632 1002 fr.
651 951 685 1004 81
705 949 751 1002 Us.
771 966 812 1019 ap.
832 949 909 1018 Diog.
928 949 953 1002 X
972 951 1004 1004 91
1032 955 1057 1003 εἰ
1080 952 1133 1023 γὰρ
1158 952 1190 1002 τὸ
1207 953 1288 1021 μέγε-

166 1045 218 1098 θος
245 1039 271 1101 (ὁ
290 1039 373 1104 ἥλιος)
404 1039 452 1091 διὰ
478 1041 509 1091 τὸ
535 1039 679 1112 διάστημα
707 1041 895 1107 ἀπεβεβλήκει,
923 1042 1015 1108 πολλῷ
1042 1042 1150 1111 μᾶλλον
1178 1042 1213 1091 δν
1240 1041 1290 1104 τήν

161 1128 265 1199 χρόαν·
292 1123 353 1180 ἀλλ’
372 1129 405 1180 οὐ
430 1129 484 1201 γάρ
510 1130 598 1197 τούτῳ
625 1130 847 1202 συμμετρότερον
871 1129 1015 1201 διάστημα
1039 1131 1122 1181 οὐθέν
1145 1129 1211 1182 ἔστι.
1249 1126 1287 1180 Cf.

165 1213 269 1268 Lucret.
288 1215 313 1265 V
331 1215 481 1270 564-595.
519 1215 589 1270 Plac.
609 1215 637 1269 Π
655 1217 699 1280 21,
717 1215 743 1270 5.
768 1217 833 1270 Dox.
852 1216 913 1270 352.

84 1445 157 1486 νει
235 1430 361 1512 Epicur.
390 1431 492 1513 Epist.
521 1431 539 1494 I
569 1449 617 1514 ap.
647 1430 738 1512 Diog.
761 1431 792 1494 X
817 1440 857 1497 63
888 1451 919 1513 p.
944 1440 984 1496 19
1009 1432 1065 1496 Us.
1122 1431 1220 1496 Μετὰ
1254 1429 1291 1496 δὲ
1318 1426 1403 1522 ζξξῗζξ

167 1545 271 1599 ταῦτα
302 1535 352 1600 δεῖ
380 1547 517 1623 συνορᾶν
546 1535 750 1625 ἀναφέροντα
780 1535 839 1601 ἐπί
868 1539 928 1615 τὰς
959 1533 1132 1624 αἰσθήσεις
1161 1536 1219 1603 καί
1247 1538 1290 1602 τά

167 1641 267 1729 πάθη
299 1643 396 1726 (οὕτω
420 1643 481 1730 γὰρ
504 1644 525 1731 ή
547 1643 747 1731 βεβαιοτάτη
778 1640 894 1721 πίστις
924 1639 1047 1727 ἔσται),
1078 1643 1130 1709 δτι
1159 1645 1290 1732 ήψυχή

167 1749 263 1831 σῶμά
294 1748 365 1814 ἐστι
395 1749 592 1837 λεπτομερὲς
623 1739 710 1838 παρ>
728 1750 803 1816 ὅλον
829 1752 867 1816 τὸ
898 1749 1069 1838 ἄθροισμα
1093 1773 1290 1837 παρεσπαρ-

166 1853 276 1939 μένον,
307 1854 636 1946 προσεμφερέστατον
665 1855 702 1924 δὲ
731 1857 892 1940 πνεύματι
921 1862 1049 1944 θερμοῦ
1077 1881 1151 1922 τινα
1174 1867 1291 1943 κρᾶσιν

167 1957 271 2044 έήγοντι
293 1961 352 2028 καί
374 1962 427 2052 πῇ
448 1962 508 2046 μὲν
530 1963 636 2049 τούτῳ
652 1963 887 2051 προσεμφερές,
911 1964 962 2051 πῇ
985 1962 1021 2029 δὲ
1043 1963 1156 2048 τούτῳ,
1180 1961 1240 2028 ε’πί
1255 1962 1292 2029 δὲ

168 2079 227 2134 τοῦ
258 2067 402 2156 μέρουςδ
426 2071 551 2158 πολλὴν
581 2071 796 2158 παραλλαγήν
831 2067 964 2158 εἰληφὸς
998 2068 1041 2158 τῇ
1076 2066 1291 2156 λεπτομερείᾳ

167 2175 225 2240 καί
241 2174 347 2240 αὐτῶν
362 2177 492 2257 τούτων,
515 2175 696 2260 συμπαθές
719 2175 756 2241 δέ
778 2177 882 2262 τούτῳ
897 2176 1022 2259 μᾶλλον
1038 2175 1096 2241 καί
1117 2173 1164 2262 τῷ
1181 2173 1291 2262 λοιπῷ

167 2279 390 2369 ἀθροίσματι·
425 2294 521 2350 τοῦτο
552 2282 588 2350 δὲ
611 2293 680 2348 πᾶν
710 2279 747 2348 αἰ
770 2282 921 2367 δυνάμεις
944 2295 1002 2370 τῆς
1027 2294 1131 2369 ψυχῆς
1154 2282 1290 2370 διήγον3

167 2387 226 2454 καί
253 2391 296 2454 τά
325 2390 424 2478 πάθη
453 2389 511 2456 καί
541 2386 577 2455 αί
601 2387 779 2478 εὐκινησίαι
810 2388 868 2456 καί
897 2385 934 2455 αί
957 2389 1140 2477 διανοήσεις
1167 2387 1224 2456 καί
1247 2383 1291 2454 ὧν

167 2496 352 2582 στερόμενοι
386 2497 579 2585 θνήσκομεν.
625 2495 683 2562 καί
716 2498 779 2584 μήν
813 2495 871 2562 καί
905 2497 956 2562 δτι
987 2493 1050 2578 {figet
1080 2498 1099 2584 ή
1124 2498 1210 2585 ψυχή
1234 2507 1291 2584 τής

168 2598 355 2691 αἰσθήσεως
383 2605 440 2691 τήν
468 2601 626 2692 πλείστην
657 2599 769 2669 αἰτίαν
799 2605 849 2669 δεῖ
877 2601 1038 2686 κατέχειν·
1086 2613 1137 2670 64.
1169 2601 1205 2668 οὐ
1227 2604 1290 2691 μήν

167 2705 293 2797 εἰλήφει
316 2710 355 2774 ἀν
377 2711 506 2798 ταύτην,
529 2707 558 2776 εἰ
580 2712 624 2798 μή
648 2710 714 2775 ὑπὸ
736 2720 794 2775 τοῦ
815 2710 935 2776 λοιποῦ
958 2706 1184 2796 ἀθροίσματος
1200 2709 1290 2775 ἑστε-

168 2815 282 2901 γάζετό
312 2835 394 2894 πως.
429 2818 468 2883 τὸ
497 2815 534 2882 δὲ
564 2817 682 2882 λοιπὸν
711 2815 883 2948 ἄθροισμα
906 2815 1163 2950 παρασκευάσαν
1186 2813 1289 2904 ἐκείνη

167 2924 225 3010 τήν
248 2917 359 2988 αἰτίαν
380 2923 501 3012 ταύτην
515 2920 689 3012 μετείληφε
711 2922 769 2988 καί
785 2921 864 2989 αὐτὸ
879 2923 1026 2989 τοιοάτου
1043 2923 1290 3006 συμπτώματος

168 3053 238 3116 παρ
273 3026 403 3118 ἐκείνης,
428 3028 464 3095 οά
486 3028 598 3112 μέντοι
622 3029 753 3094 πάντων
777 3025 821 3094 ὧν
845 3027 948 3118 ἐκείνη
971 3028 1158 3117 κεκτηταά.

18 3229 21 3296 ι,
92 3221 158 3264 ³⁷⁸ss
239 3207 388 3273 Soholion
412 3227 461 3292 ap.
484 3209 574 3290 Diog.
590 3209 621 3272 X
637 3216 679 3274 66
703 3208 754 3292 (fr.
772 3209 859 3292 311).
905 3205 1007 3300 Λέγει
1030 3207 1061 3291 (ὁ
1081 3197 1287 3294 Ἐπίκουρος)
1316 3233 1326 3260 s
1356 3231 1380 3261 es

19 3307 21 3320 ’
168 3311 202 3380 ἐν
226 3313 338 3392 ἀλλοις
361 3313 419 3380 καί
442 3313 478 3393 ἐξ
494 3313 623 3397 ἀτόμων
646 3313 745 3402 αὐτήν
768 3315 838 3402 (τήν
862 3315 979 3402 ψυχήν)
1003 3317 1199 3399 συγκεῖσθαι
1222 3313 1289 3378 λει-

169 3420 294 3487 οτάτων
324 3419 382 3486 καί
412 3421 718 3508 στρογγυλωτάτων,
751 3421 867 3507 πολλῷ
890 3445 955 3487 τινι
978 3421 1203 3509 διαφερουσῶν
1226 3431 1290 3484 τῶν

169 3538 227 3594 τοῦ
249 3527 368 3614 πυράς·
391 3527 510 3594 καὶτὸ
532 3525 591 3612 μέν
613 3552 647 3593 τι
669 3527 786 3614 ἀλογον
809 3526 917 3616 αὐτῆς,
941 3524 959 3594 ὃ
981 3528 1029 3614 τῷ
1052 3525 1161 3614 λοιπῷ
1184 3549 1290 3613 παρε-

168 3634 327 3721 σπάρθαι
355 3635 501 3718 σώματι·
531 3635 569 3699 τὸ
599 3632 636 3700 δὲ
665 3633 794 3719 λογικὸν
821 3633 855 3700 ἐν
877 3633 924 3720 τῷ
947 3634 1096 3720 θώρακι,
1127 3633 1171 3710 ὡς
1194 3632 1291 3720 δήλον

169 3735 205 3807 ἐκ
227 3765 263 3807 τε
285 3755 351 3808 τῶν
372 3741 484 3828 φόβων
507 3739 565 3806 καί
588 3752 646 3829 της
667 3753 777 3829 χαρης.

93 3931 158 3972 ³7⁸⁰
235 3919 321 3984 Plac.
344 3920 392 3984 IV
418 3930 446 3997 3,
473 3929 522 3984 11.
553 3919 631 3983 Do'x.
657 3928 730 3986 388.
774 3907 973 4005 Ἐπίκουρος
1004 3915 1208 4004 (ἀπεφήνατο
1231 3917 1288 4002 τήν
1315 3929 1425 3972 νουσιν

169 4024 288 4114 ψυχήν)
322 4035 432 4113 κρᾶμα
457 4024 493 4091 ἐκ
516 4025 694 4112 τεττάρων,
729 4023 766 4090 ἐκ
789 4036 888 4090 ποιοῦ
911 4023 1095 4111 πυρώδους,
1131 4019 1168 4086 έκ
1191 4031 1291 4086 ποιοῦ

241 4277 268 4340 l)
287 4278 418 4346 τυγχάνει
445 4273 506 4327 Usa
536 4275 587 4345 οὐχ
616 4277 676 4346 ἅμα
703 4273 835 4326 libri.-
864 4273 892 4336 2)
911 4274 957 4326 ἐπὶ
980 4272 1011 4325 δὲ
1038 4281 1087 4325 τοῦ
1110 4274 1211 4343 μέρους
1229 4268 1290 4322 [δεῖ

169 4367 228 4420 ἔστι
247 4363 282 4419 δέ
299 4384 325 4417 τι
343 4368 427 4437 μέρος
445 4361 572 4430 Woltjer:
601 4365 661 4418 ἔστι
684 4363 715 4417 δὲ
741 4365 772 4415 τὸ
794 4366 878 4433 μέρος
895 4359 1028 4413 libri.-
1056 4360 1083 4424 3)
1112 4360 1211 4428 διῆγον
1228 4357 1291 4411 Us..

170 4454 253 4522 δῆλον
270 4451 340 4506 λῶτί.
394 4481 400 4490 ·
