3130 4980
564 1378 834 1481 cyrenaici.

644 1605 751 1612 -—--·

83 1785 125 1825 τοι
202 1763 292 1892 Βίης
315 1763 349 1826 II
367 1769 418 1829 65.
470 1751 710 1851 Ἀρίστιππος“
733 1763 772 1829 τὸ
798 1762 858 1847 μέν
883 1762 972 1850 γένος
995 1761 1033 1854 ἦν
1059 1768 1310 1856 Κυρηναῖος,
1281 1785 1329 1826 Aris
1312 1785 1388 1880 ιιηιιιι

136 1868 314 1959 ἀφιγμένος
341 1869 378 1935 δε
397 1861 578 1959 Ἀθήναζε,
613 1869 707 1936 καθά
730 1893 829 1960 φησιν
852 1867 1028 1961 Αἰσχίνης,
1052 1873 1139 1938 κατά
1161 1870 1255 1950 κλέος

136 1977 338 2064 Σωκράτους
367 1971 459 2055 οὗτος
482 1977 712 2066 σοφιστεύσας,
736 1979 781 2056 ὥς
803 1999 885 2068 φησι
910 1976 1037 2058 Φανίας
1059 1979 1077 2044 δ
1100 1983 1255 2066 Περιπα-

135 2083 307 2171 τητικὸςό
327 2077 484 2171 Ερέσισς,
520 2097 651 2171 πρῶτος
680 2097 745 2149 τῶν
768 2090 986 2172 Σωκρατικῶν
1007 2081 1200 2169 μισθοδς’
1172 2107 1255 2150 ευσε-

135 2189 309 2277 πράξατοῑ)
337 2191 394 2256 καί
417 2190 589 2257 ἀπέστειλε
610 2192 761 2281 χρήματα
783 2191 831 2279 τῷ
858 2192 1056 2279 διδασκάλῳ.
1091 2189 1151 2257 καί
1173 2215 1256 2257 ποτε

135 2296 279 2385 πέμψας
302 2296 390 2384 αὐτῷ
412 2309 494 2382 μνᾶς
516 2295 621 2364 είκοσι
637 2299 883 2386 παλινδρόμους
905 2297 1079 2384 ἀπέλαβεν,
1103 2295 1254 2376 εἰπόντος

136 2404 329 2491 Σωκράτους
356 2405 395 2470 τὸ
424 2404 591 2488 δαιμόνιον
623 2403 712 2492 αὐτῷ
746 2405 792 2494 μη
814 2403 1021 2494 ἐπιτρέπειν·
1054 2401 1256 2493 ἐδυσχέραινε

135 2514 197 2599 γάρ
221 2510 279 2578 ἐπί
302 2511 415 2599 τοάτηι.
462 2511 613 2601 Ξενοφῶν
634 2501 662 2577 τ’
687 2504 751 2594 εἶχε
774 2513 859 2600 πρὸς
882 2510 978 2578 αὐτόν
1000 2513 1178 2596 δυσμενῶς·
1201 2513 1254 2580 διὸ

135 2618 193 2685 καί
216 2620 272 2684 τὸν
293 2620 379 2684 κατὰ
402 2631 460 2706 της
482 2618 597 2706 ἡδονης
620 2618 714 2704 λόγον
737 2617 904 2705 Σωκράτει
926 2617 1013 2684 κατά
1027 2607 1253 2707 Ἀριστίππου

134 2724 386 2814 περιτέθεικενθ.
421 2724 457 2790 οὐ
484 2727 547 2815 μὴν
570 2725 654 2791 ἀλλὰ
677 2765 719 2773 -
743 2724 891 2792 ἐκάκισεν
913 2723 1010 2792 αὐτόν
1031 2725 1089 2791 καί
1111 2726 1254 2792 Πλάτων

134 2832 169 2899 έν
191 2833 240 2919 τῷ
261 2831 346 2918 Περὶ
376 2831 510 2920 ψυχηςᾱ.
559 2841 609 2898 66.
641 2817 702 2896 Ἠν
732 2830 769 2898 δὲ
802 2829 913 2910 ἱκανὸς
947 2832 1162 2921 ἁρμόσασθαι
1195 2832 1253 2899 καὶ

133 2940 229 3026 τόπηι
264 2937 321 3004 καὶ
353 2939 456 3026 χρόνῳ
497 2937 554 3004 καί
589 2937 774 3027 προσώπῳ,
815 2937 873 3005 καί
913 2949 1026 3004 πᾶσαν
1060 2937 1253 3027 περίστασιν

134 3043 300 3134 ἁρμοδίως
336 3043 608 3134 ὑποκρίνασθαιθ.
666 3045 718 3112 διὸ
756 3045 814 3112 καί
858 3047 952 3134 παρά
991 3043 1151 3134 Διονυσίῳ
1189 3059 1253 3112 τῶν

134 3149 436 3236 άλλωνίεύδοκίμει
451 3152 584 3235 μᾶλλον,
608 3150 659 3218 άεί
681 3153 719 3219 τὸ
743 3154 933 3240 προσπεσὸν
955 3149 989 3219 εὖ
1012 3153 1251 3237 διατιθέμενος.

136 3271 188 3329 68.
213 3257 391 3349 ἐρωτηθείς
417 3255 450 3324 τί
472 3257 560 3346 αὐτῷ
583 3257 785 3345 περιγέγονεν
808 3258 844 3326 ἐκ
867 3257 1068 3348 φιλοσοφίας
1100 3256 1181 3350 ἔφη·
1214 3262 1252 3328 τὸ

134 3370 299 3435 δύνασθαι
322 3377 407 3432 πάσι
428 3367 637 3454 θαρρούντως
659 3366 873 3450 δμιλεῑνῑπ-
893 3375 946 3434 83.
969 3365 1104 3455 φέρεται
1126 3365 1252 3454 (αυτοῦ)
1281 3403 1322 3443 ιι,

134 3470 250 3561 βιβλία
279 3471 361 3604 τριήι
384 3497 443 3557 μεν
473 3470 618 3560 ἱστορίας
654 3486 719 3539 τῶν
749 3475 835 3540 κατά
857 3474 987 3563 Λιβύην
1020 3471 1252 3557 ἀπεσταλμένα

135 3573 350 3669 Διονυσίφ,“
344 3606 377 3646 εν
407 3577 488 3645 δὲ’
472 3605 505 3646 εν
528 3605 555 3666 ῳ
585 3579 732 3668 διάλογοι
756 3577 853 3648 πέντε
875 3579 932 3646 καί
955 3575 1093 3659 εἴκοσιν,
1128 3577 1159 3646 οί
1193 3578 1253 3664 μεν

135 3678 323 3756 'Amida‘
293 3711 333 3754 οι
349 3685 385 3752 δε
408 3683 532 3773 Δωρίδι
555 3685 717 3773 διαλέκτῳ
740 3683 963 3774 γεγραμμένοι.
978 3724 1020 3735 -
1035 3724 1080 3734 -
1104 3696 1156 3756 64.
1173 3681 1253 3753 ἔνιοι

136 3795 172 3863 δέ
206 3794 264 3862 καί
292 3795 471 3881 διατριβῶν
499 3792 596 3859 αὐτόν
625 3815 729 3881 φασιν
757 3789 794 3872 ἓξ
820 3791 1029 3882 γεγραφέναι·
1064 3789 1095 3860 σί
1119 3782 1154 3858 δ
1179 3783 1248 3860 οὐδ’
1347 3847 1352 3856 ,

136 3903 217 3982 ὅλως
240 3901 380 3990 γράψαι,
404 3895 448 3964 ὧν
470 3898 541 3966 έστι
563 3899 621 3966 καί
645 3899 854 3989 Στασικράτης
877 3901 895 3967 ὁ
915 3891 1067 3978 Ῥόδιοςλ.

205 4113 234 4152 ει.
254 4097 422 4167 Scripserunt
440 4096 472 4150 de
489 4095 638 4167 Aristippo:
656 4095 688 4152 A.
707 4096 813 4164 Wondt‚
833 4097 865 4150 de
883 4097 977 4168 philos.
1006 4095 1155 4166 Cyrenaica,
1175 4091 1250 4149 Gott.

136 4187 213 4242 1841.
250 4185 285 4240 Η.
305 4185 337 4239 δυ
356 4185 438 4253 Smin,
457 4186 489 4240 do
507 4185 571 4256 phil.
592 4184 661 4254 Cyr„
679 4189 748 4256 part.
767 4185 781 4238 1
799 4185 831 4240 de
848 4186 904 4240 vita
921 4185 1059 4256 Aristippi,
1078 4183 1152 4239 Gott.
1172 4182 1250 4239 1855.

135 4275 239 4345 Thrigo,
258 4293 301 4329 res
319 4274 515 4344 Cyrenensium,
533 4273 613 4328 Hafn.
634 4274 711 4330 1828.

205 4382 236 4438 b.
256 4381 341 4447 Quam
360 4382 392 4436 ob
411 4399 465 4436 rem
483 4381 578 4452 respici
596 4380 702 4435 videtur
719 4381 785 4436 Xon.
804 4381 881 4435 Mem.
900 4380 957 4448 12,
976 4383 1019 4436 60.

206 4502 232 4544 ο.
251 4489 330 4542 Mem.
350 4488 377 4541 11
396 4490 421 4542 1.
