3146 4982
606 325 709 378 Pleeita
726 341 822 379 eorum.
1219 321 1279 384 483

153 511 255 575 τητας
282 483 342 552 ’καὶ
366 481 541 562 σκευασίας
571 497 635 550 τῶν
658 483 911 568 ὑποκειμένωνθ·
950 481 1061 569 ὄγδοος
1085 485 1102 550 ὑ
1125 484 1279 576 ἀπὸτοῦ·

155 593 240 679 πρός
261 614 309 657 τι·
344 588 473 668 ἕννατος
504 591 521 656 ὑ
551 593 646 677 παρὰ
669 593 728 670 τὰς
750 595 890 672 συνεχεῖς
913 592 933 678 ἢ
956 589 1117 668 σπανίους
1141 591 1273 680 ἐγκυρή-

154 697 254 777 οειςί·
289 697 471 776 δέκατοςὺ
503 700 597 784 παρά
625 700 685 776 τὰς
715 698 842 782 ἀγωγὰς
874 697 931 762 καί
961 699 1003 762 τά
1032 694 1096 786 ἔθη
1120 697 1177 762 καὶ
1200 701 1280 776 τοὺς·

154 807 271 890 νόμους
301 805 358 872 καί
387 807 448 883 τὰς
475 806 623 887 μυθικδς
646 801 775 882 πίστεις
798 804 855 873 καί
878 806 938 881 τὰς
968 805 1167 888 δογματικὰς
1189 805 1274 870 ὑπο-

154 914 271 1001 λήψεις
279 923 303 977 3.
1064 912 1066 917 ’

226 1035 254 1074 ιι.
273 1019 315 1073 Ad
334 1019 494 1089 antiquiores
512 1018 645 1088 Sceptieos
664 1019 744 1074 etiem
763 1017 962 1075 Aenesidemum
981 1019 1076 1072 referre
1095 1019 1211 1074 videtur:
1237 1035 1274 1071 re

154 1109 282 1165 oeutiores
310 1109 407 1178 repetit
435 1109 466 1160 ab
485 1106 617 1178 Agrippa,
645 1108 738 1177 Pyrrh.
765 1108 861 1174 11643
891 1107 922 1160 of.
947 1108 1023 1176 Diog.
1042 1108 1081 1160 IX
1099 1109 1141 1162 88.
1179 1108 1275 1162 Decem

153 1198 200 1250 illa
219 1197 357 1250 dubitandi
376 1199 531 1264 argumente
549 1213 580 1249 ex
598 1198 673 1266 perte
693 1197 787 1250 saltem
811 1197 865 1249 iem
884 1197 916 1250 ab
935 1197 1129 1266 antiquioribus
1148 1196 1277 1265 Soeptiois

154 1287 363 1355 usurpabautur3
392 1285 424 1336 ab
445 1284 623 1337 'Aenesidemo
652 1301 682 1337 ee
709 1285 822 1354 primum
851 1284 884 1337 ad
912 1288 1010 1337 certem
1039 1285 1132 1338 seriem
1162 1287 1189 1336 et
1216 1301 1275 1338 cou-

152 1375 312 1428 iunetionem
331 1375 451 1427 revocate
469 1373 550 1426 fuisse
569 1373 678 1438 dixerim
698 1391 721 1426 v.
744 1373 814 1426 Sext.
833 1373 918 1426 Metu.
938 1373 1075 1438 V113453
1095 1372 1216 1426 Aristoni.
1232 1389 1273 1442 ep.

153 1465 247 1517 Euseb.
273 1465 316 1516 Pr.
342 1463 387 1516 Ev.
413 1463 476 1515 XIV
495 1463 542 1528 18,
568 1465 647 1532 ilsq.
684 1462 782 1515 Eadem
810 1463 911 1532 copiose
938 1465 1126 1532 expromuntur
1153 1479 1169 1514 a
1196 1461 1278 1515 Sexto

152 1553 246 1620 Pyrrh.
265 1552 279 1604 I
297 1554 381 1621 40sq.
401 1555 429 1606 st
447 1552 523 1618 Diog.
542 1552 582 1604 IX
600 1553 634 1606 79
645 1569 684 1621 sq.
706 1581 737 1590 -
757 1551 794 1606 cf.
815 1552 846 1605 Ε.
865 1552 1054 1621 pappenheim„
1075 1551 1100 1604 ά.
1122 1552 1228 1619 Tropeu
1247 1550 1275 1604 d.

152 1643 253 1712 ρτίιείι.
273 1640 421 1710 θλορειλιιν,
441 1641 526 1694 Berol.
547 1641 624 1694 1885.

225 1747 255 1816 b,
272 1745 424 1817 Ἐξαλλαγὴ
443 1751 485 1803 est
502 1749 519 1801 i.
532 1765 556 1818 q.
577 1749 713 1822 διαφοράς
734 1747 803 1800 Sext.
814 1747 989 1815 Pyrrh.140;
1008 1747 1084 1814 Diog.
1096 1747 1134 1800 IX
1145 1747 1186 1800 79.
1212 1745 1277 1798 Ani-

153 1837 276 1903 malibus,
296 1840 376 1906 prout
394 1837 452 1906 ipse
470 1837 595 1890 differunt
613 1840 723 1902 nature,
748 1836 828 1888 etiem
851 1853 892 1888 res
911 1836 1034 1888 videntur
1052 1835 1163 1888 differre.
1200 1833 1276 1886 Simi-

152 1925 216 1979 liter
235 1926 380 1995 explieatur
397 1925 470 1978 loeus
490 1925 618 1978 secundus
638 1929 665 1977 et
684 1925 788 1977 tertius.

226 2046 252 2086 ο.
274 2036 456 2102 Περιστάσεις
480 2035 545 2084 sunt
569 2031 586 2084 i.
607 2049 631 2100 q.
652 2031 806 2090 διαθέσειςι
832 2029 908 2097 Diog.
927 2031 966 2082 IX
985 2031 1034 2094 82;
1058 2029 1128 2082 Sext.
1148 2027 1240 2096 Pyrrh.
1260 2028 1274 2080 Ι

144 2121 215 2175 Ι100.
252 2121 305 2174 Res
324 2121 427 2174 differre
446 2121 521 2174 nobis
539 2119 663 2174 uidentur
681 2135 727 2188 pro
747 2118 856 2171 diversis
876 2118 956 2171 enimi
980 2118 1065 2170 nostri
1084 2117 1275 2170 effectionibus.

226 2243 256 2298 (l.
276 2242 401 2314 Apertius
420 2243 495 2311 Diog.
515 2243 554 2296 IX
572 2243 607 2296 84
633 2243 708 2303 ἕκτος
727 2246 742 2295 ὁ
762 2245 836 2314 παρά
864 2244 913 2302 τάς
937 2245 1027 2314 μίξεις
1051 2245 1098 2293 καὶ
1122 2245 1273 2302 κοινωνίας,

154 2330 222 2387 καθ’
246 2335 277 2386 ὃν
296 2337 442 2402 εἰλικρινῶς
461 2333 543 2386 οὐδέν
561 2328 629 2384 καθ’
649 2333 717 2384 αὑτὸ
732 2337 871 2402 φαίνεται,
891 2333 959 2383 ἀλλὰ
975 2332 1027 2384 σὺν
1041 2332 1107 2401 ἀέρι,
1128 2330 1179 2382 σὺν
1195 2333 1274 2398 φωτί,

156 2425 207 2476 οὑν
227 2425 312 2495 ὑγρῷ,
333 2423 384 2476 σὺν
404 2425 516 2493 στερεῷ,
536 2422 699 2494 θερμότητι,
721 2422 884 2490 ψυχρότητι,
903 2421 1021 2484 κινήσει,
1042 2419 1277 2490 ἀναθυμιάσεσιν,
1387 2485 1389 2490 Α

155 2507 250 2571 ἄλλοις
270 2511 288 2564 δ
292 2514 430 2584 ονάμεσιν.

227 2631 253 2670 ε.
274 2623 414 2671 Σκεοασία
442 2615 553 2668 eSexto
571 2614 664 2682 Pyrrh.
693 2615 778 2668 1129
805 2629 852 2683 per
871 2617 1008 2668 σύνθεσιν
1026 2612 1176 2682 explicetur.
1213 2611 1278 2664 Illu-

156 2709 259 2760 stratur
272 2723 314 2760 res
327 2706 368 2758 his
384 2705 521 2774 exemplis:
541 2707 707 2776 τάξέσματα
722 2714 771 2757 τοῦ
784 2709 896 2776 κέρατος
915 2713 960 2770 τῆς
980 2705 1057 2771 αἰγὸς
1077 2705 1204 2772 φαίνεται
1222 2702 1278 2771 μὲν

155 2798 236 2850 λευκά
262 2799 354 2856 ἁπλῶς
377 2799 423 2848 καὶ
449 2799 514 2848 ἄνευ
538 2798 692 2854 συνθέσεως
721 2795 912 2865 θεωρούμενα,
943 2795 1127 2861 συντιθέμενοι
1146 2789 1177 2842 δὲ
1196 2791 1225 2842 ἐν
1245 2792 1276 2862 τῇ

156 2895 206 2938 τοῦ
223 2889 335 2958 κέρατος
355 2886 469 2955 ὑπάρξει
486 2886 593 2955 μέλανα
613 2889 752 2955 θεωρεῖτα.
789 2881 827 2934 Ib.
848 2881 899 2934 131
923 2885 968 2934 καὶ
989 2883 1004 2933 ὁ
1023 2880 1094 2940 οἶνος
1120 2881 1279 2949 σύμμετρος

154 2977 208 3046 μὲν
233 2976 381 3046 πινόμενος
409 2973 543 3048 ῥώννυσιν
571 2974 657 3043 ἡμᾶς,
687 2975 787 3024 πλείων
812 2971 841 3024 δέ
862 2971 1072 3042 λαμβανόμενος
1091 2969 1226 3038 παραλύει
1245 2967 1279 3018 τδ

156 3075 245 3134 σῶμα.
1274 3065 1279 3071 ’

226 3150 249 3204 i.
269 3150 345 3217 Diog.
365 3149 403 3202 IX
421 3149 455 3202 87
477 3153 504 3202 oi
522 3159 592 3218 γοῦν
610 3153 722 3220 σεισμοὶ
742 3143 810 3220 παρ’
829 3141 869 3207 οἷς
888 3157 1010 3216 συνεχῶς
1028 3147 1229 3199 ἀποτελοῦνται
1245 3144 1277 3194 οδ

156 3241 358 3312 θαυμάζονται,
379 3235 444 3292 οὐδ’
463 3241 477 3290 ὑ
496 3240 577 3306 ἥλιος,
598 3238 640 3290 ὅτι
659 3233 727 3290 καθ’
745 3238 849 3308 ἡμέραν
868 3239 972 3308 ὁρᾶται.

226 3361 257 3411 g.
277 3345 328 3398 Hie
346 3345 419 3398 loeus
437 3345 579 3414 plurimum
597 3343 725 3414 Sceptiois
750 3343 783 3396 ed
802 3341 991 3412 disputandum
1010 3339 1109 3409 eopiam
1128 3336 1277 3406 suppedite-

156 3436 210 3501 bat,
235 3437 329 3504 utpote
354 3433 399 3502 qui
423 3433 597 3487 dissensiones
620 3433 780 3502 patefaceret
810 3433 838 3483 et
859 3430 994 3500 hominum
1019 3431 1047 3481 et
1070 3426 1224 3496 populorum
1249 3427 1278 3476 et

156 3523 285 3592 imprimis
303 3523 517 3592 philosophorum
537 3521 751 3588 dogmatieorum.

108 3714 147 3754 ια
191 3725 193 3728 -
226 3683 310 3746 Sext.
333 3682 446 3764 Pyrrh.
468 3682 486 3746 I
512 3689 583 3746 164.
634 3676 673 3746 Ολ
704 3678 740 3744 δὲ
766 3679 916 3764 ,νεώτεροι
941 3673 1140 3741 Σκεπτικοδι
1163 3659 1275 3758 riupo-
1304 3687 1414 3781 Αρίἰρνρρ

156 3788 287 3854 διδόασι
310 3787 452 3873 τρόπους
475 3799 531 3874 τῆς
554 3786 675 3874 ἐποχῆς
697 3783 796 3857 πέντε
818 3785 948 3850 τούσδε·
983 3795 1115 3868 πρῶτον
1137 3780 1193 3844 τὸν
1208 3779 1277 3844 άπδ
1314 3751 1327 3789 q
1368 3751 1381 3790 q

156 3907 214 3982 τῆς
236 3891 435 3982 διαφωνίας·
460 3894 605 3980 διάτορον
626 3895 682 3958 τὸν
704 3889 750 3969 εἰς
765 3891 901 3977 άπειρον
921 3887 1136 3972 ἐκβάλλοντα·
1169 3882 1278 3971 τρίτον

156 4003 213 4067 τὸν
235 4000 304 4066 άπδ
331 4010 390 4065 τοῦ
412 4000 497 4086 πρός
519 4021 568 4065 τι·
603 3997 761 4086 τέταρτον
788 3999 843 4063 τδν
871 3994 1086 4061 ὑποθετικόν·
1122 3990 1277 4073 πέμπτον

156 4109 213 4173 τὸν
241 4105 424 4194 διάλληλον.
473 4114 546 4172 165.
581 4105 639 4170 καὶ
670 4106 687 4170 ὑ
715 4103 775 4187 μὲν
805 4103 874 4168 άπδ
903 4114 961 4190 τῆς
995 4095 1177 4188 διαφωνίας
1205 4095 1276 4162 ἐστὶ
1314 4181 1315 4184 ρ

157 4202 243 4279 καθ’
265 4209 300 4278 ὃν
322 4209 400 4298 περὶ
423 4223 481 4278 τοῦ
495 4209 715 4299 προτεθέντος
731 4209 925 4298 πράγματος
941 4203 1147 4291 άνεπίκριτον
1162 4200 1278 4268 στάσιν

158 4319 252 4407 παρά
275 4343 310 4384 τε
332 4319 381 4404 τῷ
395 4315 458 4404 βίω
474 4318 531 4384 καὶ
547 4320 641 4404 παρὰ
656 4319 726 4394 τοῖς
742 4315 938 4404 φιλοσόφοις
953 4310 1138 4400 εὑρίσκομεν
1153 4332 1277 4397 μεμενη-

137 4419 254 4513 Ιμάνην
288 4414 337 4489 δι’
363 4421 401 4512 ἢν
430 4422 466 4488 οὐ
496 4423 664 4508 δυνάμενοι
696 4417 868 4508 αἱρεῖσθαί
904 4445 938 4484 τι
968 4421 988 4507 ἢ
1021 4415 1279 4500 ἀποδοκιμάζειν
