3130 4980
296 349 351 411 290
732 351 873 406 Academia
890 355 974 408 vetus.

298 511 439 578 suecessit,
472 530 494 565 v.
520 511 595 579 Diog.
621 511 658 564 IV
677 513 726 577 213
761 513 818 566 Ind.
837 513 915 566 Here.
941 528 963 565 e.
984 514 1026 566 16.
1063 511 1130 565 Eum
1157 513 1184 566 in
1209 511 1349 566 Academia
1376 531 1417 567 se-

298 604 376 654 cutus
404 603 446 654 est
468 600 612 666 Arcesilas,
639 606 682 653 m?
701 602 762 655 431.

368 739 394 778 a.
415 724 557 779 Crantor
571 723 686 777 Solensis
700 725 873 778 Xenocratem
886 728 915 778 et
923 728 1015 794 postea
1024 725 1189 778 Polemonem
1207 725 1350 792 audiverat,
1370 727 1415 780 sed
1525 799 1527 802 ι
1562 695 1563 756 i

296 817 358 868 ante
367 814 530 866 Polemonem
542 817 570 866 et
580 812 713 866 Cratetem
723 817 843 866 mortuus
853 817 902 880 est,
916 832 939 868 v.
949 813 1007 867 Iud.
1018 813 1095 866 Herc.
1106 831 1127 866 a.
1140 815 1181 868 16.
1197 813 1273 881 Diog.
1284 814 1322 866 IV
1331 815 1365 867 24
1375 832 1414 884 sq.

295 902 346 956 Hic
355 902 455 970 primus
465 903 592 955 librorum
598 901 791 955 Platonicorum
801 903 931 972 interpres
941 902 1021 956 fuisse
1032 902 1136 968 dieitur,
1146 920 1169 955 v.
1178 903 1261 956 Procl.
1272 903 1299 954 in
1305 902 1369 956 Tim.
1379 903 1416 956 24

295 993 323 1043 et
341 995 385 1042 ΒΡ
404 991 465 1044 292.
504 989 651 1060 Scripserat
669 991 765 1044 librum
784 991 974 1044 nobilissimum
993 997 1055 1062 περὶ
1075 997 1204 1055 πένθους,
1223 1009 1246 1043 v.
1268 990 1319 1046 Cic.
1333 990 1416 1044 Aead.

294 1078 322 1131 Il
342 1079 393 1132 135
413 1079 525 1150 lecimus
544 1095 634 1132 oannes
654 1077 803 1144 Crantoris,
823 1081 918 1134 oetaeis
937 1080 1101 1143 Academici,
1121 1080 1153 1133 eie
1173 1080 1266 1142 lacta5
1288 1085 1327 1132 cet
1344 1081 1414 1133 enim

295 1184 351 1221 non
369 1183 498 1236 maenas,
523 1183 613 1221 oceane
633 1168 760 1221 careotas
779 1174 812 1234 et,
831 1173 862 1221 at
881 1167 1017 1222 Tuberoni
1035 1168 1186 1222 Panaetius
1202 1167 1353 1235 praecipit,
1376 1167 1417 1220 ad

295 1257 402 1310 eatbam
427 1255 590 1310 ediscendae
616 1257 727 1310 libellas.
753 1285 789 1294 -
813 1256 851 1310 cf.
870 1256 898 1310 F.
918 1257 1032 1324 Kayser,
1059 1257 1090 1309 de
1109 1256 1236 1311 Crantore
1254 1256 1414 1320 Academico,

294 1345 413 1398 Heidelb¹
434 1345 512 1398 1841.
549 1345 581 1398 Α,
601 1344 699 1400 Gerclre
718 1346 746 1398 in
765 1345 875 1400 Tirocin.
894 1347 994 1415 philol,
1019 1346 1105 1400 Berol.
1128 1347 1205 1400 1883.
1243 1343 1271 1398 C.
1290 1344 1414 1410 Buresch,

295 1434 464 1487 consolation.
490 1451 505 1486 a
531 1432 636 1488 Graecis
660 1435 837 1503 Romanisque
862 1436 982 1505 scriptar.
1007 1435 1071 1488 hist.
1092 1435 1184 1488 critica
1207 1433 1313 1501 (Leipa.
1333 1432 1414 1486 Saea.

295 1522 343 1588 IX,
364 1523 479 1588 1-169)
499 1523 577 1577 1886.
