<?xml version="1.0" encoding="UTF-8"?>
<!DOCTYPE html PUBLIC "-//W3C//DTD XHTML 1.0 Transitional//EN"
    "http://www.w3.org/TR/xhtml1/DTD/xhtml1-transitional.dtd">
<html xmlns="http://www.w3.org/1999/xhtml" xml:lang="en" lang="en">
 <head>
  <title>
</title>
<meta http-equiv="Content-Type" content="text/html;charset=utf-8" />
  <meta name='ocr-system' content='tesseract 3.04.00' />
  <meta name='ocr-capabilities' content='ocr_page ocr_carea ocr_par ocr_line ocrx_word'/>
</head>
<body>
  <div class='ocr_page' id='page_1' title='image "./historiaphiloso00rittgoog_0105.png"; bbox 0 0 3140 4990; ppageno 0'>
   <div class='ocr_carea' id='block_1_1' title="bbox 622 305 1269 370">
    <p class='ocr_par' dir='ltr' id='par_1_1' title="bbox 622 305 1269 370">
     <span class='ocr_line' id='line_1_1' title="bbox 622 305 1269 370; baseline 0.005 -5"><span class='ocrx_word' id='word_1_1' title='bbox 622 305 798 366; x_wconf 80' lang='lat' dir='ltr'>Parmenides,</span> <span class='ocrx_word' id='word_1_2' title='bbox 1234 305 1269 370; x_wconf 77' lang='lat'><em>95</em></span> 
     </span>
    </p>
   </div>
   <div class='ocr_carea' id='block_1_2' title="bbox 151 469 1270 1348">
    <p class='ocr_par' dir='ltr' id='par_1_2' title="bbox 151 469 1270 1348">
     <span class='ocr_line' id='line_1_2' title="bbox 152 469 1268 542; baseline -0.004 -12"><span class='ocrx_word' id='word_1_3' title='bbox 152 472 316 530; x_wconf 76' lang='lat' dir='ltr'>Aristoteleis</span> <span class='ocrx_word' id='word_1_4' title='bbox 334 473 483 530; x_wconf 74' lang='lat' dir='ltr'>notionibus</span> <span class='ocrx_word' id='word_1_5' title='bbox 502 475 595 539; x_wconf 79' lang='lat' dir='ltr'>utitur,</span> <span class='ocrx_word' id='word_1_6' title='bbox 616 475 721 542; x_wconf 73' lang='lat' dir='ltr'>interpr.</span> <span class='ocrx_word' id='word_1_7' title='bbox 732 472 895 526; x_wconf 81' lang='lat' dir='ltr'>Parmenidis</span> <span class='ocrx_word' id='word_1_8' title='bbox 906 472 1062 531; x_wconf 74' lang='lat' dir='ltr'>sententiam</span> <span class='ocrx_word' id='word_1_9' title='bbox 1073 469 1268 541; x_wconf 79' lang='lat' dir='ltr'><strong>Theophrastus</strong></span> 
     </span>
     <span class='ocr_line' id='line_1_3' title="bbox 153 558 1268 634; baseline -0.005 -14"><span class='ocrx_word' id='word_1_10' title='bbox 153 583 193 634; x_wconf 82' lang='lat' dir='ltr'><em>ap.</em></span> <span class='ocrx_word' id='word_1_11' title='bbox 215 567 286 620; x_wconf 85' lang='lat' dir='ltr'>Alex.</span> <span class='ocrx_word' id='word_1_12' title='bbox 306 567 334 618; x_wconf 91' lang='lat' dir='ltr'>in</span> <span class='ocrx_word' id='word_1_13' title='bbox 353 564 468 633; x_wconf 83' lang='lat' dir='ltr'>Metaph.</span> <span class='ocrx_word' id='word_1_14' title='bbox 488 565 531 628; x_wconf 79' lang='lat'><em>24,</em></span> <span class='ocrx_word' id='word_1_15' title='bbox 551 564 575 618; x_wconf 84' lang='lat'><em>5.</em></span> <span class='ocrx_word' id='word_1_16' title='bbox 605 565 714 631; x_wconf 82' lang='lat' dir='ltr'>Doxogr.</span> <span class='ocrx_word' id='word_1_17' title='bbox 735 563 796 616; x_wconf 78' lang='lat'>482.</span> <span class='ocrx_word' id='word_1_18' title='bbox 835 558 924 630; x_wconf 70' lang='grc' dir='ltr'><em>τούτῳ</em></span> <span class='ocrx_word' id='word_1_19' title='bbox 953 562 1126 630; x_wconf 81' lang='lat' dir='ltr'>(Xenophaui)</span> <span class='ocrx_word' id='word_1_20' title='bbox 1157 558 1184 612; x_wconf 76' lang='grc' dir='ltr'><em>δ’</em></span> <span class='ocrx_word' id='word_1_21' title='bbox 1208 563 1268 614; x_wconf 82' lang='grc' dir='ltr'><em>ι’πι-</em></span> 
     </span>
     <span class='ocr_line' id='line_1_4' title="bbox 152 633 1269 724; baseline -0.001 -20"><span class='ocrx_word' id='word_1_22' title='bbox 152 652 304 724; x_wconf 80' lang='grc' dir='ltr'><em>γενόμενος</em></span> <span class='ocrx_word' id='word_1_23' title='bbox 325 652 495 723; x_wconf 75' lang='grc' dir='ltr'><em>Παρμενίδης</em></span> <span class='ocrx_word' id='word_1_24' title='bbox 514 682 548 692; x_wconf 95' lang='grc'><strong>-</strong></span> <span class='ocrx_word' id='word_1_25' title='bbox 567 650 611 704; x_wconf 77' lang='grc' dir='ltr'><em>ἐπ’</em></span> <span class='ocrx_word' id='word_1_26' title='bbox 628 649 790 721; x_wconf 84' lang='grc' dir='ltr'><em>α’μφοτέρας</em></span> <span class='ocrx_word' id='word_1_27' title='bbox 814 633 882 713; x_wconf 72' lang='grc' dir='ltr'><em>ἦλθε</em></span> <span class='ocrx_word' id='word_1_28' title='bbox 901 649 948 707; x_wconf 82' lang='grc' dir='ltr'><em>τάς</em></span> <span class='ocrx_word' id='word_1_29' title='bbox 967 648 1060 709; x_wconf 86' lang='grc' dir='ltr'><em>ὁδοός.</em></span> <span class='ocrx_word' id='word_1_30' title='bbox 1085 654 1129 702; x_wconf 77' lang='grc' dir='ltr'><em>καὶ</em></span> <span class='ocrx_word' id='word_1_31' title='bbox 1154 651 1208 720; x_wconf 79' lang='grc' dir='ltr'><em>γάρ</em></span> <span class='ocrx_word' id='word_1_32' title='bbox 1234 647 1269 711; x_wconf 78' lang='grc' dir='ltr'><em>οἷς</em></span> 
     </span>
     <span class='ocr_line' id='line_1_5' title="bbox 151 735 1269 810; baseline -0.001 -16"><span class='ocrx_word' id='word_1_33' title='bbox 151 743 243 795; x_wconf 82' lang='grc' dir='ltr'><em>α’ἴδιόν</em></span> <span class='ocrx_word' id='word_1_34' title='bbox 262 740 316 795; x_wconf 76' lang='grc' dir='ltr'><em>ἐστι</em></span> <span class='ocrx_word' id='word_1_35' title='bbox 334 741 364 794; x_wconf 87' lang='grc' dir='ltr'><em>τό</em></span> <span class='ocrx_word' id='word_1_36' title='bbox 384 747 443 796; x_wconf 78' lang='grc' dir='ltr'><em>πᾶν</em></span> <span class='ocrx_word' id='word_1_37' title='bbox 468 739 650 810; x_wconf 78' lang='grc' dir='ltr'><em>άποφαίνεται</em></span> <span class='ocrx_word' id='word_1_38' title='bbox 673 743 718 791; x_wconf 82' lang='grc' dir='ltr'><em>καὶ</em></span> <span class='ocrx_word' id='word_1_39' title='bbox 743 741 851 806; x_wconf 82' lang='grc' dir='ltr'><em>γένεσιν</em></span> <span class='ocrx_word' id='word_1_40' title='bbox 876 735 1045 791; x_wconf 86' lang='grc' dir='ltr'><em>άποδιδόναι</em></span> <span class='ocrx_word' id='word_1_41' title='bbox 1069 746 1195 806; x_wconf 74' lang='grc' dir='ltr'><em>πειρᾶται</em></span> <span class='ocrx_word' id='word_1_42' title='bbox 1213 747 1269 793; x_wconf 80' lang='grc' dir='ltr'><em>τιῦν</em></span> 
     </span>
     <span class='ocr_line' id='line_1_6' title="bbox 152 824 1268 902; baseline 0.001 -19"><span class='ocrx_word' id='word_1_43' title='bbox 152 829 248 899; x_wconf 81' lang='grc' dir='ltr'><em>όντων,</em></span> <span class='ocrx_word' id='word_1_44' title='bbox 268 828 322 902; x_wconf 75' lang='grc' dir='ltr'><em>οὐχ</em></span> <span class='ocrx_word' id='word_1_45' title='bbox 342 833 441 901; x_wconf 88' lang='grc' dir='ltr'><em>ὁμοίως</em></span> <span class='ocrx_word' id='word_1_46' title='bbox 466 833 528 899; x_wconf 80' lang='grc' dir='ltr'><em>περὶ</em></span> <span class='ocrx_word' id='word_1_47' title='bbox 546 827 714 900; x_wconf 79' lang='grc' dir='ltr'><em>άμφοτέρων</em></span> <span class='ocrx_word' id='word_1_48' title='bbox 733 826 867 891; x_wconf 75' lang='grc' dir='ltr'><em>δοξάζων,</em></span> <span class='ocrx_word' id='word_1_49' title='bbox 891 824 958 880; x_wconf 79' lang='grc' dir='ltr'><em>α’λλά</em></span> <span class='ocrx_word' id='word_1_50' title='bbox 983 825 1040 881; x_wconf 84' lang='grc' dir='ltr'><em>κατ’</em></span> <span class='ocrx_word' id='word_1_51' title='bbox 1059 824 1192 892; x_wconf 72' lang='grc' dir='ltr'><em>α’λήθειαν</em></span> <span class='ocrx_word' id='word_1_52' title='bbox 1215 831 1268 900; x_wconf 79' lang='grc' dir='ltr'><em>μὲν</em></span> 
     </span>
     <span class='ocr_line' id='line_1_7' title="bbox 152 914 1270 989; baseline 0 -17"><span class='ocrx_word' id='word_1_53' title='bbox 152 921 182 972; x_wconf 74' lang='grc' dir='ltr'><em>ἓν</em></span> <span class='ocrx_word' id='word_1_54' title='bbox 200 921 230 973; x_wconf 81' lang='grc' dir='ltr'><em>τὰ</em></span> <span class='ocrx_word' id='word_1_55' title='bbox 249 926 303 973; x_wconf 83' lang='grc' dir='ltr'><em>πᾶν</em></span> <span class='ocrx_word' id='word_1_56' title='bbox 322 924 367 972; x_wconf 76' lang='grc' dir='ltr'><em>καὶ</em></span> <span class='ocrx_word' id='word_1_57' title='bbox 385 917 520 989; x_wconf 79' lang='grc' dir='ltr'><em>α’γένητον</em></span> <span class='ocrx_word' id='word_1_58' title='bbox 538 922 584 971; x_wconf 83' lang='grc' dir='ltr'><em>καὶ</em></span> <span class='ocrx_word' id='word_1_59' title='bbox 607 918 784 987; x_wconf 76' lang='grc' dir='ltr'><em>σφαιροειδὲς</em></span> <span class='ocrx_word' id='word_1_60' title='bbox 804 916 1013 989; x_wconf 71' lang='grc' dir='ltr'><em>ὑπολαμβάνων,</em></span> <span class='ocrx_word' id='word_1_61' title='bbox 1039 914 1104 971; x_wconf 86' lang='grc' dir='ltr'><em>κατά</em></span> <span class='ocrx_word' id='word_1_62' title='bbox 1130 918 1218 979; x_wconf 80' lang='grc' dir='ltr'><em>δόξαν</em></span> <span class='ocrx_word' id='word_1_63' title='bbox 1236 919 1270 973; x_wconf 78' lang='grc' dir='ltr'><em>δὲ</em></span> 
     </span>
     <span class='ocr_line' id='line_1_8' title="bbox 152 1003 1269 1078; baseline -0.002 -18"><span class='ocrx_word' id='word_1_64' title='bbox 152 1015 204 1063; x_wconf 78' lang='grc' dir='ltr'><em>τῶν</em></span> <span class='ocrx_word' id='word_1_65' title='bbox 231 1011 343 1063; x_wconf 74' lang='grc' dir='ltr'><em>πολλῶν</em></span> <span class='ocrx_word' id='word_1_66' title='bbox 366 1014 403 1070; x_wconf 84' lang='grc' dir='ltr'><em>εἰς</em></span> <span class='ocrx_word' id='word_1_67' title='bbox 421 1008 452 1062; x_wconf 83' lang='grc' dir='ltr'><em>τό</em></span> <span class='ocrx_word' id='word_1_68' title='bbox 470 1010 578 1078; x_wconf 82' lang='grc' dir='ltr'><em>γένεσιν</em></span> <span class='ocrx_word' id='word_1_69' title='bbox 596 1003 749 1060; x_wconf 80' lang='grc' dir='ltr'><em>οἶποδούναι</em></span> <span class='ocrx_word' id='word_1_70' title='bbox 767 1013 826 1059; x_wconf 81' lang='grc' dir='ltr'><em>ταῖν</em></span> <span class='ocrx_word' id='word_1_71' title='bbox 845 1007 1023 1077; x_wconf 80' lang='grc' dir='ltr'><em>φαινομένων</em></span> <span class='ocrx_word' id='word_1_72' title='bbox 1041 1007 1060 1058; x_wconf 92' lang='grc' dir='ltr'><em>δ</em></span> <span class='ocrx_word' id='word_1_73' title='bbox 1063 1006 1097 1060; x_wconf 88' lang='grc' dir='ltr'><em>όο</em></span> <span class='ocrx_word' id='word_1_74' title='bbox 1116 1015 1204 1061; x_wconf 77' lang='grc' dir='ltr'><em>ποιων</em></span> <span class='ocrx_word' id='word_1_75' title='bbox 1222 1011 1269 1068; x_wconf 79' lang='grc' dir='ltr'><em>τάς</em></span> 
     </span>
     <span class='ocr_line' id='line_1_9' title="bbox 151 1093 1269 1170; baseline 0.002 -19"><span class='ocrx_word' id='word_1_76' title='bbox 151 1098 246 1168; x_wconf 78' lang='grc' dir='ltr'><em>α’ρχάς,</em></span> <span class='ocrx_word' id='word_1_77' title='bbox 264 1105 322 1170; x_wconf 75' lang='grc' dir='ltr'><em>πῦρ</em></span> <span class='ocrx_word' id='word_1_78' title='bbox 341 1103 385 1151; x_wconf 90' lang='grc' dir='ltr'><em>καὶ</em></span> <span class='ocrx_word' id='word_1_79' title='bbox 404 1105 465 1166; x_wconf 81' lang='grc' dir='ltr'><em>γῆν,</em></span> <span class='ocrx_word' id='word_1_80' title='bbox 484 1095 516 1150; x_wconf 88' lang='grc' dir='ltr'><em>τό</em></span> <span class='ocrx_word' id='word_1_81' title='bbox 534 1102 587 1169; x_wconf 83' lang='grc' dir='ltr'><em>μὲν</em></span> <span class='ocrx_word' id='word_1_82' title='bbox 606 1093 642 1156; x_wconf 68' lang='grc' dir='ltr'><em>οἷς</em></span> <span class='ocrx_word' id='word_1_83' title='bbox 661 1095 737 1160; x_wconf 73' lang='grc' dir='ltr'><em>ὅλην,</em></span> <span class='ocrx_word' id='word_1_84' title='bbox 755 1095 787 1147; x_wconf 87' lang='grc' dir='ltr'><em>τό</em></span> <span class='ocrx_word' id='word_1_85' title='bbox 807 1095 834 1147; x_wconf 82' lang='grc' dir='ltr'><em>δ’</em></span> <span class='ocrx_word' id='word_1_86' title='bbox 848 1097 884 1156; x_wconf 84' lang='grc' dir='ltr'><em>ώς</em></span> <span class='ocrx_word' id='word_1_87' title='bbox 899 1100 987 1148; x_wconf 80' lang='grc' dir='ltr'><em>α’ίτιον</em></span> <span class='ocrx_word' id='word_1_88' title='bbox 1005 1101 1049 1148; x_wconf 80' lang='grc' dir='ltr'><em>καὶ</em></span> <span class='ocrx_word' id='word_1_89' title='bbox 1068 1103 1175 1152; x_wconf 77' lang='grc' dir='ltr'><em>ποιοῦν,</em></span> <span class='ocrx_word' id='word_1_90' title='bbox 1196 1099 1269 1153; x_wconf 84' lang='lat' dir='ltr'><strong>Unde</strong></span> 
     </span>
     <span class='ocr_line' id='line_1_10' title="bbox 151 1186 1268 1259; baseline 0 -15"><span class='ocrx_word' id='word_1_91' title='bbox 151 1189 244 1258; x_wconf 76' lang='lat' dir='ltr'>pendet</span> <span class='ocrx_word' id='word_1_92' title='bbox 270 1189 374 1259; x_wconf 90' lang='lat' dir='ltr'>Hippoi.</span> <span class='ocrx_word' id='word_1_93' title='bbox 400 1189 456 1242; x_wconf 84' lang='lat' dir='ltr'>Rei.</span> <span class='ocrx_word' id='word_1_94' title='bbox 475 1189 489 1242; x_wconf 87' lang='lat'>1</span> <span class='ocrx_word' id='word_1_95' title='bbox 510 1191 550 1242; x_wconf 89' lang='grc'><em>11.</em></span> <span class='ocrx_word' id='word_1_96' title='bbox 577 1189 640 1242; x_wconf 79' lang='lat' dir='ltr'>Dor.</span> <span class='ocrx_word' id='word_1_97' title='bbox 660 1189 721 1251; x_wconf 80' lang='lat'><strong>564,</strong></span> <span class='ocrx_word' id='word_1_98' title='bbox 742 1188 783 1240; x_wconf 77' lang='lat'><em>21.</em></span> <span class='ocrx_word' id='word_1_99' title='bbox 822 1187 949 1240; x_wconf 75' lang='lat' dir='ltr'>Similiter</span> <span class='ocrx_word' id='word_1_100' title='bbox 975 1188 1027 1241; x_wconf 84' lang='lat' dir='ltr'>Cic</span> <span class='ocrx_word' id='word_1_101' title='bbox 1055 1186 1136 1241; x_wconf 84' lang='lat' dir='ltr'>Acsd.</span> <span class='ocrx_word' id='word_1_102' title='bbox 1163 1189 1191 1242; x_wconf 95' lang='lat' dir='ltr'><em>lI</em></span> <span class='ocrx_word' id='word_1_103' title='bbox 1220 1191 1268 1244; x_wconf 89' lang='grc'><em>118</em></span> 
     </span>
     <span class='ocr_line' id='line_1_11' title="bbox 151 1277 996 1348; baseline -0.004 -16"><span class='ocrx_word' id='word_1_104' title='bbox 151 1279 240 1332; x_wconf 73' lang='lat' dir='ltr'>Paron.</span> <span class='ocrx_word' id='word_1_105' title='bbox 259 1281 346 1347; x_wconf 82' lang='grc' dir='ltr'><em>ι’ραωυ</em></span> <span class='ocrx_word' id='word_1_106' title='bbox 365 1281 414 1348; x_wconf 76' lang='lat' dir='ltr'><em>qni</em></span> <span class='ocrx_word' id='word_1_107' title='bbox 431 1285 541 1342; x_wconf 80' lang='lat' dir='ltr'>monent,</span> <span class='ocrx_word' id='word_1_108' title='bbox 560 1285 659 1333; x_wconf 74' lang='lat' dir='ltr'>terram</span> <span class='ocrx_word' id='word_1_109' title='bbox 677 1293 746 1345; x_wconf 78' lang='lat' dir='ltr'>quoe</span> <span class='ocrx_word' id='word_1_110' title='bbox 765 1277 798 1329; x_wconf 85' lang='lat' dir='ltr'><em>nb</em></span> <span class='ocrx_word' id='word_1_111' title='bbox 815 1293 844 1330; x_wconf 91' lang='lat' dir='ltr'>eo</span> <span class='ocrx_word' id='word_1_112' title='bbox 861 1277 996 1342; x_wconf 73' lang='lat' dir='ltr'>formetur.</span> 
     </span>
    </p>
   </div>
   <div class='ocr_carea' id='block_1_3' title="bbox 148 1372 1269 2095">
    <p class='ocr_par' dir='ltr' id='par_1_3' title="bbox 150 1372 1269 1633">
     <span class='ocr_line' id='line_1_12' title="bbox 222 1372 1269 1455; baseline -0.005 -14"><span class='ocrx_word' id='word_1_113' title='bbox 222 1385 251 1441; x_wconf 81' lang='grc'><em>1).</em></span> <span class='ocrx_word' id='word_1_114' title='bbox 280 1386 372 1455; x_wconf 80' lang='lat' dir='ltr'>simpl.</span> <span class='ocrx_word' id='word_1_115' title='bbox 390 1385 469 1454; x_wconf 82' lang='lat' dir='ltr'>Phys.</span> <span class='ocrx_word' id='word_1_116' title='bbox 489 1381 530 1439; x_wconf 43' lang='lat' dir='ltr'>9&#39;r·</span> <span class='ocrx_word' id='word_1_117' title='bbox 550 1387 593 1449; x_wconf 87' lang='grc'><em>39,</em></span> <span class='ocrx_word' id='word_1_118' title='bbox 614 1386 646 1437; x_wconf 89' lang='lat'><em>10</em></span> <span class='ocrx_word' id='word_1_119' title='bbox 660 1385 692 1437; x_wconf 93' lang='lat' dir='ltr'><em>D.</em></span> <span class='ocrx_word' id='word_1_120' title='bbox 731 1379 866 1444; x_wconf 81' lang='grc' dir='ltr'><em>δοξαστόν</em></span> <span class='ocrx_word' id='word_1_121' title='bbox 885 1372 934 1433; x_wconf 78' lang='grc' dir='ltr'><em>οὗν</em></span> <span class='ocrx_word' id='word_1_122' title='bbox 953 1385 998 1433; x_wconf 83' lang='grc' dir='ltr'><em>καὶ</em></span> <span class='ocrx_word' id='word_1_123' title='bbox 1016 1379 1153 1445; x_wconf 78' lang='grc' dir='ltr'><em>α’πατηλόν</em></span> <span class='ocrx_word' id='word_1_124' title='bbox 1172 1388 1269 1437; x_wconf 85' lang='grc' dir='ltr'><em>τοῦτον</em></span> 
     </span>
     <span class='ocr_line' id='line_1_13' title="bbox 150 1469 1268 1543; baseline 0 -18"><span class='ocrx_word' id='word_1_125' title='bbox 150 1475 229 1528; x_wconf 81' lang='grc' dir='ltr'><em>καλεῖ</em></span> <span class='ocrx_word' id='word_1_126' title='bbox 245 1474 294 1526; x_wconf 90' lang='grc' dir='ltr'><em>τόν</em></span> <span class='ocrx_word' id='word_1_127' title='bbox 313 1473 398 1542; x_wconf 79' lang='grc' dir='ltr'><em>λόγον</em></span> <span class='ocrx_word' id='word_1_128' title='bbox 416 1472 469 1543; x_wconf 73' lang='grc' dir='ltr'><em>οιῗχ</em></span> <span class='ocrx_word' id='word_1_129' title='bbox 489 1473 524 1532; x_wconf 87' lang='grc' dir='ltr'><em>ω’ς</em></span> <span class='ocrx_word' id='word_1_130' title='bbox 541 1472 633 1538; x_wconf 75' lang='grc' dir='ltr'><em>ψευδῆ</em></span> <span class='ocrx_word' id='word_1_131' title='bbox 652 1469 760 1539; x_wconf 75' lang='grc' dir='ltr'><em>ἁπλοῖς,</em></span> <span class='ocrx_word' id='word_1_132' title='bbox 778 1469 836 1523; x_wconf 80' lang='grc' dir='ltr'><em>α’λλ’</em></span> <span class='ocrx_word' id='word_1_133' title='bbox 854 1469 887 1530; x_wconf 70' lang='lat' dir='ltr'>uir</span> <span class='ocrx_word' id='word_1_134' title='bbox 905 1469 961 1524; x_wconf 83' lang='grc' dir='ltr'><em>άπδ</em></span> <span class='ocrx_word' id='word_1_135' title='bbox 980 1476 1025 1535; x_wconf 81' lang='grc' dir='ltr'><em>τῆς</em></span> <span class='ocrx_word' id='word_1_136' title='bbox 1038 1469 1268 1540; x_wconf 72' lang='grc' dir='ltr'><em>νοητῆςάληθείας</em></span> 
     </span>
     <span class='ocr_line' id='line_1_14' title="bbox 150 1559 1047 1633; baseline -0.002 -19"><span class='ocrx_word' id='word_1_137' title='bbox 150 1569 189 1622; x_wconf 81' lang='grc' dir='ltr'><em>τίς</em></span> <span class='ocrx_word' id='word_1_138' title='bbox 208 1559 237 1615; x_wconf 90' lang='grc' dir='ltr'><em>τό</em></span> <span class='ocrx_word' id='word_1_139' title='bbox 256 1561 428 1633; x_wconf 85' lang='grc' dir='ltr'><em>φαινόμενον</em></span> <span class='ocrx_word' id='word_1_140' title='bbox 447 1565 490 1614; x_wconf 81' lang='grc' dir='ltr'><em>καὶ</em></span> <span class='ocrx_word' id='word_1_141' title='bbox 508 1561 608 1613; x_wconf 81' lang='grc' dir='ltr'><em>δοκοῦν</em></span> <span class='ocrx_word' id='word_1_142' title='bbox 627 1564 672 1613; x_wconf 86' lang='grc' dir='ltr'><em>καὶ</em></span> <span class='ocrx_word' id='word_1_143' title='bbox 691 1560 824 1624; x_wconf 77' lang='grc' dir='ltr'><em>αἰσθητόν</em></span> <span class='ocrx_word' id='word_1_144' title='bbox 843 1559 1047 1612; x_wconf 81' lang='grc' dir='ltr'><em>ἐκπεπτωκότα.</em></span> 
     </span>
    </p>

    <p class='ocr_par' dir='ltr' id='par_1_4' title="bbox 148 1667 1268 2095">
     <span class='ocr_line' id='line_1_15' title="bbox 221 1667 1268 1738; baseline -0.001 -13"><span class='ocrx_word' id='word_1_145' title='bbox 221 1685 249 1728; x_wconf 83' lang='grc' dir='ltr'><em>ο.</em></span> <span class='ocrx_word' id='word_1_146' title='bbox 274 1671 421 1734; x_wconf 85' lang='lat' dir='ltr'>„Homines</span> <span class='ocrx_word' id='word_1_147' title='bbox 440 1669 536 1722; x_wconf 79' lang='lat' dir='ltr'>animis</span> <span class='ocrx_word' id='word_1_148' title='bbox 555 1672 707 1722; x_wconf 76' lang='lat' dir='ltr'>statuerunt</span> <span class='ocrx_word' id='word_1_149' title='bbox 725 1668 791 1721; x_wconf 82' lang='lat' dir='ltr'>duas</span> <span class='ocrx_word' id='word_1_150' title='bbox 810 1667 894 1722; x_wconf 83' lang='lat' dir='ltr'>dicere</span> <span class='ocrx_word' id='word_1_151' title='bbox 914 1668 1018 1724; x_wconf 83' lang='lat' dir='ltr'>formas.</span> <span class='ocrx_word' id='word_1_152' title='bbox 1055 1670 1138 1738; x_wconf 77' lang='lat' dir='ltr'>Atqui</span> <span class='ocrx_word' id='word_1_153' title='bbox 1157 1671 1268 1724; x_wconf 80' lang='lat' dir='ltr'>alteram</span> 
     </span>
     <span class='ocr_line' id='line_1_16' title="bbox 148 1757 1267 1828; baseline 0.001 -16"><span class='ocrx_word' id='word_1_154' title='bbox 148 1777 201 1812; x_wconf 90' lang='lat' dir='ltr'><em>non</em></span> <span class='ocrx_word' id='word_1_155' title='bbox 220 1761 343 1828; x_wconf 81' lang='lat' dir='ltr'>oportuit,</span> <span class='ocrx_word' id='word_1_156' title='bbox 362 1775 415 1827; x_wconf 78' lang='lat' dir='ltr'><em>qua</em></span> <span class='ocrx_word' id='word_1_157' title='bbox 433 1760 460 1812; x_wconf 89' lang='lat' dir='ltr'>in</span> <span class='ocrx_word' id='word_1_158' title='bbox 479 1775 505 1812; x_wconf 85' lang='lat' dir='ltr'><em>re</em></span> <span class='ocrx_word' id='word_1_159' title='bbox 524 1759 571 1810; x_wconf 81' lang='lat' dir='ltr'>isti</span> <span class='ocrx_word' id='word_1_160' title='bbox 589 1757 746 1811; x_wconf 78' lang='lat' dir='ltr'>falluntur.“</span> <span class='ocrx_word' id='word_1_161' title='bbox 783 1758 862 1810; x_wconf 86' lang='lat' dir='ltr'>Error</span> <span class='ocrx_word' id='word_1_162' title='bbox 880 1763 928 1821; x_wconf 83' lang='lat' dir='ltr'>est,</span> <span class='ocrx_word' id='word_1_163' title='bbox 958 1759 1026 1826; x_wconf 88' lang='lat' dir='ltr'>quod</span> <span class='ocrx_word' id='word_1_164' title='bbox 1045 1759 1110 1812; x_wconf 85' lang='lat' dir='ltr'>duas</span> <span class='ocrx_word' id='word_1_165' title='bbox 1135 1764 1267 1814; x_wconf 79' lang='lat' dir='ltr'>statuunt.</span> 
     </span>
     <span class='ocr_line' id='line_1_17' title="bbox 148 1847 1268 1916; baseline -0.004 -14"><span class='ocrx_word' id='word_1_166' title='bbox 148 1849 236 1902; x_wconf 76' lang='lat' dir='ltr'>Unam</span> <span class='ocrx_word' id='word_1_167' title='bbox 261 1847 395 1902; x_wconf 81' lang='lat' dir='ltr'>debebant.</span> <span class='ocrx_word' id='word_1_168' title='bbox 417 1877 449 1886; x_wconf 94' lang='lat'>-</span> <span class='ocrx_word' id='word_1_169' title='bbox 478 1847 576 1900; x_wconf 82' lang='lat' dir='ltr'>Parum</span> <span class='ocrx_word' id='word_1_170' title='bbox 595 1852 663 1900; x_wconf 81' lang='lat' dir='ltr'>recte</span> <span class='ocrx_word' id='word_1_171' title='bbox 682 1848 789 1914; x_wconf 77' lang='lat' dir='ltr'>interpr.</span> <span class='ocrx_word' id='word_1_172' title='bbox 810 1847 926 1916; x_wconf 84' lang='lat' dir='ltr'>Simplic.</span> <span class='ocrx_word' id='word_1_173' title='bbox 949 1849 992 1900; x_wconf 73' lang='lat'><em>7¹.</em></span> <span class='ocrx_word' id='word_1_174' title='bbox 1013 1849 1055 1910; x_wconf 85' lang='lat'><em>31,</em></span> <span class='ocrx_word' id='word_1_175' title='bbox 1075 1849 1138 1902; x_wconf 82' lang='lat'>81).</span> <span class='ocrx_word' id='word_1_176' title='bbox 1163 1849 1268 1900; x_wconf 72' lang='lat' dir='ltr'>nenia-</span> 
     </span>
     <span class='ocr_line' id='line_1_18' title="bbox 148 1931 1268 2004; baseline 0.001 -16"><span class='ocrx_word' id='word_1_177' title='bbox 148 1942 251 2000; x_wconf 74' lang='grc' dir='ltr'><em>νῆσθαι</em></span> <span class='ocrx_word' id='word_1_178' title='bbox 269 1936 303 1987; x_wconf 87' lang='grc' dir='ltr'><em>δέ</em></span> <span class='ocrx_word' id='word_1_179' title='bbox 321 1955 386 2004; x_wconf 79' lang='grc' dir='ltr'><em>φησι</em></span> <span class='ocrx_word' id='word_1_180' title='bbox 404 1932 468 1995; x_wconf 80' lang='grc' dir='ltr'><em>τούς</em></span> <span class='ocrx_word' id='word_1_181' title='bbox 487 1935 535 1998; x_wconf 76' lang='grc' dir='ltr'><em>τήν</em></span> <span class='ocrx_word' id='word_1_182' title='bbox 553 1931 700 1988; x_wconf 77' lang='grc' dir='ltr'><em>α’ντίθεσιν</em></span> <span class='ocrx_word' id='word_1_183' title='bbox 720 1939 776 1986; x_wconf 83' lang='grc' dir='ltr'><em>των</em></span> <span class='ocrx_word' id='word_1_184' title='bbox 797 1935 843 2000; x_wconf 70' lang='grc' dir='ltr'><em>τόν</em></span> <span class='ocrx_word' id='word_1_185' title='bbox 862 1936 970 2003; x_wconf 83' lang='grc' dir='ltr'><em>γένεσιν</em></span> <span class='ocrx_word' id='word_1_186' title='bbox 989 1935 1179 1988; x_wconf 78' lang='grc' dir='ltr'><em>συνιστάντων</em></span> <span class='ocrx_word' id='word_1_187' title='bbox 1198 1953 1268 1989; x_wconf 89' lang='grc' dir='ltr'><em>στοι-</em></span> 
     </span>
     <span class='ocr_line' id='line_1_19' title="bbox 148 2018 966 2095; baseline 0.001 -19"><span class='ocrx_word' id='word_1_188' title='bbox 148 2031 236 2095; x_wconf 81' lang='grc' dir='ltr'><em>χείων</em></span> <span class='ocrx_word' id='word_1_189' title='bbox 253 2025 292 2095; x_wconf 70' lang='grc' dir='ltr'><em>μή</em></span> <span class='ocrx_word' id='word_1_190' title='bbox 310 2030 483 2095; x_wconf 74' lang='grc' dir='ltr'><em>συνορῶντας</em></span> <span class='ocrx_word' id='word_1_191' title='bbox 502 2021 519 2088; x_wconf 74' lang='grc' dir='ltr'><strong><em>ἧ</em></strong></span> <span class='ocrx_word' id='word_1_192' title='bbox 537 2024 576 2094; x_wconf 73' lang='grc' dir='ltr'><em>μὴ</em></span> <span class='ocrx_word' id='word_1_193' title='bbox 595 2030 695 2094; x_wconf 75' lang='grc' dir='ltr'><em>σαφοῦς</em></span> <span class='ocrx_word' id='word_1_194' title='bbox 714 2018 966 2083; x_wconf 82' lang='grc' dir='ltr'><em>α’ποκαλόπτοντας.</em></span> 
     </span>
    </p>
   </div>
   <div class='ocr_carea' id='block_1_4' title="bbox 147 2131 1267 2291">
    <p class='ocr_par' dir='ltr' id='par_1_5' title="bbox 147 2131 1267 2291">
     <span class='ocr_line' id='line_1_20' title="bbox 221 2131 1267 2202; baseline 0 -16"><span class='ocrx_word' id='word_1_195' title='bbox 221 2133 250 2187; x_wconf 81' lang='lat' dir='ltr'><em>(l.</em></span> <span class='ocrx_word' id='word_1_196' title='bbox 279 2133 365 2186; x_wconf 79' lang='lat' dir='ltr'>Alteri</span> <span class='ocrx_word' id='word_1_197' title='bbox 383 2131 479 2202; x_wconf 78' lang='grc' dir='ltr'><em>μορφῇ</em></span> <span class='ocrx_word' id='word_1_198' title='bbox 497 2133 585 2201; x_wconf 82' lang='lat' dir='ltr'>ignem</span> <span class='ocrx_word' id='word_1_199' title='bbox 604 2133 758 2186; x_wconf 72' lang='lat' dir='ltr'>attribuunt</span> <span class='ocrx_word' id='word_1_200' title='bbox 776 2132 937 2198; x_wconf 75' lang='lat' dir='ltr'>aetherium,</span> <span class='ocrx_word' id='word_1_201' title='bbox 961 2139 1065 2186; x_wconf 86' lang='lat' dir='ltr'>tenuem</span> <span class='ocrx_word' id='word_1_202' title='bbox 1085 2133 1161 2186; x_wconf 90' lang='lat' dir='ltr'>illum</span> <span class='ocrx_word' id='word_1_203' title='bbox 1181 2134 1267 2186; x_wconf 77' lang='lat' dir='ltr'>cisni</span> 
     </span>
     <span class='ocr_line' id='line_1_21' title="bbox 147 2221 756 2291; baseline -0.003 -15"><span class='ocrx_word' id='word_1_204' title='bbox 147 2239 194 2291; x_wconf 90' lang='lat' dir='ltr'><em>per</em></span> <span class='ocrx_word' id='word_1_205' title='bbox 214 2223 303 2276; x_wconf 81' lang='lat' dir='ltr'>omnia</span> <span class='ocrx_word' id='word_1_206' title='bbox 321 2223 443 2286; x_wconf 82' lang='lat' dir='ltr'>similem,</span> <span class='ocrx_word' id='word_1_207' title='bbox 463 2221 573 2276; x_wconf 72' lang='lat' dir='ltr'>alterius</span> <span class='ocrx_word' id='word_1_208' title='bbox 592 2221 756 2275; x_wconf 88' lang='lat' dir='ltr'>dissimilem.</span> 
     </span>
    </p>
   </div>
   <div class='ocr_carea' id='block_1_5' title="bbox 147 2327 1268 2577">
    <p class='ocr_par' dir='ltr' id='par_1_6' title="bbox 147 2327 1268 2577">
     <span class='ocr_line' id='line_1_22' title="bbox 221 2327 1268 2397; baseline -0.001 -14"><span class='ocrx_word' id='word_1_209' title='bbox 221 2343 249 2386; x_wconf 82' lang='lat' dir='ltr'>e.</span> <span class='ocrx_word' id='word_1_210' title='bbox 278 2329 317 2382; x_wconf 80' lang='lat' dir='ltr'><em>lla</em></span> <span class='ocrx_word' id='word_1_211' title='bbox 335 2329 457 2383; x_wconf 80' lang='lat' dir='ltr'>videlicet</span> <span class='ocrx_word' id='word_1_212' title='bbox 476 2345 536 2397; x_wconf 82' lang='lat' dir='ltr'>pnrs</span> <span class='ocrx_word' id='word_1_213' title='bbox 555 2330 706 2397; x_wconf 86' lang='lat' dir='ltr'>opinionum</span> <span class='ocrx_word' id='word_1_214' title='bbox 728 2329 889 2396; x_wconf 80' lang='lat' dir='ltr'>vulgarium,</span> <span class='ocrx_word' id='word_1_215' title='bbox 908 2345 973 2396; x_wconf 80' lang='lat' dir='ltr'>quae</span> <span class='ocrx_word' id='word_1_216' title='bbox 992 2333 1050 2382; x_wconf 76' lang='lat' dir='ltr'>erat</span> <span class='ocrx_word' id='word_1_217' title='bbox 1068 2327 1099 2381; x_wconf 88' lang='lat' dir='ltr'>de</span> <span class='ocrx_word' id='word_1_218' title='bbox 1113 2327 1199 2384; x_wconf 82' lang='lat' dir='ltr'>calido</span> <span class='ocrx_word' id='word_1_219' title='bbox 1214 2330 1268 2383; x_wconf 87' lang='lat' dir='ltr'>sive</span> 
     </span>
     <span class='ocr_line' id='line_1_23' title="bbox 147 2417 1268 2486; baseline 0.001 -15"><span class='ocrx_word' id='word_1_220' title='bbox 147 2420 225 2486; x_wconf 87' lang='lat' dir='ltr'>igneo</span> <span class='ocrx_word' id='word_1_221' title='bbox 243 2418 379 2482; x_wconf 81' lang='lat' dir='ltr'>elemento,</span> <span class='ocrx_word' id='word_1_222' title='bbox 398 2421 489 2486; x_wconf 80' lang='lat' dir='ltr'>poetae</span> <span class='ocrx_word' id='word_1_223' title='bbox 499 2418 558 2471; x_wconf 90' lang='lat' dir='ltr'>&#39;fere</span> <span class='ocrx_word' id='word_1_224' title='bbox 577 2417 716 2485; x_wconf 64' lang='lat' dir='ltr'>probatum</span> <span class='ocrx_word' id='word_1_225' title='bbox 737 2418 857 2470; x_wconf 89' lang='lat' dir='ltr'>modone</span> <span class='ocrx_word' id='word_1_226' title='bbox 872 2418 952 2471; x_wconf 79' lang='lat' dir='ltr'>eiiam</span> <span class='ocrx_word' id='word_1_227' title='bbox 967 2419 1081 2471; x_wconf 82' lang='lat' dir='ltr'>alterum</span> <span class='ocrx_word' id='word_1_228' title='bbox 1095 2417 1162 2470; x_wconf 91' lang='lat' dir='ltr'>illud</span> <span class='ocrx_word' id='word_1_229' title='bbox 1177 2421 1268 2472; x_wconf 81' lang='lat' dir='ltr'>contra</span> 
     </span>
     <span class='ocr_line' id='line_1_24' title="bbox 147 2507 1093 2577; baseline 0 -17"><span class='ocrx_word' id='word_1_230' title='bbox 147 2508 264 2577; x_wconf 83' lang='lat' dir='ltr'>positum</span> <span class='ocrx_word' id='word_1_231' title='bbox 282 2510 415 2575; x_wconf 76' lang='lat' dir='ltr'>putarent,</span> <span class='ocrx_word' id='word_1_232' title='bbox 435 2510 536 2561; x_wconf 81' lang='lat' dir='ltr'>noctem</span> <span class='ocrx_word' id='word_1_233' title='bbox 555 2508 610 2560; x_wconf 88' lang='lat' dir='ltr'>sine</span> <span class='ocrx_word' id='word_1_234' title='bbox 629 2507 694 2571; x_wconf 84' lang='lat' dir='ltr'>luce,</span> <span class='ocrx_word' id='word_1_235' title='bbox 714 2524 807 2575; x_wconf 87' lang='lat' dir='ltr'>corpus</span> <span class='ocrx_word' id='word_1_236' title='bbox 826 2507 938 2560; x_wconf 88' lang='lat' dir='ltr'>solidum</span> <span class='ocrx_word' id='word_1_237' title='bbox 958 2525 989 2561; x_wconf 81' lang='lat' dir='ltr'><em>ac</em></span> <span class='ocrx_word' id='word_1_238' title='bbox 1007 2523 1093 2575; x_wconf 82' lang='lat' dir='ltr'>grave.</span> 
     </span>
    </p>
   </div>
   <div class='ocr_carea' id='block_1_6' title="bbox 147 2609 1269 3218">
    <p class='ocr_par' dir='ltr' id='par_1_7' title="bbox 147 2609 1269 3218">
     <span class='ocr_line' id='line_1_25' title="bbox 220 2609 1267 2682; baseline -0.003 -16"><span class='ocrx_word' id='word_1_239' title='bbox 220 2615 242 2668; x_wconf 80' lang='lat' dir='ltr'><em>f.</em></span> <span class='ocrx_word' id='word_1_240' title='bbox 263 2613 344 2667; x_wconf 76' lang='lat' dir='ltr'>Addit</span> <span class='ocrx_word' id='word_1_241' title='bbox 354 2613 446 2682; x_wconf 82' lang='lat' dir='ltr'>Simpl.</span> <span class='ocrx_word' id='word_1_242' title='bbox 456 2613 535 2682; x_wconf 77' lang='lat' dir='ltr'>Phys,</span> <span class='ocrx_word' id='word_1_243' title='bbox 548 2615 590 2667; x_wconf 69' lang='lat' dir='ltr'><em>TV.</em></span> <span class='ocrx_word' id='word_1_244' title='bbox 602 2615 644 2677; x_wconf 85' lang='lat'><em>31,</em></span> <span class='ocrx_word' id='word_1_245' title='bbox 655 2615 671 2667; x_wconf 91' lang='lat'><strong>3</strong></span> <span class='ocrx_word' id='word_1_246' title='bbox 682 2614 713 2666; x_wconf 92' lang='lat' dir='ltr'><em>D.</em></span> <span class='ocrx_word' id='word_1_247' title='bbox 732 2617 777 2663; x_wconf 84' lang='grc' dir='ltr'><em>καὶ</em></span> <span class='ocrx_word' id='word_1_248' title='bbox 790 2613 808 2662; x_wconf 91' lang='grc' dir='ltr'><em>δ</em></span> <span class='ocrx_word' id='word_1_249' title='bbox 812 2633 824 2677; x_wconf 80' lang='grc' dir='ltr'>η</span> <span class='ocrx_word' id='word_1_250' title='bbox 838 2616 882 2664; x_wconf 80' lang='grc' dir='ltr'><em>καὶ</em></span> <span class='ocrx_word' id='word_1_251' title='bbox 895 2609 1086 2680; x_wconf 69' lang='grc' dir='ltr'><em>καταλογάδην</em></span> <span class='ocrx_word' id='word_1_252' title='bbox 1097 2611 1198 2682; x_wconf 81' lang='grc' dir='ltr'><em>μεταξδ</em></span> <span class='ocrx_word' id='word_1_253' title='bbox 1210 2618 1267 2664; x_wconf 76' lang='grc' dir='ltr'><em>τῶν</em></span> 
     </span>
     <span class='ocr_line' id='line_1_26' title="bbox 147 2697 1269 2771; baseline -0.001 -18"><span class='ocrx_word' id='word_1_254' title='bbox 147 2700 223 2754; x_wconf 81' lang='grc' dir='ltr'><em>ἐπῶν</em></span> <span class='ocrx_word' id='word_1_255' title='bbox 242 2701 394 2771; x_wconf 81' lang='grc' dir='ltr'><em>ἐμφέρεταί</em></span> <span class='ocrx_word' id='word_1_256' title='bbox 411 2721 437 2753; x_wconf 88' lang='grc' dir='ltr'><em>τι</em></span> <span class='ocrx_word' id='word_1_257' title='bbox 455 2701 592 2771; x_wconf 76' lang='grc' dir='ltr'><em>ῥησείδιον</em></span> <span class='ocrx_word' id='word_1_258' title='bbox 611 2703 647 2760; x_wconf 91' lang='grc' dir='ltr'><em>ω’ς</em></span> <span class='ocrx_word' id='word_1_259' title='bbox 666 2697 751 2752; x_wconf 78' lang='grc' dir='ltr'><em>αδτοῢ</em></span> <span class='ocrx_word' id='word_1_260' title='bbox 769 2703 957 2771; x_wconf 81' lang='grc' dir='ltr'><em>Παρμενίδου,</em></span> <span class='ocrx_word' id='word_1_261' title='bbox 984 2699 1048 2770; x_wconf 79' lang='grc' dir='ltr'><em>ἔχον</em></span> <span class='ocrx_word' id='word_1_262' title='bbox 1068 2697 1160 2760; x_wconf 74' lang='grc' dir='ltr'><em>οὕτως.</em></span> <span class='ocrx_word' id='word_1_263' title='bbox 1196 2701 1269 2765; x_wconf 70' lang='lat' dir='ltr'><em>„nm</em></span> 
     </span>
     <span class='ocr_line' id='line_1_27' title="bbox 147 2785 1268 2862; baseline -0.002 -18"><span class='ocrx_word' id='word_1_264' title='bbox 147 2790 220 2862; x_wconf 83' lang='grc' dir='ltr'><em>τῷδέ</em></span> <span class='ocrx_word' id='word_1_265' title='bbox 238 2791 292 2842; x_wconf 79' lang='grc' dir='ltr'><em>ἐστι</em></span> <span class='ocrx_word' id='word_1_266' title='bbox 311 2787 343 2845; x_wconf 81' lang='grc' dir='ltr'><em>τό</em></span> <span class='ocrx_word' id='word_1_267' title='bbox 361 2787 459 2859; x_wconf 83' lang='grc' dir='ltr'><em>α’ραιόν</em></span> <span class='ocrx_word' id='word_1_268' title='bbox 478 2793 522 2841; x_wconf 83' lang='grc' dir='ltr'><em>καὶ</em></span> <span class='ocrx_word' id='word_1_269' title='bbox 542 2791 574 2842; x_wconf 83' lang='grc' dir='ltr'><em>τό</em></span> <span class='ocrx_word' id='word_1_270' title='bbox 593 2789 699 2861; x_wconf 73' lang='grc' dir='ltr'><em>θερμόν</em></span> <span class='ocrx_word' id='word_1_271' title='bbox 718 2794 763 2842; x_wconf 87' lang='grc' dir='ltr'><em>καὶ</em></span> <span class='ocrx_word' id='word_1_272' title='bbox 786 2791 817 2842; x_wconf 89' lang='grc' dir='ltr'><em>τό</em></span> <span class='ocrx_word' id='word_1_273' title='bbox 843 2785 914 2860; x_wconf 89' lang='grc' dir='ltr'><em>φάος</em></span> <span class='ocrx_word' id='word_1_274' title='bbox 940 2794 986 2842; x_wconf 85' lang='grc' dir='ltr'><em>καὶ</em></span> <span class='ocrx_word' id='word_1_275' title='bbox 1010 2791 1039 2842; x_wconf 88' lang='grc' dir='ltr'><em>τό</em></span> <span class='ocrx_word' id='word_1_276' title='bbox 1057 2790 1204 2862; x_wconf 68' lang='grc' dir='ltr'><em>μαλθακόν</em></span> <span class='ocrx_word' id='word_1_277' title='bbox 1222 2802 1268 2850; x_wconf 73' lang='grc' dir='ltr'><em>καὶ</em></span> 
     </span>
     <span class='ocr_line' id='line_1_28' title="bbox 147 2875 1267 2952; baseline 0 -20"><span class='ocrx_word' id='word_1_278' title='bbox 147 2879 182 2932; x_wconf 81' lang='grc' dir='ltr'><em>τό</em></span> <span class='ocrx_word' id='word_1_279' title='bbox 200 2885 315 2948; x_wconf 79' lang='grc' dir='ltr'><em>κοῦφον,</em></span> <span class='ocrx_word' id='word_1_280' title='bbox 345 2879 390 2934; x_wconf 78' lang='grc' dir='ltr'><em>ἐπὶ</em></span> <span class='ocrx_word' id='word_1_281' title='bbox 415 2879 447 2932; x_wconf 82' lang='grc' dir='ltr'><em>δὲ</em></span> <span class='ocrx_word' id='word_1_282' title='bbox 471 2885 510 2952; x_wconf 66' lang='lat' dir='ltr'>roi</span> <span class='ocrx_word' id='word_1_283' title='bbox 534 2885 626 2950; x_wconf 78' lang='grc' dir='ltr'><em>πυκνῷ</em></span> <span class='ocrx_word' id='word_1_284' title='bbox 652 2875 814 2950; x_wconf 81' lang='grc' dir='ltr'><em>ω’νόμασται</em></span> <span class='ocrx_word' id='word_1_285' title='bbox 838 2881 870 2931; x_wconf 82' lang='grc' dir='ltr'><em>τό</em></span> <span class='ocrx_word' id='word_1_286' title='bbox 889 2881 1002 2950; x_wconf 79' lang='grc' dir='ltr'><em>ψυχρόν</em></span> <span class='ocrx_word' id='word_1_287' title='bbox 1021 2884 1065 2932; x_wconf 81' lang='grc' dir='ltr'><em>καὶ</em></span> <span class='ocrx_word' id='word_1_288' title='bbox 1083 2876 1099 2931; x_wconf 90' lang='grc' dir='ltr'><em>ό</em></span> <span class='ocrx_word' id='word_1_289' title='bbox 1118 2879 1203 2948; x_wconf 85' lang='grc' dir='ltr'><em>ζόφος</em></span> <span class='ocrx_word' id='word_1_290' title='bbox 1222 2883 1267 2932; x_wconf 82' lang='grc' dir='ltr'><em>καὶ</em></span> 
     </span>
     <span class='ocr_line' id='line_1_29' title="bbox 147 2965 1266 3040; baseline 0 -20"><span class='ocrx_word' id='word_1_291' title='bbox 147 2969 264 3036; x_wconf 83' lang='grc' dir='ltr'><em>σκληρόν</em></span> <span class='ocrx_word' id='word_1_292' title='bbox 282 2973 326 3020; x_wconf 83' lang='grc' dir='ltr'><em>καί</em></span> <span class='ocrx_word' id='word_1_293' title='bbox 344 2967 433 3038; x_wconf 79' lang='grc' dir='ltr'><em>βαρύ·</em></span> <span class='ocrx_word' id='word_1_294' title='bbox 454 2974 541 3021; x_wconf 77' lang='grc' dir='ltr'><em>ταῦτα</em></span> <span class='ocrx_word' id='word_1_295' title='bbox 560 2965 613 3036; x_wconf 80' lang='grc' dir='ltr'><em>γάρ</em></span> <span class='ocrx_word' id='word_1_296' title='bbox 632 2968 769 3038; x_wconf 71' lang='grc' dir='ltr'><em>α’πεκρίδη</em></span> <span class='ocrx_word' id='word_1_297' title='bbox 788 2969 921 3032; x_wconf 84' lang='grc' dir='ltr'><em>ἑκατέρως</em></span> <span class='ocrx_word' id='word_1_298' title='bbox 935 2969 1059 3038; x_wconf 71' lang='grc' dir='ltr'><em>ἑκάτερα,</em></span> <span class='ocrx_word' id='word_1_299' title='bbox 1085 2970 1160 3036; x_wconf 78' lang='lat' dir='ltr'>Quod</span> <span class='ocrx_word' id='word_1_300' title='bbox 1178 2969 1266 3040; x_wconf 79' lang='grc' dir='ltr'><em>ρἠοεί-</em></span> 
     </span>
     <span class='ocr_line' id='line_1_30' title="bbox 147 3057 1268 3127; baseline 0.004 -19"><span class='ocrx_word' id='word_1_301' title='bbox 147 3057 211 3109; x_wconf 84' lang='grc' dir='ltr'><em>διον</em></span> <span class='ocrx_word' id='word_1_302' title='bbox 229 3059 327 3113; x_wconf 90' lang='lat' dir='ltr'>Preller</span> <span class='ocrx_word' id='word_1_303' title='bbox 346 3075 359 3111; x_wconf 92' lang='lat' dir='ltr'>e</span> <span class='ocrx_word' id='word_1_304' title='bbox 378 3062 581 3114; x_wconf 81' lang='lat' dir='ltr'>commentatore</span> <span class='ocrx_word' id='word_1_305' title='bbox 599 3060 685 3112; x_wconf 86' lang='lat' dir='ltr'>nescio</span> <span class='ocrx_word' id='word_1_306' title='bbox 704 3076 768 3127; x_wconf 87' lang='lat' dir='ltr'>qno,</span> <span class='ocrx_word' id='word_1_307' title='bbox 788 3060 862 3113; x_wconf 80' lang='lat' dir='ltr'>Siein</span> <span class='ocrx_word' id='word_1_308' title='bbox 882 3076 895 3113; x_wconf 88' lang='lat' dir='ltr'>e</span> <span class='ocrx_word' id='word_1_309' title='bbox 914 3060 1015 3113; x_wconf 80' lang='lat' dir='ltr'>Melissi</span> <span class='ocrx_word' id='word_1_310' title='bbox 1034 3061 1101 3114; x_wconf 91' lang='lat' dir='ltr'>libro</span> <span class='ocrx_word' id='word_1_311' title='bbox 1119 3061 1145 3112; x_wconf 91' lang='lat' dir='ltr'>in</span> <span class='ocrx_word' id='word_1_312' title='bbox 1166 3059 1193 3113; x_wconf 87' lang='lat' dir='ltr'>id</span> <span class='ocrx_word' id='word_1_313' title='bbox 1212 3077 1268 3113; x_wconf 81' lang='lat' dir='ltr'>oar-</span> 
     </span>
     <span class='ocr_line' id='line_1_31' title="bbox 147 3147 1230 3218; baseline 0 -16"><span class='ocrx_word' id='word_1_314' title='bbox 147 3149 229 3202; x_wconf 88' lang='lat' dir='ltr'>minis</span> <span class='ocrx_word' id='word_1_315' title='bbox 247 3148 411 3202; x_wconf 83' lang='lat' dir='ltr'>Parmenidei</span> <span class='ocrx_word' id='word_1_316' title='bbox 432 3148 585 3216; x_wconf 84' lang='lat' dir='ltr'>exemplum,</span> <span class='ocrx_word' id='word_1_317' title='bbox 605 3165 655 3216; x_wconf 88' lang='lat' dir='ltr'><em>quo</em></span> <span class='ocrx_word' id='word_1_318' title='bbox 675 3147 827 3216; x_wconf 84' lang='lat' dir='ltr'>Simplicius</span> <span class='ocrx_word' id='word_1_319' title='bbox 846 3165 909 3201; x_wconf 89' lang='lat' dir='ltr'>usus</span> <span class='ocrx_word' id='word_1_320' title='bbox 928 3152 976 3211; x_wconf 80' lang='lat' dir='ltr'>esi,</span> <span class='ocrx_word' id='word_1_321' title='bbox 997 3149 1125 3202; x_wconf 84' lang='lat' dir='ltr'>transisse</span> <span class='ocrx_word' id='word_1_322' title='bbox 1144 3153 1230 3218; x_wconf 80' lang='lat' dir='ltr'>putat.</span> 
     </span>
    </p>
   </div>
   <div class='ocr_carea' id='block_1_7' title="bbox 148 3251 1267 3682">
    <p class='ocr_par' dir='ltr' id='par_1_8' title="bbox 148 3251 1267 3682">
     <span class='ocr_line' id='line_1_32' title="bbox 220 3251 1267 3324; baseline -0.005 -15"><span class='ocrx_word' id='word_1_323' title='bbox 220 3270 249 3320; x_wconf 77' lang='lat' dir='ltr'><em>g.</em></span> <span class='ocrx_word' id='word_1_324' title='bbox 278 3255 349 3309; x_wconf 84' lang='lat' dir='ltr'>Plut.</span> <span class='ocrx_word' id='word_1_325' title='bbox 376 3253 433 3308; x_wconf 80' lang='lat' dir='ltr'>adv.</span> <span class='ocrx_word' id='word_1_326' title='bbox 460 3255 515 3308; x_wconf 84' lang='lat' dir='ltr'>Col.</span> <span class='ocrx_word' id='word_1_327' title='bbox 538 3256 578 3319; x_wconf 89' lang='lat'><em>13,</em></span> <span class='ocrx_word' id='word_1_328' title='bbox 599 3257 622 3309; x_wconf 90' lang='lat'><em>6.</em></span> <span class='ocrx_word' id='word_1_329' title='bbox 661 3251 691 3313; x_wconf 82' lang='grc' dir='ltr'><em>ὅς</em></span> <span class='ocrx_word' id='word_1_330' title='bbox 719 3271 753 3322; x_wconf 81' lang='grc' dir='ltr'><em>γε</em></span> <span class='ocrx_word' id='word_1_331' title='bbox 780 3259 825 3306; x_wconf 81' lang='grc' dir='ltr'><em>καὶ</em></span> <span class='ocrx_word' id='word_1_332' title='bbox 853 3253 1006 3324; x_wconf 85' lang='grc' dir='ltr'><em>διάκοσμον</em></span> <span class='ocrx_word' id='word_1_333' title='bbox 1034 3259 1195 3318; x_wconf 81' lang='grc' dir='ltr'><em>πεποίηται,</em></span> <span class='ocrx_word' id='word_1_334' title='bbox 1222 3256 1267 3305; x_wconf 86' lang='grc' dir='ltr'><em>καὶ</em></span> 
     </span>
     <span class='ocr_line' id='line_1_33' title="bbox 148 3341 1266 3414; baseline -0.002 -20"><span class='ocrx_word' id='word_1_335' title='bbox 148 3351 269 3412; x_wconf 82' lang='grc' dir='ltr'><em>στοιχεῖα</em></span> <span class='ocrx_word' id='word_1_336' title='bbox 287 3341 403 3414; x_wconf 81' lang='grc' dir='ltr'><em>μιγνύς,</em></span> <span class='ocrx_word' id='word_1_337' title='bbox 429 3341 462 3394; x_wconf 76' lang='grc' dir='ltr'><em>’τό</em></span> <span class='ocrx_word' id='word_1_338' title='bbox 481 3343 610 3413; x_wconf 86' lang='grc' dir='ltr'><em>λαμπρόν</em></span> <span class='ocrx_word' id='word_1_339' title='bbox 629 3347 672 3394; x_wconf 84' lang='grc' dir='ltr'><em>καί</em></span> <span class='ocrx_word' id='word_1_340' title='bbox 692 3344 838 3409; x_wconf 83' lang='grc' dir='ltr'><em>σκοτεινόν,</em></span> <span class='ocrx_word' id='word_1_341' title='bbox 866 3343 896 3396; x_wconf 82' lang='grc' dir='ltr'><em>ἐκ</em></span> <span class='ocrx_word' id='word_1_342' title='bbox 919 3341 1026 3396; x_wconf 82' lang='grc' dir='ltr'><em>τούτων</em></span> <span class='ocrx_word' id='word_1_343' title='bbox 1050 3344 1084 3395; x_wconf 84' lang='grc' dir='ltr'><em>τά</em></span> <span class='ocrx_word' id='word_1_344' title='bbox 1110 3344 1266 3412; x_wconf 84' lang='grc' dir='ltr'><em>φαινόμενα</em></span> 
     </span>
     <span class='ocr_line' id='line_1_34' title="bbox 148 3429 1267 3503; baseline -0.002 -19"><span class='ocrx_word' id='word_1_345' title='bbox 148 3429 237 3484; x_wconf 88' lang='grc' dir='ltr'><em>πάντα</em></span> <span class='ocrx_word' id='word_1_346' title='bbox 251 3435 295 3484; x_wconf 85' lang='grc' dir='ltr'><em>καὶ</em></span> <span class='ocrx_word' id='word_1_347' title='bbox 314 3432 362 3484; x_wconf 79' lang='grc' dir='ltr'><em>διά</em></span> <span class='ocrx_word' id='word_1_348' title='bbox 380 3430 488 3484; x_wconf 77' lang='grc' dir='ltr'><em>τούτων</em></span> <span class='ocrx_word' id='word_1_349' title='bbox 512 3430 654 3484; x_wconf 78' lang='grc' dir='ltr'><em>α’ποτελεῖ·</em></span> <span class='ocrx_word' id='word_1_350' title='bbox 678 3437 724 3485; x_wconf 79' lang='grc' dir='ltr'><em>καὶ</em></span> <span class='ocrx_word' id='word_1_351' title='bbox 748 3433 804 3502; x_wconf 77' lang='grc' dir='ltr'><em>γάρ</em></span> <span class='ocrx_word' id='word_1_352' title='bbox 829 3438 893 3501; x_wconf 81' lang='grc' dir='ltr'><em>περί</em></span> <span class='ocrx_word' id='word_1_353' title='bbox 916 3438 967 3501; x_wconf 74' lang='grc' dir='ltr'><em>γῆς</em></span> <span class='ocrx_word' id='word_1_354' title='bbox 991 3435 1080 3503; x_wconf 73' lang='grc' dir='ltr'><em>εἴρηκε</em></span> <span class='ocrx_word' id='word_1_355' title='bbox 1108 3429 1195 3484; x_wconf 79' lang='grc' dir='ltr'><em>πολλά</em></span> <span class='ocrx_word' id='word_1_356' title='bbox 1223 3436 1267 3483; x_wconf 77' lang='grc' dir='ltr'><em>καὶ</em></span> 
     </span>
     <span class='ocr_line' id='line_1_35' title="bbox 148 3518 1266 3591; baseline 0 -19"><span class='ocrx_word' id='word_1_357' title='bbox 148 3525 212 3591; x_wconf 80' lang='grc' dir='ltr'><em>περὶ</em></span> <span class='ocrx_word' id='word_1_358' title='bbox 229 3520 349 3588; x_wconf 83' lang='grc' dir='ltr'><em>ου’ρανοῦ</em></span> <span class='ocrx_word' id='word_1_359' title='bbox 367 3525 412 3572; x_wconf 79' lang='grc' dir='ltr'><em>καὶ</em></span> <span class='ocrx_word' id='word_1_360' title='bbox 431 3519 505 3586; x_wconf 81' lang='grc' dir='ltr'><em>ἡλίου</em></span> <span class='ocrx_word' id='word_1_361' title='bbox 522 3525 568 3573; x_wconf 83' lang='grc' dir='ltr'><em>καὶ</em></span> <span class='ocrx_word' id='word_1_362' title='bbox 587 3522 698 3587; x_wconf 78' lang='grc' dir='ltr'><em>σελήνης</em></span> <span class='ocrx_word' id='word_1_363' title='bbox 717 3527 762 3574; x_wconf 82' lang='grc' dir='ltr'><em>καί</em></span> <span class='ocrx_word' id='word_1_364' title='bbox 780 3521 898 3590; x_wconf 77' lang='grc' dir='ltr'><em>ἄστρων,</em></span> <span class='ocrx_word' id='word_1_365' title='bbox 917 3526 961 3572; x_wconf 87' lang='grc' dir='ltr'><em>καὶ</em></span> <span class='ocrx_word' id='word_1_366' title='bbox 979 3525 1086 3590; x_wconf 73' lang='grc' dir='ltr'><em>γένεσιν</em></span> <span class='ocrx_word' id='word_1_367' title='bbox 1105 3518 1266 3591; x_wconf 75' lang='grc' dir='ltr'><em>άνθριάπων</em></span> 
     </span>
     <span class='ocr_line' id='line_1_36' title="bbox 148 3605 981 3682; baseline 0.007 -22"><span class='ocrx_word' id='word_1_368' title='bbox 148 3605 286 3679; x_wconf 76' lang='grc' dir='ltr'><em>α’φήγηται</em></span> <span class='ocrx_word' id='word_1_369' title='bbox 304 3613 348 3661; x_wconf 80' lang='grc' dir='ltr'><em>καὶ</em></span> <span class='ocrx_word' id='word_1_370' title='bbox 368 3607 452 3664; x_wconf 78' lang='grc' dir='ltr'><em>οὐδὲν</em></span> <span class='ocrx_word' id='word_1_371' title='bbox 470 3610 586 3680; x_wconf 72' lang='grc' dir='ltr'><em>ἄῤῥατον</em></span> <span class='ocrx_word' id='word_1_372' title='bbox 606 3641 638 3650; x_wconf 89' lang='lat'><em>-</em></span> <span class='ocrx_word' id='word_1_373' title='bbox 661 3617 716 3664; x_wconf 72' lang='grc' dir='ltr'><em>τοῖν</em></span> <span class='ocrx_word' id='word_1_374' title='bbox 735 3617 835 3682; x_wconf 87' lang='grc' dir='ltr'><em>κυρίων</em></span> <span class='ocrx_word' id='word_1_375' title='bbox 855 3617 981 3682; x_wconf 73' lang='grc' dir='ltr'><em>παρῆκεν.</em></span> 
     </span>
    </p>
   </div>
   <div class='ocr_carea' id='block_1_8' title="bbox 95 3807 1412 4109">
    <p class='ocr_par' dir='ltr' id='par_1_9' title="bbox 95 3807 1412 4109">
     <span class='ocr_line' id='line_1_37' title="bbox 95 3807 1072 3894; baseline 0.013 -33"><span class='ocrx_word' id='word_1_376' title='bbox 95 3824 131 3863; x_wconf 86' lang='grc' dir='ltr'><em>ιω</em></span> <span class='ocrx_word' id='word_1_377' title='bbox 215 3807 419 3874; x_wconf 81' lang='lat' dir='ltr'>Parmenides</span> <span class='ocrx_word' id='word_1_378' title='bbox 445 3829 492 3893; x_wconf 85' lang='lat' dir='ltr'><em>ap.</em></span> <span class='ocrx_word' id='word_1_379' title='bbox 518 3809 655 3893; x_wconf 86' lang='lat' dir='ltr'>Simplic.</span> <span class='ocrx_word' id='word_1_380' title='bbox 679 3809 774 3894; x_wconf 84' lang='lat' dir='ltr'>Phys.</span> <span class='ocrx_word' id='word_1_381' title='bbox 799 3819 868 3878; x_wconf 69' lang='lat'><em>39¹.</em></span> <span class='ocrx_word' id='word_1_382' title='bbox 895 3819 966 3888; x_wconf 87' lang='lat'>180,</span> <span class='ocrx_word' id='word_1_383' title='bbox 992 3819 1009 3876; x_wconf 87' lang='lat'>9</span> <span class='ocrx_word' id='word_1_384' title='bbox 1034 3811 1072 3874; x_wconf 90' lang='lat' dir='ltr'><em>D.</em></span> 
     </span>
     <span class='ocr_line' id='line_1_38' title="bbox 151 3912 1412 4003; baseline 0.006 -27"><span class='ocrx_word' id='word_1_385' title='bbox 151 3921 213 3977; x_wconf 76' lang='lat'><em>122</em></span> <span class='ocrx_word' id='word_1_386' title='bbox 237 3912 349 4001; x_wconf 71' lang='grc' dir='ltr'><em>Αὐτὰρ</em></span> <span class='ocrx_word' id='word_1_387' title='bbox 372 3915 473 4000; x_wconf 65' lang='grc' dir='ltr'><em>ἐπειδὴ</em></span> <span class='ocrx_word' id='word_1_388' title='bbox 495 3915 595 3981; x_wconf 81' lang='grc' dir='ltr'><em>πάντα</em></span> <span class='ocrx_word' id='word_1_389' title='bbox 619 3915 698 4003; x_wconf 77' lang='grc' dir='ltr'><em>φάος</em></span> <span class='ocrx_word' id='word_1_390' title='bbox 720 3924 768 3983; x_wconf 80' lang='grc' dir='ltr'><em>καὶ</em></span> <span class='ocrx_word' id='word_1_391' title='bbox 793 3915 847 3995; x_wconf 70' lang='grc' dir='ltr'><em>νὺξ</em></span> <span class='ocrx_word' id='word_1_392' title='bbox 870 3915 1062 4001; x_wconf 75' lang='grc' dir='ltr'><em>ὄνόμασται“</em></span> <span class='ocrx_word' id='word_1_393' title='bbox 1199 3927 1260 3984; x_wconf 80' lang='lat'><em>125</em></span> <span class='ocrx_word' id='word_1_394' title='bbox 1281 3937 1320 3976; x_wconf 78' lang='lat' dir='ltr'><em>lux</em></span> <span class='ocrx_word' id='word_1_395' title='bbox 1334 3939 1357 3978; x_wconf 77' lang='lat' dir='ltr'><em>et</em></span> <span class='ocrx_word' id='word_1_396' title='bbox 1371 3950 1412 3978; x_wconf 85' lang='lat' dir='ltr'><em>nox</em></span> 
     </span>
     <span class='ocr_line' id='line_1_39' title="bbox 236 4017 1170 4109; baseline 0.004 -25"><span class='ocrx_word' id='word_1_397' title='bbox 236 4029 284 4087; x_wconf 80' lang='grc' dir='ltr'><em>καὶ</em></span> <span class='ocrx_word' id='word_1_398' title='bbox 307 4017 346 4087; x_wconf 81' lang='grc' dir='ltr'><em>τὰ</em></span> <span class='ocrx_word' id='word_1_399' title='bbox 368 4019 445 4088; x_wconf 80' lang='grc' dir='ltr'><em>κατὰ</em></span> <span class='ocrx_word' id='word_1_400' title='bbox 468 4024 617 4109; x_wconf 76' lang='grc' dir='ltr'><em>σφετέρας</em></span> <span class='ocrx_word' id='word_1_401' title='bbox 640 4021 780 4106; x_wconf 79' lang='grc' dir='ltr'><em>δυνάμεις</em></span> <span class='ocrx_word' id='word_1_402' title='bbox 802 4030 849 4090; x_wconf 74' lang='grc' dir='ltr'><em>ἐπὶ</em></span> <span class='ocrx_word' id='word_1_403' title='bbox 874 4029 954 4089; x_wconf 83' lang='grc' dir='ltr'><em>τοῖσί</em></span> <span class='ocrx_word' id='word_1_404' title='bbox 974 4051 1004 4089; x_wconf 81' lang='lat' dir='ltr'><em>re</em></span> <span class='ocrx_word' id='word_1_405' title='bbox 1027 4028 1074 4087; x_wconf 80' lang='grc' dir='ltr'><em>καὶ</em></span> <span class='ocrx_word' id='word_1_406' title='bbox 1098 4037 1170 4100; x_wconf 80' lang='grc' dir='ltr'><em>τοῖς,</em></span> 
     </span>
    </p>
   </div>
   <div class='ocr_carea' id='block_1_9' title="bbox 237 4125 1101 4218">
    <p class='ocr_par' dir='ltr' id='par_1_10' title="bbox 237 4125 1101 4218">
     <span class='ocr_line' id='line_1_40' title="bbox 237 4125 1101 4218; baseline 0.002 -26"><span class='ocrx_word' id='word_1_407' title='bbox 237 4131 295 4193; x_wconf 78' lang='grc' dir='ltr'><em>πᾶν</em></span> <span class='ocrx_word' id='word_1_408' title='bbox 319 4132 409 4194; x_wconf 76' lang='grc' dir='ltr'><em>πλέον</em></span> <span class='ocrx_word' id='word_1_409' title='bbox 432 4132 512 4196; x_wconf 74' lang='grc' dir='ltr'><em>ἐστὶν</em></span> <span class='ocrx_word' id='word_1_410' title='bbox 536 4125 614 4213; x_wconf 77' lang='grc' dir='ltr'><em>ὁμοῦ</em></span> <span class='ocrx_word' id='word_1_411' title='bbox 638 4129 730 4218; x_wconf 84' lang='grc' dir='ltr'><em>φάεος</em></span> <span class='ocrx_word' id='word_1_412' title='bbox 752 4137 800 4195; x_wconf 79' lang='grc' dir='ltr'><em>καὶ</em></span> <span class='ocrx_word' id='word_1_413' title='bbox 825 4127 931 4204; x_wconf 83' lang='grc' dir='ltr'><em>νυκτὸς</em></span> <span class='ocrx_word' id='word_1_414' title='bbox 954 4126 1101 4216; x_wconf 80' lang='grc' dir='ltr'><em>ἀφάντου,</em></span> 
     </span>
    </p>
   </div>
   <div class='ocr_carea' id='block_1_10' title="bbox 152 4232 1035 4324">
    <p class='ocr_par' dir='ltr' id='par_1_11' title="bbox 152 4232 1035 4324">
     <span class='ocr_line' id='line_1_41' title="bbox 152 4232 1035 4324; baseline 0.002 -27"><span class='ocrx_word' id='word_1_415' title='bbox 152 4243 212 4300; x_wconf 84' lang='grc'><em>125</em></span> <span class='ocrx_word' id='word_1_416' title='bbox 238 4239 310 4302; x_wconf 77' lang='grc' dir='ltr'><em>ἴσων</em></span> <span class='ocrx_word' id='word_1_417' title='bbox 334 4233 527 4323; x_wconf 76' lang='grc' dir='ltr'><em>ἀμφοτέρων,</em></span> <span class='ocrx_word' id='word_1_418' title='bbox 551 4242 611 4302; x_wconf 66' lang='grc' dir='ltr'><em>ἐπεὶ</em></span> <span class='ocrx_word' id='word_1_419' title='bbox 636 4232 783 4324; x_wconf 70' lang='grc' dir='ltr'><em>οὐδετέρῳ</em></span> <span class='ocrx_word' id='word_1_420' title='bbox 805 4240 880 4320; x_wconf 74' lang='grc' dir='ltr'><em>μέτα</em></span> <span class='ocrx_word' id='word_1_421' title='bbox 904 4238 998 4321; x_wconf 78' lang='grc' dir='ltr'><em>μηδέν</em></span> <span class='ocrx_word' id='word_1_422' title='bbox 1013 4235 1035 4299; x_wconf 73' lang='lat'><em>¹³.</em></span> 
     </span>
    </p>
   </div>
   <div class='ocr_carea' id='block_1_11' title="bbox 150 4360 1264 4519">
    <p class='ocr_par' dir='ltr' id='par_1_12' title="bbox 150 4360 1264 4519">
     <span class='ocr_line' id='line_1_42' title="bbox 219 4360 1262 4429; baseline -0.002 -15"><span class='ocrx_word' id='word_1_423' title='bbox 219 4375 247 4417; x_wconf 81' lang='lat' dir='ltr'><em>a.</em></span> <span class='ocrx_word' id='word_1_424' title='bbox 277 4360 359 4424; x_wconf 84' lang='lat' dir='ltr'>„Iam</span> <span class='ocrx_word' id='word_1_425' title='bbox 381 4362 505 4429; x_wconf 81' lang='lat' dir='ltr'>qnoniam</span> <span class='ocrx_word' id='word_1_426' title='bbox 524 4361 612 4414; x_wconf 81' lang='lat' dir='ltr'>omnia</span> <span class='ocrx_word' id='word_1_427' title='bbox 630 4365 693 4414; x_wconf 82' lang='lat' dir='ltr'>sunt</span> <span class='ocrx_word' id='word_1_428' title='bbox 711 4361 745 4414; x_wconf 80' lang='lat' dir='ltr'><em>ad</em></span> <span class='ocrx_word' id='word_1_429' title='bbox 764 4361 814 4414; x_wconf 90' lang='lat' dir='ltr'><em>duo</em></span> <span class='ocrx_word' id='word_1_430' title='bbox 833 4361 963 4429; x_wconf 83' lang='lat' dir='ltr'>principia</span> <span class='ocrx_word' id='word_1_431' title='bbox 990 4363 1111 4414; x_wconf 81' lang='lat' dir='ltr'>revocata</span> <span class='ocrx_word' id='word_1_432' title='bbox 1133 4364 1160 4412; x_wconf 80' lang='lat' dir='ltr'>et</span> <span class='ocrx_word' id='word_1_433' title='bbox 1187 4377 1262 4413; x_wconf 87' lang='lat' dir='ltr'>suum</span> 
     </span>
     <span class='ocr_line' id='line_1_43' title="bbox 150 4445 1264 4519; baseline 0.002 -19"><span class='ocrx_word' id='word_1_434' title='bbox 150 4445 179 4500; x_wconf 89' lang='lat' dir='ltr'>de</span> <span class='ocrx_word' id='word_1_435' title='bbox 198 4465 298 4518; x_wconf 89' lang='lat' dir='ltr'>quoque</span> <span class='ocrx_word' id='word_1_436' title='bbox 317 4450 496 4519; x_wconf 80' lang='lat' dir='ltr'>praedicatum</span> <span class='ocrx_word' id='word_1_437' title='bbox 515 4453 556 4504; x_wconf 83' lang='lat' dir='ltr'><em>est</em></span> <span class='ocrx_word' id='word_1_438' title='bbox 575 4451 629 4504; x_wconf 84' lang='lat' dir='ltr'>sive</span> <span class='ocrx_word' id='word_1_439' title='bbox 647 4467 696 4504; x_wconf 82' lang='lat' dir='ltr'>sun</span> <span class='ocrx_word' id='word_1_440' title='bbox 714 4451 806 4517; x_wconf 90' lang='lat' dir='ltr'>cuique</span> <span class='ocrx_word' id='word_1_441' title='bbox 825 4452 865 4504; x_wconf 89' lang='lat' dir='ltr'><em>vis</em></span> <span class='ocrx_word' id='word_1_442' title='bbox 885 4451 1000 4518; x_wconf 77' lang='lat' dir='ltr'>tributa,</span> <span class='ocrx_word' id='word_1_443' title='bbox 1029 4451 1176 4504; x_wconf 83' lang='lat' dir='ltr'>universnm</span> <span class='ocrx_word' id='word_1_444' title='bbox 1196 4466 1264 4503; x_wconf 91' lang='lat' dir='ltr'>com-</span> 
     </span>
    </p>
   </div>
   <div class='ocr_carea' id='block_1_12' title="bbox 0 0 1574 4990">
    <p class='ocr_par' dir='ltr' id='par_1_13' title="bbox 0 0 1574 4990">
     <span class='ocr_line' id='line_1_44' title="bbox 0 0 1574 4990; baseline 0 1"><span class='ocrx_word' id='word_1_445' title='bbox 0 0 1574 4990; x_wconf 95' lang='lat' dir='ltr'><em> </em></span> 
     </span>
    </p>
   </div>
  </div>
 </body>
</html>
