3140 4990
492 310 640 379 Leucippus
658 311 686 362 et
703 309 877 364 Democritus.
1196 307 1247 368 1bl

198 485 225 527 e.
255 470 440 539 Anaxagoram
454 469 487 524 ab
501 483 530 521 eo
550 468 670 522 auditum
689 482 744 522 esse
763 485 814 522 non
832 469 919 537 magis
938 469 991 522 veri
1010 469 1097 522 simile
1109 485 1188 538 quam
1198 469 1248 539 Py·

126 562 276 630 thagoreos.
314 559 479 628 Quamquam
489 561 531 612 est
539 557 608 626 apud
619 559 695 626 Diog.
706 557 745 611 IX
755 559 798 612 38.
818 559 896 612 δοκεῖ
908 559 947 622 δέ,
968 561 1083 630 φησὶνὸ
1100 561 1247 630 Θρασύλος,

127 652 240 718 ζηλωτὴς
268 654 411 719 γεγονέναι
438 652 485 702 καὶ
509 659 563 700 τῶν
582 653 793 720 Πυθαγορικῶν.
823 649 956 700 ἀλλὰκαὶ
976 649 1130 700 αὐτοῦτοῦ
1149 654 1249 702 Πυθα-

127 741 213 812 γόρου
239 743 379 812 μέμνηται
406 739 558 809 θαυμάζων
586 739 671 789 αὐτὸν
698 738 728 789 ἐν
756 739 793 804 τῷ
821 739 959 808 ὁμωνύμῳ
988 739 1194 808 συγγράμματι.
1215 761 1249 773 ·-

127 832 238 888 πάντως
254 833 352 900 μέντοι
370 837 424 879 τῶν
443 833 646 898 Πυθαγορικῶν
665 845 738 886 τινος
761 827 881 878 ἀκοῦσαί
907 843 993 896 φησιν
1020 827 1104 878 αὐτὸν
1130 829 1249 885 Γλαῦκος
1342 872 1345 878 .

127 911 280 986 ὁῬηγῑνος,
299 917 370 968 κατὰ
388 916 452 974 τοὺς
472 915 571 974 αὐτοὺς
586 915 705 984 χρόνους
724 915 798 981 αὐτῷ
816 915 941 982 γεγονώς.
962 917 1031 984 φησὶ
1050 913 1082 970 δὲ
1099 909 1248 966 καὶἈποί-

128 1005 250 1077 λόδωρος
269 1007 284 1056 ὁ
303 1005 451 1070 Κυζικηνὸς
471 1005 599 1078 Φιλολάῳ
619 1003 703 1054 αὐτὸν
722 1006 927 1071 συγγεγονέναι.

200 1092 229 1147 d.
259 1089 433 1146 Obliviscitur
460 1089 504 1144 hic
530 1090 654 1158 scriptor,
683 1092 776 1154 antea,
805 1091 881 1158 Diog.
901 1089 931 1142 11
956 1089 1005 1154 14,
1033 1089 1193 1142 contrarium
1221 1103 1249 1142 se

127 1182 263 1236 retulisse:
282 1177 390 1247 (Ἀναξ.)
410 1180 512 1241 ἔδοξε.
533 1221 538 1232 .
559 1221 564 1232 .
584 1184 748 1252 Δημοκρίτου
767 1181 897 1249 ἀπεχθῶς
921 1181 1075 1248 ἐσχηκέναι,
1101 1179 1250 1248 ἀποτυχὼν

128 1280 174 1339 τῆς
193 1273 262 1342 πρὸς
281 1271 365 1322 αὐτὸν
382 1271 561 1338 κοινολογίας.

6 1451 8 1480 ⁷
60 1465 127 1506 rusa
195 1447 288 1529 Diog.
310 1447 358 1510 IX
381 1454 433 1512 45.
475 1440 523 1510 Τὰ
544 1447 577 1509 δὲ
591 1449 696 1528 βιβλία
711 1441 808 1511 αὐτοῦ
823 1449 870 1510 καί
885 1439 1046 1529 Θρασύλος
1062 1439 1250 1530 ἀναγέγραφε
1304 1457 1356 1499 non

127 1553 206 1620 κατὰ
228 1547 314 1630 τάξιν
337 1551 435 1628 οὕτως
458 1547 583 1637 ὡσπερεί
607 1557 654 1617 καὶ
670 1547 708 1616 τὰ
723 1551 904 1631 Πλάτωνος,
928 1546 1006 1616 κατὰ
1021 1555 1213 1636 τετραλογίαν
1227 1559 1249 1616 ⁸.

58 1715 96 1756 aa
110 1714 131 1754 a·
197 1688 260 1762 Cic.
277 1695 372 1761 'Orat
391 1703 440 1761 et.
478 1696 593 1776 Itaque
617 1695 707 1759 uideo
722 1696 827 1759 msam
844 1714 912 1759 esse
928 1695 1088 1758 nonnullis
1104 1693 1247 1757 Platonis
1275 1697 1364 1791 affl,

128 1807 162 1870 et
183 1804 358 1868 Democriti
380 1803 583 1878 locutionem,
604 1803 664 1866 etsi
688 1803 771 1866 absit
794 1821 813 1865 a
835 1821 939 1878 versu,
962 1803 1072 1864 tamen
1096 1800 1179 1881 quod
1201 1801 1250 1863 in-

128 1911 260 1976 citatius
295 1909 417 1974 feratur
448 1911 480 1972 et
510 1907 694 1972 clarissimis
726 1910 895 1973 verborum
921 1908 1099 1972 ,luminibus
1130 1909 1251 1984 utatur,

127 2017 238 2100 potius
261 2034 375 2098 poema
397 2015 577 2098 putandum
602 2033 698 2095 quarn
723 2015 914 2078 comicorum
934 2016 1101 2096 poetarum
1114 2011 1136 2077 b.

202 2135 232 2178 a.
260 2121 385 2189 Sequitur
404 2123 556 2190 conspectus
574 2119 700 2173 librarum
711 2120 861 2184 Democriti,
877 2119 907 2172 de
922 2135 972 2187 qno
986 2136 1009 2172 v.
1022 2119 1250 2184 Schleierrnachcr,

128 2209 179 2279 Op.
199 2209 275 2264 Omn.
294 2209 346 2262 III.
365 2212 428 2262 sect.
448 2209 492 2262 III
511 2208 669 2262 aaa-305.
706 2207 825 2262 Mullach
843 2210 960 2262 Democr.
980 2207 1074 2276 fragm.
1090 2207 1252 2262 100-159.

129 2299 175 2352 Dr.
186 2297 334 2362 Nietzsche‚
354 2297 440 2351 Βατία.
456 2314 479 2351 a.
490 2295 693 2365 Qaellcakaade
704 2314 731 2349 a.
747 2296 841 2350 Kritile
852 2297 877 2350 ci.
888 2296 1018 2350 Laertius
1029 2296 1122 2364 Βίου,
1133 2295 1252 2349 Gratul-

19 2403 22 2408 ‘
128 2385 216 2453 Salar,
235 2386 320 2440 Basel
331 2387 409 2450 1870,
424 2403 449 2454 p.
460 2385 510 2439 22:
530 2385 561 2438 de
572 2383 698 2454 Thrasyli
716 2384 801 2438 indice
822 2384 947 2438 librorum
963 2385 1036 2438 Dein.
1055 2381 1176 2438 Plurima
1192 2399 1252 2436 eum

128 2475 267 2544 scripsisse
280 2473 360 2528 refert
369 2473 437 2528 idem
449 2475 525 2542 Diog.
537 2477 549 2528 I
561 2477 603 2528 16.
623 2474 698 2540 Quae
707 2473 807 2527 nomini
817 2474 873 2526 eins
884 2471 1027 2526 adhaerent
1040 2471 1166 2526 librorum
1181 2471 1252 2540 frag·

129 2567 221 2618 menta
239 2565 266 2616 et
284 2564 368 2628 tituli,
388 2562 422 2616 ad
440 2563 526 2617 omnia
547 2563 703 2631 leregenera
717 2564 816 2616 artium
830 2564 978 2631 pertinent:
999 2562 1133 2630 physicam
1150 2561 1252 2614 mathe-

129 2653 260 2706 maticam
274 2652 389 2706 ethicam
403 2653 530 2706 musicam
545 2652 749 2720 grammaticam
764 2651 943 2704 mechanicam
961 2651 1175 2717 meteorologiam
1193 2665 1253 2716 geo*

129 2741 281 2810 graphiam.
301 2741 342 2795 ef.
354 2739 451 2794 Seneca
460 2741 508 2809 Ep.
519 2742 562 2806 90,
572 2741 616 2794 32.
635 2741 739 2794 Vitrnv.
754 2739 785 2794 de
795 2739 897 2794 Archit.
908 2739 988 2808 praei.
1010 2738 1151 2807 Agathem.
1161 2737 1251 2804 Comp.

130 2829 227 2899 Geogr.
242 2829 286 2882 11
301 2829 370 2882 hunc
389 2830 458 2884 inter
476 2846 518 2882 eos
536 2829 665 2894 nominat,
685 2829 780 2898 quihus
799 2829 909 2882 ducibus
928 2827 1091 2896 geographia
1109 2828 1253 2896 plurimum

130 2919 278 2988 profecerit.
297 2917 366 2972 Item
383 2934 476 2972 nomen
489 2918 633 2972 Democriti
647 2918 800 2971 creberrime
814 2917 914 2986 legitur
924 2917 951 2970 in
962 2915 1080 2969 Eudoril
1095 2932 1119 2984 q.
1130 2915 1149 2969 f.
1160 2919 1217 2968 arte
1227 2917 1254 2967 et

129 3009 159 3062 in
170 3010 379 3080 παραπήγμασι
389 3007 491 3061 Gemini
507 3009 534 3060 et
543 3006 696 3060 Ptolemaei.
721 3005 795 3072 Quod
805 3005 950 3074 Thrasylus
961 3007 994 3059 15
1004 3003 1162 3073 tetralogias
1173 3003 1253 3058 libro-

96 3166 99 3173 ·
133 3111 190 3150 rum
210 3097 432 3151 Democriteorum
456 3095 601 3164 disposuit,
621 3111 672 3148 non
692 3095 796 3159 obstat,
820 3095 960 3162 quominus
978 3092 1118 3146 nonnullos
1138 3093 1253 3146 incertae

131 3185 194 3239 fidei
213 3201 272 3240 enm
291 3185 416 3253 recepisse
436 3183 580 3238 credamus.
617 3184 684 3237 Erw.
705 3183 795 3238 Rhode
820 3185 848 3237 in
875 3185 933 3236 Aet.
959 3182 1029 3236 Phil.
1049 3181 1151 3234 Trnver.
1179 3181 1253 3248 Lips.

133 3275 212 3338 1880,
232 3291 257 3342 p.
278 3273 329 3328 70¹
354 3277 489 3342 suspectas
516 3272 598 3326 habet
622 3288 791 3341 quaecunque
814 3271 958 3326 Dernocriti
985 3271 1016 3324 de
1041 3268 1202 3324 animalibus
1227 3272 1254 3321 et

132 3364 234 3432 plantis
253 3363 388 3431 opiniones
407 3362 527 3415 ferantur
545 3361 615 3430 apud
633 3363 774 3430 scriptores
790 3360 971 3428 Theophrasto
996 3359 1160 3412 recentiores.
1198 3357 1254 3410 Mo-

132 3451 231 3506 ralium
249 3467 309 3506 vero
327 3451 518 3505 sententiarum
536 3452 642 3504 tantam
661 3465 715 3504 esse
741 3449 846 3502 turbam
866 3465 897 3502 ac
916 3447 1089 3502 colluvionem
1107 3448 1139 3498 ut
1157 3445 1253 3498 diiudi-

134 3541 189 3594 cari
207 3541 263 3594 iarn
281 3553 333 3592 non
347 3542 435 3607 queat,
455 3555 521 3607 quae
531 3539 661 3607 genuinae
674 3539 730 3592 sint
743 3552 810 3606 quae
823 3537 908 3590 falsae
923 3535 997 3604 (ibid.
1009 3532 1079 3603 70²).
1118 3535 1254 3588 Austerior

132 3629 214 3682 etiam
234 3644 324 3682 censor
342 3631 383 3681 ost
401 3628 476 3693 Rosa,
496 3627 526 3680 de
540 3627 623 3681 Arist.
638 3627 698 3681 libr.
714 3627 768 3681 ord.
784 3629 808 3682 6.
845 3627 882 3680 nt
900 3625 1028 3693 Lortaing
1046 3623 1152 3687 statuit,
1172 3622 1254 3676 libros

133 3723 197 3790 περὶ
216 3719 351 3788 εὐθυμίης
369 3719 396 3770 et
415 3719 557 3784 ὑποθήκας
575 3717 719 3770 Democriti
738 3731 793 3768 esse
811 3715 887 3782 (iiber
906 3713 932 3767 d·
952 3715 1004 3768 atla.
1023 3712 1134 3780 Frapm.
1155 3711 1182 3764 ci.
1198 3712 1254 3766 De·

133 3805 319 3874 moltaPropr.
331 3805 501 3864 Berensis).
520 3804 599 3858 cla.
608 3804 706 3867 Hirael,
717 3803 831 3857 Hermes
841 3801 906 3855 XIV
916 3801 1066 3856 ael—407.
1082 3800 1255 3854 Vehementer

134 3893 241 3948 aberrat
256 3910 273 3947 a
286 3909 345 3948 vera
364 3896 456 3948 auctor
466 3891 563 3946 Saldae
573 3909 597 3946 v.
610 3895 797 3967 Appenninos·
817 3894 917 3961 γνήσια
937 3891 971 3944 δὲ
989 3892 1076 3944 αὐτοῦ
1093 3891 1184 3956 βιβλία
1200 3893 1255 3942 eloi

135 3983 195 4048 dria,
217 3983 233 4036 d
251 4002 279 4036 τε
298 3987 398 4052 Μέγας
417 3985 578 4053 Διακοσμος
598 3981 631 4046 (is
649 3997 709 4034 vero
727 3980 853 4048 Leucippi
872 3983 913 4032 est
931 3996 954 4031 v.
969 3985 1013 4031 a?
1033 3978 1092 4040 143,
1112 3977 1140 4043 h)
1158 3981 1204 4030 καὶ
1224 3979 1255 4030 τὸ

136 4076 206 4142 Περὶ
221 4075 329 4142 φύσεως
342 4073 456 4144 κόσμου.
495 4070 639 4138 Thrasylus
648 4069 839 4138 grammaticus
849 4067 968 4136 idemque
976 4065 1189 4130 mathematicus,
1209 4065 1255 4133 qul

135 4162 170 4213 τὰ
198 4163 254 4232 πρὸ
281 4169 327 4227 της
352 4163 530 4229 ἀναγνώσεως
554 4171 608 4211 τῶν
627 4163 803 4230 Δημοκρίτου
821 4160 931 4225 βιβλίων
954 4155 1102 4224 composuit
1120 4159 1172 4220 (BP
1193 4153 1255 4220 144)

136 4247 203 4301 vixit
221 4247 386 4316 temporibus
403 4247 515 4312 Tiberii,
534 4264 558 4300 v.
578 4247 610 4300 C.¹
628 4247 657 4299 D.
677 4247 811 4299 Hermann
830 4244 888 4298 Iud.
908 4245 969 4298 lect
989 4243 1109 4312 Gotting.
1130 4242 1256 4308 labasse.

208 4423 236 4492 1)
249 4423 377 4486 Εὐδόξου
395 4429 475 4494 τέχνη
494 4423 533 4477 ed.
553 4423 653 4477 Brunet
671 4421 702 4476 de
721 4421 810 4476 Presle
827 4437 852 4490 p.
873 4421 917 4482 74.
