3146 4982
674 329 820 398 Epictetus.
874 347 876 354 ’
1255 327 1309 390 4λὸ

183 490 259 544 ὅπου
278 491 294 556 ἡ
314 491 396 544 οὐσία
416 499 466 544 τοῦ
484 497 559 553 θεοῦ,
586 491 644 544 ἐκεῖ
661 491 731 547 εἶναι
749 495 796 546 καὶ
815 491 863 556 την
882 500 931 544 τοῦ
949 492 1068 560 ἀγαθοῦ.
1097 496 1138 552 τίς
1157 487 1206 544 ούν
1225 492 1307 544 οὐσία

184 585 267 644 θεοῡ;
287 581 356 652 σάρξ
368 603 376 644 ,·
394 581 434 651 μὴ
453 583 570 648 γένοιτο.
600 581 699 654 ἀγρός,·
717 580 757 652 μὴ
776 584 893 648 γένοιτο.
922 581 1000 652 φήμη
1008 603 1015 644 ,·
1033 581 1074 653 μὴ
1092 585 1207 652 γένοιτο.
1237 589 1307 646 νοῦς,

186 669 332 740 ἐπιστήμη,
361 670 442 736 λόγος
466 669 565 739 όρθός;
594 673 646 720 ναί.
680 671 802 720 ἐνταῦθα
822 675 916 722 τοίνυν
942 670 1034 728 ἁπλῶς
1053 669 1122 733 ζητει
1142 669 1190 734 τὴν
1209 669 1308 721 οὐσίαν

186 767 235 809 τοῦ
263 757 382 826 ἀγαθοῦ,
419 755 458 808 Ib
477 755 586 821 Π1,4
614 757 731 822 ἧούσία
759 766 810 809 τοῦ
837 759 950 826 ιἰγαθοδ
968 758 1044 810 ἐστιν
1069 759 1098 810 έν
1118 759 1216 842 χρήσει
1236 750 1307 828 φαν·

186 857 289 898 τασιῶν
307 847 354 898 καὶ
372 853 423 896 του
440 855 526 898 κακοῦ
545 846 681 908 ὡσαύτως,
711 841 794 898 τδιδ
813 847 982 919 ἀπροαίρετον
1008 847 1070 898 ούτε
1089 847 1138 912 τὴν
1156 856 1205 898 τοῦ
1222 855 1308 900 κακοῦ

185 934 296 1004 δέχεται
315 935 403 1004 φύσιν
421 937 483 986 οὔτε
503 935 551 1000 τὴν
569 943 620 986 τοῦ
637 935 756 1002 ἀγαθοῦ.
803 995 806 1001 Α

256 1051 282 1094 ο.
301 1038 466 1093 Felicitatem
491 1039 560 1094 enim
584 1041 613 1092 ei
635 1039 787 1094 libertatem
817 1039 841 1092 ie
868 1039 919 1094 eibi
942 1041 1105 1110 comparabit
1130 1040 1175 1110 qui
1199 1043 1307 1099 externa

186 1131 351 1182 contemnere
375 1131 403 1180 el
428 1128 514 1182 emnia
537 1127 682 1182 toleranter
706 1128 819 1198 perferre
844 1127 979 1182 didicerit:
1008 1128 1077 1182 unde
1101 1145 1229 1188 summam
1248 1129 1307 1182 dee-

186 1217 271 1270 irinee
289 1217 439 1286 Epicteeeae
458 1217 544 1270 venire
569 1217 597 1269 in
614 1217 679 1269 haee
696 1217 736 1270 eit
756 1214 857 1270 Gellius
876 1215 952 1269 XVII
974 1217 1015 1284 19,
1036 1219 1064 1271 6:
1094 1219 1224 1288 ἀνέχου
1251 1223 1309 1271 καὶ

187 1309 329 1378 ἀπέχου.
357 1306 428 1359 Man.
439 1305 508 1372 48,1
530 1307 689 1376 φιλοσόφου
709 1307 806 1367 στάσις
823 1310 870 1363 καὶ
885 1309 1038 1378 χαρακτήρ·
1058 1317 1154 1360 πᾶσαν
1173 1309 1308 1378 ὠφέλειαν

186 1399 232 1448 καὶ
250 1399 352 1464 βλάβην
370 1396 399 1456 ἐξ
417 1395 518 1448 ἑαυτοῦ
536 1395 690 1468 προσδοκᾷ,

131 1571 177 1612 ⁴⁶⁹
253 1556 336 1620 Dies.
359 1553 406 1618 IV
434 1566 461 1632 1,
486 1565 515 1622 1.
557 1543 751 1642 Ἐλεύθερύς
773 1552 863 1622 ἐστιν
885 1554 903 1620 ὁ
926 1553 989 1634 ζῶν
1012 1555 1057 1632 ὡς
1078 1555 1247 1639 βούλεται·
1269 1551 1306 1622 ὃν
1353 1608 1357 1616 .

186 1651 257 1726 e'e'e'
277 1660 460 1746 ἀναγκάσαι
490 1655 579 1726 ἐστιν
602 1659 674 1726 olive
702 1661 846 1726 κωλῦσαι
875 1659 947 1728 ούτε
969 1659 1174 1744 βιάσασθαι·
1210 1655 1249 1726 οὗ
1270 1657 1306 1728 αί

186 1766 289 1855 ὁρμαί
317 1766 575 1850 όνεμπόδιστοι,
601 1763 636 1832 αὶ
660 1764 781 1858 ὀρέξεις
804 1765 1045 1846 ἐπιτευκτικαί,
1081 1763 1116 1832 ei
1147 1765 1308 1848 ἐκκλίσεις

186 1871 422 1961 οἷπερίπτωτοι.
463 1871 515 1950 τίς
552 1869 607 1938 οὖν
636 1872 729 1938 θέλει
764 1873 819 1961 ζῆν
853 1873 1047 1960 ἁμαρτάνων
1054 1903 1064 1954 ,·
1098 1871 1210 1951 οὐδείς.
1257 1871 1308 1958 τίς

185 1979 278 2048 θέλει
307 1981 363 2068 ζῆν
394 1979 647 2063 ἐξαπατώμενος
670 1976 874 2066 προπίπτων
897 1979 1009 2058 δίδικος
1033 1979 1093 2058 ὤν,
1127 1978 1308 2058 ἀκόλαστος

186 2081 424 2174 μεμψίμοιροςΙ
439 2085 611 2167 ταπεινός,·
646 2083 758 2164 ούδείς.
804 2084 907 2163 οὐδεὶς
930 2085 994 2172 ύίρα
1024 2097 1088 2150 τῶν
1111 2086 1244 2173 φαύλων
1267 2083 1308 2174 ζῇ

187 2195 231 2272 ὡς
259 2193 430 2278 βούλεται·
464 2192 501 2258 ού
531 2189 636 2258 τοίνυν
666 2181 738 2258 ούδ)
758 2191 926 2278 ἐλεύθερός
958 2190 1036 2256 ἐστι.
1072 2189 1137 2269 τίς.
1154 2190 1192 2263 88
1207 2189 1308 2259 θέλει

186 2301 383 2382 λυπούμενος
412 2299 468 2385 ζην
500 2300 713 2387 φοβούμενος,
737 2303 871 2386 φθονῶν
901 2296 1017 2378 ἐλεῶν,
1044 2295 1228 2384 ὀρεγόμενος
1250 2294 1307 2364 καί

186 2406 430 2492 ἀποτυγχάνων,
460 2403 614 2472 ἐκκλίνων
641 2403 698 2472 καί
721 2401 936 2492 περιπίπτων
943 2433 953 2486 ,·
977 2402 1089 2482 οὐδείς.
1121 2401 1231 2489 ἔγεμεν
1254 2401 1308 2470 oie

185 2539 258 2580 τινα
282 2527 346 2578 τῶν
362 2513 495 2600 φαύλων
511 2511 638 2578 άλυπον
653 2511 778 2600 ἄφοβον
793 2508 1026 2598 ἀπερίπτωτον
1049 2509 1307 2593 δναπότευκτονς

186 2619 308 2687 οὐδένα.
344 2618 401 2684 οὐκ
424 2617 489 2706 όίρα
513 2617 587 2686 οὐδὲ
609 2617 803 2706 ἐλεύθερονθ.

258 2759 286 2801 11.
305 2743 375 2798 Men.
396 2743 446 2808 14,
467 2743 481 2798 1
511 2746 559 2798 ἐὰν
582 2746 663 2816 θέλῃς
682 2745 716 2796 τὰ
736 2747 817 2798 τέκνα
836 2759 889 2796 σου
906 2746 954 2796 καὶ
973 2743 1021 2808 τὴν
1039 2749 1159 2811 γυναῖκα
1178 2747 1225 2796 καὶ
1244 2743 1308 2804 τούς

179 2839 284 2904 φίλους
303 2837 423 2888 πάντοτε
442 2835 494 2900 ζῆν,
514 2835 621 2900 ἠλίθιος
639 2833 675 2886 εί·
695 2835 729 2886 τά
748 2834 802 2903 γάρ
819 2833 859 2904 μὴ
877 2834 925 2886 eni
940 2835 984 2884 eol
1000 2833 1089 2892 θέλεις
1107 2834 1154 2884 ἐπὶ
1169 2835 1215 2884 σοὶ
1230 2831 1307 2895 εἶναι,

185 2925 285 2976 καὶτὰ
305 2924 434 2994 ἀλλότρια
454 2923 490 2974 σὰ
509 2921 586 2974 εἶναι.
616 2922 688 2974 οὕτω
711 2923 763 2974 κᾶν
789 2922 837 2974 τὸν
856 2921 947 2974 παῖδα
966 2923 1048 2994 θέλῃς
1071 2922 1111 2992 μὴ
1131 2922 1307 2994 ἁμαρτάνειν,

183 3014 277 3086 μωρὸς
295 3011 331 3066 εἶ’
360 3014 449 3070 θέλεις
468 3012 522 3084 γὰρ
541 3011 589 3076 τὴν
607 3015 706 3063 κακίαν
723 3011 763 3081 μὴ
782 3009 852 3062 εἶναι
866 3013 966 3062 κακίαν
984 3003 1046 3062 ἀλλ’
1065 3011 1130 3062 ἄλλο
1149 3028 1182 3062 τι.
1207 3008 1307 3063 ἐὰνδὲ

186 3103 266 3174 θέλῃς
286 3101 448 3172 ὀρεγόμενος
464 3101 505 3170 μὴ
524 3101 742 3170 ἀποτυγχάνειν,
768 3107 850 3152 τοῦτο
870 3099 998 3152 δύνασαι.
1028 3107 1110 3152 τοῦτο
1130 3095 1308 3151 οὗνίλσκειὸ

187 3177 315 3243 δύνασαι.
352 3179 450 3257 Aptiue
468 3187 539 3240 Men.
560 3187 638 3254 121
667 3192 791 3261 κρεῖττον
814 3188 848 3242 δὲ
874 3189 922 3240 τὸν
940 3187 1033 3240 παῖδα
1051 3189 1136 3240 κακὸν
1154 3186 1225 3240 εἶναι
1242 3190 1258 3252 ἢ
1278 3186 1308 3240 σε

185 3279 386 3350 κακοδαίμονα.
407 3307 440 3316 -
459 3277 519 3330 Νοο
538 3276 613 3330 mede
632 3279 755 3346 parentes
774 3293 804 3329 ee
817 3275 977 3329 neeessariee
996 3275 1136 3334 sedetiam
1154 3273 1267 3344 petriam
1280 3274 1309 3330 in

183 3366 395 3422 indifferentibus
414 3381 509 3436 ponere
527 3365 608 3430 (Dies.
627 3364 641 3418 I
659 3365 703 3431 22,
723 3366 758 3418 10
765 3381 818 3434 eq.;
837 3363 916 3430 1113,
931 3362 1017 3433 5ος),
1036 3380 1120 3434 neque
1132 3362 1309 3419 misericordie

187 3455 271 3524 abripi
289 3453 416 3529 sapientie
435 3470 492 3508 esse
510 3454 647 3507 censebat:
665 3453 736 3508 Man.
756 3455 790 3508 16
808 3455 878 3508 ὅταν
895 3456 1025 3506 κλαίοντα
1040 3454 1101 3526 ἴδῃς
1119 3453 1181 3508 τινὰ
1199 3452 1229 3507 ἐν
1243 3455 1309 3506 πέν-

186 3550 231 3598 θει
250 3547 265 3610 ἢ
285 3543 501 3616 ἀποδημοῦντος
526 3546 621 3596 τέκνου
639 3547 655 3608 ἢ
674 3543 869 3604 ἀποθανόντος
880 3545 903 3607 ἢ
922 3543 1114 3601 ἀπολωλεκότα
1132 3542 1174 3594 ’τότ
1199 3540 1307 3606 ἑαυτοῦ,

187 3634 308 3703 πρόσεχε
330 3634 370 3704 μή
389 3649 419 3686 σε
438 3634 454 3698 ἡ
473 3637 617 3702 φαντασία
637 3633 801 3705 συναρπάση
827 3633 863 3692 ὡς
881 3632 910 3684 ἐν
927 3635 1023 3690 κακοῖς
1048 3633 1127 3690 όντος
1146 3631 1233 3684 αὐτοῦ
1251 3635 1309 3690 τοῖς

187 3722 272 3781 ἐκτός·
298 3716 359 3774 ἀλλ’
376 3722 459 3781 εὐθὺς
478 3721 580 3791 διαίρει
606 3723 683 3793 παρὰ
702 3722 808 3788 σεαυτῷ
826 3723 873 3774 καὶ
891 3722 980 3788 λέγειν
1003 3719 1074 3772 ἔστω
1092 3722 1241 3792 πρόχειρον
1266 3720 1308 3772 ὅτι

176 3820 287 3864 .τοοτον
305 3812 395 3877 θλίβει
414 3811 448 3862 οὐ
467 3811 498 3862 τὸ
517 3811 686 3882 συμβεβηκός
703 3811 801 3875 (ἄλλον
819 3811 875 3917 γὰρ.
890 3811 932 3861 ού
943 3807 1053 3874 θλίβει),
1072 3809 1141 3862 ἀλλὰ
1160 3809 1193 3860 τό
1211 3808 1307 3878 δόγμα

188 3900 220 3950 τὸ
239 3902 301 4006 περὶ
319 3900 426 3951 τούτου.
457 3901 541 3969 μέχρι
564 3902 662 3970 μέντοι
686 3900 771 3966 λόγου
793 3898 847 3970 μὴ
845 3901 925 3952 όκνει
944 3900 1205 4003 συμπεριφέρεσθαι
1225 3897 1307 3964 αὐτῷ,

187 3989 239 4039 κάν
264 3988 335 4040 οὕτω
360 3988 439 4058 τύχῃ,
468 3991 514 4040 καὶ
539 3988 777 4047 συνεπιστενάξαι.
812 3987 929 4058 πρόσεχε
953 3989 1051 4058 μέντοι
1074 3985 1114 4056 μὴ
1138 3989 1184 4037 καὶ
1203 3984 1309 4037 ἔσωθεν

103 4087 106 4096 “
188 4077 324 4146 στενάξῃς.
1192 4079 1195 4086 “
1218 4079 1223 4092 ’

129 4233 176 4274 ero
252 4217 337 4280 Man.
370 4225 420 4282 11.
475 4212 700 4304 Μηδέποτε
684 4214 743 4280 επὶ
772 4209 960 4318 μηδενὸς
935 4209 1032 4302 είπῃς
1057 4205 1114 4280 ότι
1125 4193 1304 4302 ἀπώλεσα
1323 4226 1495 4324 νῃῃῃῃῃῃῃῃ

187 4317 281 4403 αύτό,
316 4311 430 4388 άλλη
411 4347 462 4388 οτι
492 4313 659 4387 ἀπέδωκα.
695 4321 734 4388 τὸ
764 4309 900 4386 παιδίον
922 4315 1108 4402 άπύθανεν,·
1139 4314 1303 4408 ύπεδόθη.
1358 4345 1466 4386 persen-0

187 4430 206 4515 ἡ
228 4429 304 4516 γυνη
327 4428 510 4510 άπὲθανενς
533 4427 696 4516 ἀπεδόθη.
720 4428 758 4493 τὸ
775 4423 897 4514 χωρίον
919 4424 1107 4515 ἀφῃρέθης
1104 4424 1228 4492 οίίκουν
1250 4423 1307 4492 καὶ
