3148 4984
282 325 337 388 554
751 331 941 401 Neopleioniei.

283 513 348 554 των
370 487 427 554 καὶ
456 487 539 576 ὑπέρ
563 501 675 555 πᾶσαν
703 490 813 580 νόησιν
835 497 1036 578 θεοπρεπῶς
1059 489 1290 577 ἐνεργουμένων
1313 492 1406 558 τελε-

283 593 433 682 σιουργία
463 597 484 684 η’
514 620 550 662 τε
578 610 644 662 τῶν
672 597 849 680 νοουμένων
878 601 949 676 τοῖς
978 602 1072 675 θεοῖς
1099 597 1211 681 μόνοις
1233 599 1406 682 συμβόλων

283 700 481 790 ἀφθέγκτων
503 703 637 787 δύναμις
660 699 810 793 ἐντίθησι
832 707 889 794 τὴν
911 707 1106 793 θεουργικὴν
1128 702 1248 770 ἕνωσιν.
1287 705 1406 792 διόπερ

283 806 358 876 οὐδὲ
379 807 428 896 τῷ
450 813 533 876 νοεῖν
557 808 640 876 αὐτὰ
657 810 855 898 ένεργοῦμεν·
879 809 973 878 ἔσται
997 814 1058 900 γὰρ
1082 813 1166 878 ούτω
1189 813 1283 897 νοερά
1299 809 1406 876 αὐτῶν

282 911 467 1003 ἡένέργεια
496 914 554 982 καί
584 905 648 1005 ἀφ’
667 919 756 1005 ἡμῶν
778 916 981 1008 ένδιδομένη·
1015 920 1053 984 τὸ
1076 906 1110 984 δ’
1129 916 1294 1005 οὐδέτερόν
1317 916 1405 984 ἐστιν

283 1020 415 1110 ἀληθές.
450 1021 507 1088 καί
524 1025 584 1110 γὰρ
599 1025 645 1112 με)
661 1023 817 1090 νοούντων
839 1028 928 1113 ἡμῶν
951 1024 1035 1091 αὐτὰ
1057 1027 1099 1090 τὰ
1122 1027 1317 1113 συνθήματα
1339 1013 1403 1113 ἀφ’

284 1124 406 1195 ἑαυτῶν
439 1127 502 1217 δρᾷ
536 1130 574 1196 τὸ
608 1127 728 1197 οἰκεῖον
762 1127 854 1219 ἔργον
884 1132 941 1198 καί
973 1135 1079 1220 ἡτῶν
1101 1137 1206 1212 θεῶν,
1242 1133 1327 1220 πρὸς
1350 1128 1406 1209 οὓς

283 1233 393 1323 ἀνήκει
414 1247 528 1318 ταῦτα,
552 1235 691 1326 δίρρητος
713 1239 851 1322 δύναμις
874 1238 955 1327 αὕτη
977 1228 1041 1328 ἀφ’
1059 1237 1175 1327 ἑαυτῆς
1198 1238 1406 1324 ἐπιγινώσκει

281 1342 342 1418 τὰς
372 1338 494 1420 οἰκείας
522 1340 663 1425 εἰκόνας,
692 1335 767 1410 ἀλλ’
786 1345 823 1411 οὐ
845 1347 893 1433 τῷ
916 1343 1135 1434 διεγείρεσθαι
1159 1347 1225 1412 ὑπὸ
1247 1358 1304 1434 της
1327 1347 1406 1433 ἡμε-

282 1446 379 1535 τέρας
401 1450 556 1537 νοήσεως·
578 1449 654 1517 οὐδὲ
676 1454 737 1537 γὰρ
760 1449 825 1534 iicet
848 1454 947 1541 φύσιν
968 1454 1011 1518 τά
1034 1451 1228 1540 περιέχοντα
1251 1453 1318 1518 ὑπὸ
1340 1465 1406 1517 τῶν

283 1555 516 1641 περιεχομένων
539 1556 613 1623 οὐδὲ
635 1560 677 1623 τά
699 1557 808 1624 τέλεια
832 1560 899 1625 ὑπὸ
920 1571 985 1624 τῶν
1007 1559 1131 1625 ἀτελῶν
1161 1548 1233 1625 οὐδ’
1252 1559 1318 1624 ὑπὸ
1340 1572 1407 1624 τῶν

282 1675 389 1747 μερῶν
403 1664 445 1727 τὰ
460 1663 521 1728 δ’λα
537 1662 798 1730 ἀνακινεῖσθαι·.
822 1666 902 1732 ὅθεν
924 1667 964 1754 δὴ
980 1655 1053 1732 οὐδ’
1067 1667 1133 1731 ὑπὸ
1156 1679 1221 1731 τῶν
1243 1663 1407 1753 ἡμετέρων

282 1768 420 1855 νοήσεων
441 1768 690 1858 προηγουμένως
717 1773 760 1837 τὰ
782 1775 863 1837 θεῖα
886 1769 981 1839 α’ίτια
1003 1773 1224 1859 προκαλεῖται
1247 1768 1294 1849 εἰς
1316 1770 1405 1858 ένέρ-

282 1897 398 1958 γειαν,1
419 1874 504 1941 ἀλλὰ
535 1877 657 1954 ταύτας
691 1877 751 1961 μὲν
785 1878 842 1943 καὶ
870 1881 931 1957 τὰς
953 1879 1033 1956 ὅλας
1055 1891 1113 1966 της
1136 1891 1242 1966 ψυχῆς
1265 1875 1406 1965 ἀρίστας

282 1979 452 2060 διαθέσεις
474 1981 532 2048 καὶ
553 1985 611 2072 τὴν
634 1983 711 2071 περὶ
734 1987 820 2071 ἡμᾶς
842 1985 1059 2074 καθαρότητα
1083 1987 1128 2063 ὡς
1150 1981 1302 2050 συναίτια
1319 1983 1405 2050 όττα

282 2092 554 2173 προϋποκεῖσθαι
582 2091 659 2178 χρή,
693 2092 736 2156 τά
765 2080 800 2156 δ’
818 2093 862 2169 ὡς
885 2089 1003 2178 κυρίως
1036 2089 1199 2179 ἐγείροντα
1227 2093 1284 2179 τὴν
1306 2089 1407 2157 θείαν

282 2192 419 2282 θέλησιν
442 2193 526 2260 αύτά
555 2198 598 2262 τὰ
620 2196 701 2262 θεῖά
729 2195 799 2262 ἔστι
823 2199 1035 2286 συνθήματα·
1070 2197 1128 2264 καὶ
1151 2200 1252 2275 οὕτως
1274 2199 1316 2262 τὰ
1340 2211 1407 2262 τῶν

281 2305 370 2366 θεῶν
400 2300 483 2366 αύτά
506 2292 565 2390 ὑφ’
584 2299 707 2368 ἑαυτῶν
729 2303 929 2370 ἀνακινεῖται
961 2294 1023 2370 ὑπ’
1041 2303 1168 2382 ούδευδς
1197 2318 1261 2369 τῶν
1283 2305 1406 2370 ὑποδε-

282 2405 419 2493 εστέρων
433 2406 619 2490 ένδεχόμωά
634 2433 708 2474 τινα
724 2406 770 2488 εἰς
786 2407 886 2476 ἑαυτὰ
910 2410 1007 2499 ἀρχὴν
1022 2423 1080 2498 της
1095 2407 1218 2488 οἰκείας
1235 2408 1404 2495 ἐνεργείας.

353 2562 382 2604 κ.
401 2547 530 2603 Similiter
547 2549 609 2604 112
627 2568 718 2621 preces
736 2569 787 2606 non
807 2552 869 2606 dees
888 2553 921 2606 ad
939 2570 987 2606 nos
1002 2553 1140 2607 detrahere
1154 2551 1275 2619 affirmat,
1296 2553 1342 2605 sed
1356 2570 1405 2606 nos

282 2635 316 2690 ed
334 2637 395 2691 deos
414 2637 529 2692 evehere.

229 2856 243 2884 1
350 2833 396 2898 Ib.
421 2835 450 2897 V
476 2843 517 2900 14
540 2856 571 2919 p.
595 2844 658 2902 217
672 2837 707 2901 P.
751 2825 850 2922 Ἀρχὴ
874 2836 910 2902 δὲ
933 2850 1051 2902 πασῶν
1073 2833 1200 2924 ἀρίστη,
1223 2833 1243 2924 ἣ
1266 2848 1324 2923 της
1340 2849 1456 2900 τῶνεεε

282 2944 371 3004 θεῶν
392 2939 515 3019 τάξεως
536 2942 593 3006 τὸν
615 2943 739 3025 θεσμὸν
761 2955 825 3006 τῶν
847 2948 974 3008 θυσιῶν
1005 2939 1152 3026 ἐχόμενον
1174 2939 1404 3008 ἐπιδείκνυσιν.

282 3043 409 3111 ἀνωθεν
424 3043 478 3110 οὖν
499 3048 575 3124 τοὺς
597 3047 657 3130 μέν
679 3046 811 3126 ὑλαίους
832 3063 898 3114 τῶν
920 3055 1007 3114 θεῶν
1028 3050 1104 3126 τοὺς
1126 3047 1163 3114 δέ
1185 3047 1304 3125 ἀύλους
1320 3047 1405 3111 ὑπο-

282 3152 442 3235 θώμεθα,
469 3151 601 3232 ὑλαίους
623 3154 682 3238 μέν
710 3157 784 3232 τοὺς
805 3155 863 3243 τὴν
885 3155 962 3244 ύλην
985 3153 1196 3242 περιέχοντας
1219 3153 1252 3219 έν
1274 3149 1405 3230 ἑαυτοῖς

282 3258 340 3325 καί
369 3260 641 3344 διακοσμοῦντας,
676 3261 792 3340 ἀύλους
820 3260 857 3326 δὲ
888 3262 1058 3340 παντελῶς
1087 3262 1161 3338 τοὺς
1191 3258 1405 3348 ἐξῃρημένους

283 3365 352 3432 ἀπὸ
385 3379 442 3454 της
475 3367 552 3455 ύλης
585 3366 643 3432 καὶ
677 3366 900 3456 ὑπερέχοντας.
946 3371 1034 3434 κατὰ
1062 3366 1098 3434 δέ
1126 3369 1183 3454 τὴν
1204 3380 1271 3430 τῶν
1295 3363 1406 3452 ἱερέων

283 3471 394 3560 τέχνην
423 3472 585 3561 ἀρχεσθαι
613 3476 672 3562 χρὴ
698 3488 763 3540 τῶν
786 3472 993 3562 λερουργικῶν
1015 3475 1084 3540 ἀπὸ
1106 3487 1171 3539 τῶν
1193 3469 1330 3538 ύλαίων·
1368 3470 1405 3537 ού

283 3581 344 3666 γάρ
379 3581 417 3646 ἀν
450 3580 556 3658 ἄλλως
586 3580 645 3647 ἐπὶ
673 3583 748 3658 τοὺς
776 3581 892 3659 ἀύλους
924 3583 1022 3659 θεοὺς
1045 3580 1168 3666 γένοιτο
1192 3582 1211 3669 ἡ
1233 3579 1403 3662 ἀνάβασις.

284 3679 372 3752 οὗτοι
402 3687 442 3774 δὴ
465 3683 519 3752 οὖν
549 3683 656 3769 έγουσί
678 3712 751 3752 τινα
774 3685 945 3753 κοινωνίαν
968 3689 1053 3773 πρὸς
1075 3689 1133 3774 τὴν
1156 3685 1233 3773 ὕλην
1258 3684 1405 3750 καθόσον

284 3791 382 3881 αύτης
398 3791 639 3881 έπιβεβήκασιν.
675 3790 706 3860 ολ
730 3791 824 3860 αύτοί
847 3794 887 3882 δὴ
910 3790 964 3860 σύν
986 3792 1045 3859 καὶ
1067 3807 1132 3858 τῶν
1155 3790 1233 3878 περὶ
1256 3793 1313 3879 τὴν
1328 3791 1405 3880 ὕλην

231 3975 235 3984 ,
283 3895 510 3986 έγγιγνομένων
532 3899 736 3988 έπάρχουσιν,
761 3889 829 3966 οἷον
852 3899 1049 3988 διαιρέσεων,
1074 3899 1201 3987 πληγῆς
1216 3897 1403 3978 ἀντιτύπου,

282 4007 465 4096 μεταβολῆς
492 4005 640 4094 γενέσεως
670 4012 803 4094 φθορᾶς
833 4007 967 4072 πάντων
996 4020 1061 4071 τῶν
1091 4004 1208 4071 ε’νύλων
1233 4005 1404 4086 σωμάτιον.

283 4109 313 4178 εί
336 4113 375 4202 δή
397 4139 449 4192 τις
472 4115 546 4193 τοὺς
568 4115 735 4192 τοιούτους
757 4113 908 4197 βούλοιτο
931 4112 1128 4200 θεραπεύειν
1151 4093 1403 4197 θεουργικῶς,ᾗ

284 4221 451 4307 πεφύκασι
474 4219 531 4286 καὶ
553 4203 646 4308 ᾗτὴν
669 4219 767 4309 ἀρχὴν
781 4217 938 4308 εἰλήχασι,
962 4221 1062 4308 ταύτῃ
1080 4214 1276 4306 προσεκτέον
1292 4213 1404 4294 αὐτοῖς

283 4325 341 4412 τὴν
363 4323 548 4413 θεραπείαν
564 4325 687 4404 ένύλοις
710 4323 799 4393 οὖσιν
823 4325 935 4403 αὐτοῖς
956 4322 1065 4392 ένυλον
1087 4321 1195 4390 οὖσαν.
1221 4361 1262 4369 -
1287 4322 1403 4408 διόπερ

283 4434 354 4509 τοῖς
387 4430 447 4514 μέν
480 4431 590 4510 ἀύλοις
623 4437 717 4511 θεοῖς
750 4433 828 4521 ύλην
857 4430 1055 4521 προσφέρειν
1083 4432 1140 4497 διὰ
1163 4436 1289 4498 θυσιῶν
1316 4429 1405 4496 ἐστιν
