3130 4980
668 344 786 413 Physica.
1233 339 1286 403 267

160 498 182 569 ὃ
205 513 259 569 νῦν
289 503 433 592 κεφαλὴν
460 501 719 586 ἐπονομάζομεν,
753 499 772 568 ὃ
793 502 968 570 θειότατόν
990 491 1023 570 τ>
1049 503 1119 571 ἐστὶ
1142 504 1286 572 καὶτῶν

165 608 297 698 ἒνὴμῖν
319 608 452 675 πάντων
475 609 662 675 δεσποτοῢν.
693 592 721 695 ᾧ
743 608 800 675 καί
824 620 892 674 πᾶν
914 612 952 676 τὸ
976 623 1072 694 σῶμα
1096 611 1285 700 παρέδοσαν

163 713 342 805 ὑπηρεσίαν
365 714 455 802 αὐτῷ
477 715 753 802 ξυναθροίσαντες
766 713 851 797 θεοί,
875 717 1132 804 κατανοήσαντες
1147 719 1199 786 δτι
1214 743 1285 784 πα-

161 836 229 888 σῶν
251 823 326 888 δσαι
348 822 489 910 κινήσεις
512 818 651 905 ἔσοιντο,
674 820 812 906 μετέχοι.
858 811 905 888 ἵν’
932 819 987 889 οὖν
1008 825 1053 912 μὴ
1077 825 1285 908 κυλινδούμε-

162 953 215 994 νον
243 927 303 994 ἑπί
333 941 389 1016 γῆς
418 929 487 1017 ὕψη
517 952 553 994 τε
581 927 640 994 καί
668 928 761 1018 βάθη
785 929 986 994 παντοδαπὰ
1009 927 1140 1016 έχοόσης
1162 930 1285 1018 άποροῖ

162 1036 204 1100 τὰ
232 1033 291 1118 μὲν
319 1032 539 1122 ὑπερβαίνειν,
570 1031 663 1101 ἔνθεν
691 1033 728 1101 δέ
750 1033 926 1120 ἐκβαίνειν,
956 1025 1053 1125 ὄχημ’
1078 1035 1167 1123 αὐτῷ
1189 1049 1283 1105 τοῦτο

163 1139 220 1207 καί
234 1137 392 1230 εὐπορίαν
407 1137 534 1208 ἔδοσαν.
573 1143 652 1208 ὅθεν
674 1143 714 1230 δὴ
735 1154 839 1230 μῆκος
860 1144 899 1208 τὸ
922 1155 1018 1226 σῶμα
1040 1138 1138 1226 ἔσχεν,
1162 1142 1283 1210 ἑκτατά

161 1271 197 1338 τε
225 1248 316 1313 κῶλα
350 1246 408 1314 καί
442 1249 581 1332 καμπτὰ
603 1243 702 1336 ἔφυσε
731 1246 873 1338 τέτταρα
902 1254 985 1314 θεοῦ
1016 1249 1282 1338 μηχανησαμένου

162 1352 313 1442 πορείαν,
346 1345 400 1432 οἷςΙ
426 1353 743 1439 ἀντιλαμβανόμενον
765 1353 823 1421 καί
846 1354 1094 1443 ἀπερειδόμενον
1116 1357 1173 1422 διὰ
1196 1356 1283 1422 πάν-

88 1529 91 1532 ,
162 1485 226 1530 των
253 1459 365 1526 τόπων
394 1462 596 1548 πορεύεσθαι
626 1461 763 1528 δυνατὸν
791 1459 899 1547 γέγονε
935 1463 992 1549 τὴν
1021 1472 1080 1528 τοῦ
1106 1462 1282 1530 θειοτάτου

162 1565 219 1632 καὶ
254 1563 428 1654 ίερωτάτου
463 1565 561 1655 φέρον
595 1564 722 1655 σ’ίκησιν
755 1565 928 1633 ε’πάνωθεν
958 1569 1058 1656 ἡμῶν.
1104 1568 1200 1658 σκέλη
1223 1568 1283 1653 μὲν

160 1669 216 1738 οὖν
248 1671 351 1761 χεῖρές
380 1697 415 1738 τε
437 1674 537 1762 ταάτη
564 1671 623 1738 καὶ
646 1674 702 1739 διὰ
725 1684 829 1740 ταῦτα
852 1672 1001 1762 προσέφα
1023 1685 1120 1740 πᾶσι.
1166 1685 1224 1741 τοῦ
1247 1663 1279 1740 δ’

159 1775 303 1844 ὄπισθεν
325 1781 363 1845 τδ
386 1780 535 1867 πρόσθεν
557 1781 750 1867 τιμιώτερον
778 1779 837 1846 καί
863 1779 1077 1869 άρχικτότερον
1100 1778 1282 1864 νομίζοντες

160 1884 236 1952 θεοί
258 1886 360 1974 ταάτη
383 1887 421 1952 τὸ
444 1887 530 1952 πολὺ
552 1898 611 1975 τῆς
633 1883 770 1974 πορείας
793 1889 870 1974 ἡμῖν
892 1883 1035 1952 έδοσανλ.

231 2059 261 2102 ε.
288 2043 366 2098 Alter
392 2049 479 2100 motus
507 2048 549 2099 est
576 2047 644 2100 circa
667 2049 782 2112 ταύτόν,
811 2047 879 2100 alter
907 2047 976 2100 eirca
1001 2049 1135 2121 θάτερον,
1164 2046 1195 2100 ef.
1214 2045 1280 2100 Tim.

160 2131 288 2203 37Asq.,
307 2133 383 2188 40A.

230 2257 263 2313 b.
290 2257 512 2328 Insequentibus
537 2261 617 2330 caput
639 2259 681 2312 vel
702 2259 812 2313 maxime
837 2259 919 2313 oculis
943 2259 1100 2328 insignitum
1125 2275 1182 2313 esse
1207 2259 1279 2333 dicit,

157 2361 271 2416 quorum
289 2363 337 2416 ope
354 2347 443 2401 lumen
462 2348 562 2418 corpori
581 2350 707 2418 suppetat
725 2351 753 2401 et
770 2347 850 2415 visus,
870 2347 985 2401 omnium
1004 2364 1127 2401 sensuum
1145 2349 1280 2418 praestan·

159 2435 288 2502 tissimus,
308 2436 338 2489 cf.
358 2435 427 2490 47A
454 2440 520 2504 διμις
539 2438 574 2504 δὴ
597 2439 667 2490 κατδι
686 2439 735 2490 τόν
762 2439 831 2508 ίμδν
858 2439 941 2506 λόγον
969 2441 1045 2490 αἰτία
1073 2446 1119 2504 τῆς
1145 2441 1278 2508 μεγίστης
1320 2450 1325 2460 ·

158 2525 292 2595 ὠφελείας
310 2529 423 2594 γέγονεν
441 2527 522 2597 ἡμῖν,
542 2526 584 2578 ὃτι
604 2537 657 2578 τῶν
675 2535 725 2578 νῦν
742 2527 833 2596 λόγων
851 2529 916 2597 περὶ
934 2535 984 2580 τοῦ
1002 2527 1106 2586 παντὸς
1125 2527 1280 2596 λεγομένων

73 2625 76 2631 “
158 2612 250 2673 οὐδεὶς
269 2616 304 2665 δίν
322 2633 389 2667 ποτε
408 2615 507 2686 ἐρρήθη
530 2616 599 2687 μήτε
625 2618 714 2688 άστρα
737 2616 806 2686 μήτε
824 2617 900 2681 ἣλιον
924 2615 993 2686 μήτε
1013 2614 1130 2687 οὐρανὸν
1148 2614 1278 2668 ἰδόντων·

156 2710 209 2752 νῦν
236 2697 265 2755 δ’
287 2703 374 2774 ἡμέρα
402 2721 430 2756 τε
457 2706 505 2755 καὶ
532 2705 582 2764 νὺξ
610 2704 744 2774 ὀφθεῖσαι
771 2707 856 2776 μῆνές
880 2721 908 2756 τε
930 2706 978 2756 καὶ
1003 2703 1134 2756 ἐνιαυτῶν
1153 2702 1279 2776 περίοδοι

154 2792 369 2860 μεμηχάνηνται
385 2791 439 2862 μὲν
458 2793 594 2863 ἀριθμόν,
610 2793 715 2864 χρόνου
734 2792 766 2845 δὲ
785 2793 896 2846 ἔννοιαν
914 2795 979 2862 περί
983 2806 1024 2844 Ιτε
1043 2799 1089 2858 τῆς
1107 2799 1157 2843 τοῦ
1175 2793 1279 2851 παντὸς

158 2879 267 2946 φάσεως
295 2879 402 2944 ζήτησιν
429 2879 545 2933 ἔδοσαν·
583 2881 613 2942 ἐξ
641 2874 678 2931 ὧν
705 2881 900 2952 ἐπορισάμεθα
928 2882 1099 2950 φιλοσοφίας
1125 2883 1217 2948 γένος,
1246 2869 1279 2932 οὗ

154 2968 252 3038 μεῖζον
277 2969 387 3035 ἀγαθὸν
412 2963 471 3020 οὔτ’
493 2966 577 3034 ἦλθεν
596 2972 659 3022 οὔτε
681 2970 738 3034 ἥξει
757 2969 826 3022 ποτὲ
850 2971 888 3036 τῷ
906 2969 997 3036 θνητῷ
1015 2971 1088 3036 γένει
1106 2968 1232 3040 δωρηθέν
1249 2969 1279 3021 ἐκ

155 3061 237 3108 θεων.
273 3054 348 3108 Inter
364 3057 464 3109 eeteros
483 3071 576 3109 sensus
589 3055 696 3108 auditus
715 3073 744 3109 εο
762 3056 833 3110 vaist
846 3057 878 3108 ut
890 3054 1040 3108 harmonias
1053 3057 1082 3108 et
1094 3055 1207 3108 musicas
1220 3071 1279 3124 par·
1349 3069 1354 3078 ·

156 3142 251 3212 ’ἀείρεο
270 3143 366 3210 simus,
386 3147 402 3210 ἡ
420 3145 452 3198 δὲ
473 3147 607 3219 ἁρμονία,
635 3148 774 3214 ξυγγενεῖς
792 3147 896 3215 ἔχουσα
915 3145 1004 3215 φορὰς
1022 3149 1083 3204 ταῖς
1100 3145 1130 3198 ἐν
1147 3146 1215 3216 ἡμῖν
1233 3153 1278 3212 τῆς

157 3242 249 3302 ψυχῆς
269 3233 421 3306 περιόδοις,
451 3237 488 3302 τῷ
505 3235 578 3305 μετὰ
603 3243 654 3286 νοῦ
672 3237 877 3308 προσχρωμένη]
896 3223 1029 3292 Μούσαις
1048 3233 1096 3284 οὐκ
1114 3227 1163 3304 ἐφ’
1177 3233 1278 3298 ἡδονὴν

157 3324 268 3391 ἄλογον,
287 3325 415 3394 καθάπερ
433 3333 490 3386 νῦν,
510 3323 580 3376 εἶναι
599 3322 678 3376 δοκεῖ
690 3323 841 3395 χρήσιμος,
871 3317 932 3373 ἀλλ’
950 3322 997 3374 ἐπὶ
1016 3321 1064 3386 τὴν
1082 3327 1231 3390 γεγονυῖαν
1248 3323 1278 3374 ἐν

155 3411 227 3482 ἡμῖν
252 3412 431 3482 ἀνάρμοστον
459 3420 550 3480 ψυχῆς
577 3410 709 3484 περίοδον
736 3415 775 3470 είς
801 3411 1011 3482 κατακόσμησιν
1036 3412 1084 3461 καὶ
1111 3413 1279 3481 συμφωνίαν

153 3498 240 3570 ἑαυτῇ
260 3499 410 3570 σύμμαχος
437 3501 491 3552 ὑπὸ
516 3505 644 3552 Μουσῶν
668 3499 796 3552 δέδοται·
829 3501 876 3551 καὶ
895 3499 1003 3572 ῥυθμός
1022 3493 1057 3550 αὖ
1075 3496 1125 3550 διὰ
1143 3497 1192 3563 τὴν
1211 3501 1277 3569 δμε-
1322 3530 1325 3536 ·

154 3605 222 3659 τρον
246 3589 276 3640 ἐν
302 3589 370 3659 ἡμῖν
395 3591 443 3641 καὶ
466 3592 590 3661 χαρίτων
617 3587 717 3641 ἐπιδεᾶ
744 3591 912 3660 γιγνομένην
935 3588 965 3641 ἐν
989 3591 1046 3646 τοῖς
1065 3588 1205 3647 πλείστοις
1222 3585 1279 3648 ἕξιν

154 3677 302 3750 ἐπίκουρος
319 3678 366 3730 ἐπὶ
385 3677 472 3728 ταύτὰ
493 3678 547 3729 ὑπὸ
566 3686 619 3728 τῶν
638 3677 728 3728 αὐτῶν
746 3675 839 3741 ἐδόθη.

100 3935 144 3978 εει
222 3907 302 3971 Tim.
327 3907 416 3974 690
462 3902 501 3971 οι
526 3903 562 3970 δὲ
585 3903 753 3990 (θεοὶ)-
776 3900 1070 3992 παραλαβόντες
1050 3903 1147 3990 αρχὴν
1169 3913 1275 3988 ψυχῆς
1299 3913 1473 4011 wop-:3⁹¹⁸

95 4011 332 4093 αθάνατον,
356 4013 394 4077 τὸ
416 4013 499 4095 μετὰ
521 4021 616 4077 τοῦτο
639 4012 761 4099 θνητόν
783 4023 878 4093 σῶμα
903 4007 983 4096 αὕτη
969 4006 1275 4138 περιετόρνενσαν

153 4114 261 4206 όχημά
282 4141 318 4182 τε
340 4127 408 4183 πᾶν
430 4118 469 4183 τὸ
492 4129 587 4200 σῶμα
603 4113 728 4196 ἔδοσαν,
752 4115 832 4181 άλλο
856 4139 891 4181 τε
914 4107 1031 4191 εἶδος
1016 4138 1049 4179 εν
1064 4111 1154 4198 αυτῷ
1170 4123 1276 4200 ψυχῆς

151 4222 429 4312 προσῳκοδόμουν
460 4225 498 4290 τὸ
527 4222 676 4309 θνητόνΒ,
712 4221 800 4288 δεινὰ
830 4220 888 4286 καὶ
917 4220 1079 4305 ἀναγκαῖα
1109 4216 1143 4284 ἐν
1171 4215 1277 4304 ἓαυτη”

151 4330 347 4417 παθήματα
370 4325 450 4412 iper,
474 4327 687 4416 πρῶτονμὲν
709 4327 831 4415 ἡδονήν,
854 4325 1005 4411 μέγιστον
1027 4335 1130 4390 κακοῦ
1152 4323 1276 4413 δέλεαρ,

151 4432 272 4502 ἔπειτα
296 4435 411 4516 λόπας,
435 4435 573 4520 ἀγαθῶν
595 4433 710 4523 φυγάς,
745 4429 795 4499 ἔτι
817 4421 852 4497 δ’
870 4429 911 4497 αὖ
934 4429 1061 4518 θάρρος
1083 4429 1140 4498 καὶ
1164 4431 1274 4520 φόβον,
1431 4472 1502 4488 ,-
