3140 4990
554 330 700 400 Leucippus
718 333 746 386 et
763 287 937 386 Demucritus.
1250 330 1308 390 1163

113 487 185 529 ¹⁶¹³
252 491 414 574 Hippolyt.
437 489 506 554 Ref.
528 491 624 554 Haer.
647 491 664 554 I
689 500 739 556 13.
762 492 840 556 Dux.
858 499 931 569 565,
949 501 977 557 8.
997 511 999 516 ’
1018 485 1120 576 Ἔλεγε
1144 495 1178 558 δέ
1200 487 1241 571 ὦς
1263 491 1306 560 ἀεὶ
1320 515 1395 556 mundi
1412 516 1448 556 ιιι-

184 599 368 680 κινουμίνων
398 597 460 662 τῶν
490 593 588 662 άντων
617 600 649 662 ἐν
671 604 716 684 τῷ
738 605 834 686 κενῷ·
857 594 999 683 ἀπείρους
1022 604 1057 666 δέ
1079 598 1151 666 είναι
1174 579 1466 684 κάσμουςεοιοιιιυοει

185 712 233 771 καὶ
248 709 371 790 μεγέθει
388 705 597 790 διαφέροντας,
623 703 654 768 ἐν
670 709 731 770 τισὶ
747 707 782 771 δὲ
796 704 838 790 μὴ
865 703 938 772 εἶναι
961 699 1046 791 ἥλιον
1067 709 1147 791 μηδὲ
1170 703 1304 792 σελήνην,

161 816 216 877 ’ἐν
238 816 297 878 τισὶ
321 814 355 877 δὲ
377 813 469 894 μείζω
491 811 554 876 τῶν
577 806 655 895 παρ’
671 804 745 893 ἡμῖν
766 818 815 876 καί
839 811 870 876 ἐν
893 818 954 878 τισὶ
977 817 1078 880 πλείω.
1101 811 1174 880 εἶναι
1196 816 1231 880 δέ
1245 816 1306 881 τῶν

184 914 308 1001 κόσμων
337 911 426 984 ἀνισα
448 916 488 982 τὰ
510 914 722 1002 διαστήματα,
745 922 794 982 καί
817 918 858 1005 τῇ
879 924 935 1000 μὲν
958 922 1077 995 πλείους
1098 919 1138 1005 τῇ
1161 921 1195 986 δέ
1217 916 1306 988 ἐλάτε-

184 1049 266 1100 τους.
290 1030 337 1089 καὶ
360 1019 434 1101 τοὺς
448 1028 504 1106 μὲν
520 1016 678 1103 αόξεσθαι,
702 1018 774 1100 τοέις
797 1028 831 1091 δέ
853 1020 1005 1107 ἀκμάζειν,
1028 1023 1101 1102 τοδς
1122 1028 1156 1092 δέ
1171 1031 1303 1112 φθίνειν,

184 1138 233 1197 καί
247 1139 287 1219 τῇ
300 1135 357 1214 μὲν
372 1135 520 1215 γίνεσθαι,
537 1131 576 1218 τῇ
592 1135 627 1198 δὲ
642 1133 773 1198 λείπειν·
798 1134 983 1220 φθείρεσθαι
1000 1133 1034 1196 δι’
1048 1127 1161 1208 αὑτοδς
1175 1127 1232 1197 ὑπ’
1249 1130 1304 1200 άλ-

184 1238 281 1325 λίηλων
297 1242 548 1325 προσπίπτοντας.
574 1237 647 1304 εἶναι
672 1241 691 1302 δ
697 1235 706 1259 ²
723 1241 820 1316 ἐνίους
842 1233 974 1322 κόσμους
997 1236 1125 1324 ἐρήμους
1147 1237 1233 1328 ζῴων
1255 1245 1304 1308 καί

183 1347 293 1432 φυτῶν
314 1351 363 1410 καὶ
386 1344 498 1422 παντὸς
518 1340 616 1431 ὑγροιῖ
630 1353 650 1410 ⁶.
674 1381 715 1394 -
741 1355 792 1411 18.
818 1341 961 1428 ἀκμάζειν
984 1347 1018 1410 δέ
1040 1343 1164 1429 κόσμον,
1189 1350 1244 1424 ἕως
1266 1341 1305 1416 άν

183 1453 286 1537 μηκέτι
310 1447 434 1535 δόνηται
457 1453 575 1526 ἔξωθέν
598 1478 626 1515 τι
649 1448 906 1536 προσλαμβάνειν.

255 1589 283 1629 ο.
311 1574 383 1628 Plau.
403 1574 431 1628 ΙΙ
451 1575 474 1628 λ.
494 1575 558 1628 Dox.
569 1575 630 1629 336.
667 1577 831 1636 Λεύκιππος
848 1579 895 1629 καὶ
908 1577 1081 1650 Δημόκριτος
1095 1587 1202 1646 χιτῶνα
1218 1581 1306 1648 κύκλῳ
1320 1585 1455 1628 involucrum

183 1669 229 1718 καὶ
248 1667 335 1737 ὑμένα
354 1668 537 1736 περιτείνουσι
555 1667 592 1732 τῷ
610 1665 705 1736 κόσμῳ
723 1662 784 1730 (διὰ
803 1675 857 1718 τῶν
876 1665 1090 1734 ιἰγκιστροειδῶν
1103 1667 1216 1738 ἀτόμων
1234 1685 1305 1741 συμ-

184 1757 376 1826 πεπλεγμένον
393 1751 486 1820 8101)).
1383 1746 1388 1759 ’

253 1857 284 1914 b.
312 1859 442 1928 Diogenes
461 1857 500 1910 IX
518 1859 562 1913 32.
591 1853 629 1910 ὧν
645 1859 716 1911 κατὰ
735 1859 785 1924 τὴν
803 1868 852 1912 τοῦ
869 1863 960 1931 μέσου
978 1861 1130 1931 ἀντέρεισιν
1148 1861 1305 1930 περιδινου·

183 1953 280 2021 μένων,
309 1951 409 2002 λεπτὸν
432 1953 562 2017 γίνεσθαι
582 1949 630 1999 τόν
649 1950 728 2021 πέριξ
746 1949 842 2020 ὑμένα,
862 1949 1030 2022 συρρεόντων
1048 1951 1091 2001 ἀεὶ
1110 1959 1164 2000 τῶν
1183 1961 1306 2020 συνεχῶν

183 2033 245 2090 κατ’
267 2039 422 2104 ἐπίψαυσιν
440 2045 485 2102 τῆς
504 2035 595 2102 δίνης·
624 2039 670 2088 καὶ
690 2035 760 2087 οὑτω
777 2036 831 2106 μὲν
848 2041 980 2104 γενέσθαι
998 2037 1047 2101 τὴν
1064 2045 1123 2104 γῆν,
1149 2039 1305 2109 συμμενόν-

183 2146 238 2178 των
255 2135 309 2178 των
326 2125 493 2194 ἐνεχθέντων
509 2125 557 2176 ἐπὶ
575 2125 607 2175 τὸ
623 2127 719 2195 μέσον.
740 2125 825 2176 αὑτόν
843 2142 872 2177 τε
890 2127 975 2177 πόλιν
994 2126 1043 2176 τόν
1062 2129 1226 2198 περιέχοντα
1246 2121 1305 2180 οἷον

184 2217 271 2286 ὑμένα
299 2217 434 2274 αὔξεσθαι
460 2214 530 2266 κατὺ
558 2213 607 2278 τὴν
633 2213 780 2285 ἐπέκρυσιν
807 2223 861 2264 τῶν
882 2213 985 2274 ἔξωθεν
1008 2216 1159 2285 σωμάτων·
1188 2214 1251 2286 δίνη
1276 2233 1304 2270 τε

184 2305 338 2377 φερόμενον
356 2304 440 2356 αὑτὸν
458 2295 495 2354 ὧν
513 2303 549 2354 ἀν
566 2302 663 2372 ψαὺση
681 2310 768 2354 ταῦτα
787 2302 971 2354 ἐπικτᾶσθαι.
992 2303 1096 2354 τούτων
1109 2301 1145 2355 δέ
1156 2321 1217 2354 τινα
1233 2319 1304 2374 συμ-

183 2394 340 2465 πλεκόμενα
354 2396 445 2444 ποιεῖν
459 2392 589 2462 σύστημα
603 2390 701 2462 τὸμὲν
715 2399 825 2461 πρῶτον
838 2391 982 2462 κάθυγρον
995 2393 1042 2442 καὶ
1056 2390 1186 2456 πηλῶδες,
1206 2395 1304 2465 ξηραν-

183 2487 268 2536 θέντα
293 2485 340 2534 καὶ
365 2481 568 2553 περιφερόμενα
595 2480 647 2532 σὺν
671 2481 703 2550 τῇ
726 2487 777 2532 τοῦ
800 2479 865 2530 ὅλου
888 2478 951 2550 δίνη
970 2473 1021 2531 εἶτ’
1043 2479 1237 2552 ἐκπυρωθέντα
1256 2482 1304 2548 τὴν

184 2581 237 2626 τῶν
256 2572 377 2640 ἀστέρων
396 2570 562 2622 ἀποτελέσαι
581 2569 675 2638 φύσιν.
703 2595 736 2603 -
768 2565 811 2619 33.
840 2570 887 2619 καὶ
911 2567 1075 2639 πάνταμὲν
1093 2569 1127 2620 τά
1147 2571 1235 2640 ἀστρα
1254 2569 1304 2622 διόι

184 2662 216 2712 τό
234 2662 318 2728 τιίχος
335 2667 382 2724 τῆς
400 2667 501 2727 φορᾶς,
526 2651 623 2709 τόνδ’
644 2657 720 2722 ἥλιον
739 2655 794 2707 ὑπὸ
812 2665 866 2706 τῶν
884 2656 1005 2727 ἀστέρων
1022 2657 1226 2728 ἐκπυροῦσθαι,
1255 2659 1305 2722 τὴν

184 2748 216 2801 δέ
234 2749 347 2813 σελήνην
364 2755 415 2799 τοὺ
433 2747 518 2818 πυρός
544 2747 639 2814 ὀλίγον
661 2746 892 2816 μεταλαμβάνειν.
929 2742 970 2798 Os.
989 2741 1063 2818 Ρέοο.
1082 2743 1097 2796 Ι
1115 2744 1140 2798 4.
1159 2743 1223 2798 Dox.
1241 2744 1303 2802 Ι289.

182 2836 286 2890 lauerat.
307 2835 330 2888 V
350 2834 410 2887 619.
451 2831 684 2894 Plau.11113‚4.
704 2832 770 2886 Dox.
785 2831 852 2886 378:
872 2834 1045 2904 Δημόκριτος
1062 2827 1125 2886 κατ’
1147 2834 1234 2905 ἀρχὰς
1251 2835 1304 2902 μὲν

183 2915 337 2985 πλάζεσθαι
356 2923 404 2988 τὴν
422 2930 473 2990 γῆν
491 2921 541 2974 διά
566 2940 594 2974 τε
617 2922 767 2993 μικρότητα
792 2925 838 2973 καὶ
860 2922 1031 2991 κουφότητα,
1060 2927 1254 2976 πυκνωθεῖσαν
1273 2922 1305 2976 δὲ

183 3015 220 3080 τῷ
234 3013 328 3084 χρόνῳ
345 3014 392 3064 καὶ
409 3016 596 3080 βαρυνθεῖσαν
613 3018 790 3076 καταστῆναι.

254 3131 281 3172 ο.
310 3115 351 3171 Of.
376 3115 431 3170 Cic.
455 3114 538 3170 Acad.
563 3113 717 3182 pr.1155;
737 3114 803 3178 125;
828 3113 912 3168 Arist.
931 3112 1009 3182 Phys.
1029 3113 1099 3168 VIII
1117 3114 1142 3168 1.
1161 3115 1244 3186 2501)Ι
1261 3115 1303 3170 18.

184 3202 238 3258 ἀλλ’
253 3207 354 3259 ὁπόσοι
366 3206 419 3277 μέν
433 3206 564 3276 ἀπείρους
581 3205 703 3276 κόσμους
721 3222 750 3256 τε
769 3203 840 3256 εἶναί
858 3219 929 3273 φασι
942 3207 989 3255 καὶ
1003 3204 1067 3263 τοὺς
1084 3203 1138 3272 μὲν
1155 3209 1304 3274 γίγνεσθαι

183 3295 247 3354 τοὺς
263 3294 298 3346 δέ
317 3299 486 3365 φθείρεσθαι
505 3303 558 3345 των
576 3294 695 3364 κόσμων,
716 3293 760 3345 ἀεί
778 3309 867 3363 φασιν
886 3291 956 3344 εἶναι
974 3295 1089 3358 κίνησιν.
1409 3283 1411 3286 ’

139 3483 181 3524 1⁵⁹
249 3469 405 3552 Theophr.
428 3469 467 3534 de
492 3469 644 3534 Sensibus
669 3427 719 3536 6*1.
748 3469 826 3533 Dox.
851 3475 925 3534 516.
970 3467 1055 3553 Βαρὺ
1085 3468 1142 3549 μὲν
1171 3459 1224 3532 οὑν
1256 3472 1304 3533 καὶ
1320 3491 1386 3530 σοι
1399 3481 1452 3522 leve

182 3578 298 3664 κοῦφον
321 3577 366 3664 τῷ
387 3577 508 3660 μεγέθει
534 3579 644 3661 διαιρεῖ
661 3573 864 3661 Δημόκριτος.
895 3579 922 3640 εί
949 3574 1006 3660 γὰρ
1030 3577 1199 3660 διακριθείη
1221 3571 1299 3640 καθ’

180 3683 213 3750 (ἐν
237 3685 371 3764 ἕκαστον,
396 3687 422 3750 εί
443 3689 491 3748 καὶ
513 3681 592 3747 κατὰ
606 3683 709 3768 σχῆμα
726 3683 872 3770 διαφέροι,
898 3687 1045 3764 σταθμοῦ
1060 3674 1098 3744 ἀν
1113 3683 1160 3746 ἐπὶ
1182 3685 1305 3764 μεγέθει

182 3789 238 3876 τὴν
262 3784 354 3878 φάσιν
378 3789 496 3873 ἐγειν·ι
528 3784 564 3854 οὗ
587 3787 648 3874 μὴν
672 3783 737 3852 ἀλλ’
763 3788 794 3852 ἐν
816 3814 847 3874 γε
877 3798 942 3862 τοῖς
970 3796 1088 3870 μικταῖς
1117 3784 1304 3873 κουφότερον

256 4002 282 4068 1)
301 4001 389 4069 Vulgo
408 4006 432 4054 εἰ
450 4003 504 4070 γὰρ
522 4000 654 4075 διακριθῇ
673 4001 753 4053 ἐνθεν
771 3999 901 4063 ἕκαστον,
929 4001 953 4051 εἰ
976 3997 1110 4051 καὶκατὰ
1129 4005 1224 4067 σχῆμα
1242 3996 1304 4048 δια-

184 4095 276 4162 φέροι,
302 4091 428 4161 διαφέρει
453 4092 584 4162 σταθμόν
609 4093 644 4142 ἀν
660 4088 710 4142 etc.
739 4093 872 4159 σταθμοῦ
896 4084 1074 4153 Ρορεοοοεδῒ,
1102 4083 1259 4156 διακριθείη
1276 4086 1305 4137 et

182 4175 250 4232 καθ’
273 4177 302 4230 ἓν
320 4177 401 4231 Diels.
438 4177 468 4230 ἐν
486 4177 603 4231 ἕκαστον
621 4174 740 4229 ΜαΙΙαοΙι
759 4191 784 4242 p.
804 4175 865 4228 346.
903 4171 987 4226 Zeller
1004 4188 1064 4229 cum
1082 4171 1196 4226 Prellero
1216 4179 1304 4226 σταθ-

183 4270 239 4325 ιιδν
258 4270 292 4319 ἀν
310 4269 357 4320 ἐπὶ
375 4271 490 4338 μεγέθει
509 4268 557 4332 τὴν
574 4269 664 4336 κρίσιν
686 4267 765 4335 ἐχειν.
803 4262 854 4316 Pro
879 4264 927 4328 τὴν
950 4264 1036 4333 φύσιν
1054 4259 1151 4314 Usener
1169 4259 1236 4314 οοοί.
1256 4262 1305 4327 την

183 4357 331 4430 διαφοράν.
361 4383 395 4394 -
427 4355 483 4409 Ηοα
508 4353 588 4408 dicit:
617 4354 641 4407 si
659 4368 700 4406 res
718 4352 840 4420 singulae
859 4350 964 4418 (atomi)
987 4350 1168 4413 secernantur,
1197 4349 1304 4412 etiamsi

182 4442 270 4512 figura
288 4443 345 4496 siut
362 4439 493 4507 diversae,
512 4441 634 4510 ponderis
651 4443 742 4494 tamen
759 4438 868 4494 eandem
884 4454 942 4494 ειιε
960 4454 990 4492 αα
1009 4436 1204 4506 magnitudiuuis
1222 4437 1304 4490 ratio·

1086 4526 1142 4579 11*
