3156 4988
683 326 785 395 Logica.
1240 325 1295 388 809

172 483 233 568 μὲν
265 483 343 572 περὶ
374 482 511 569 γένεσιν,
546 481 672 572 τέχνης,
708 483 764 551 ἐὰν
786 485 824 552 δέ
846 482 925 571 περὶ
952 486 990 552 τὸ
1012 481 1063 567 όν,
1098 484 1289 576 ἐπιστήμης.

171 587 248 656 otico
270 589 309 676 δή
332 587 566 678 ἐνυπάρχουσιν
589 587 815 678 ἀφωρισμέναι
839 588 875 657 αἳ
898 588 991 672 ἕξεις,
1015 581 1084 658 οὔτ’
1103 581 1168 657 ἀπ’
1186 591 1293 659 ἄλλων

174 692 272 774 ἕξεων
294 692 457 782 γίγνονται
480 694 763 784 γνωστικωτέρων,
798 684 876 762 ἀλλ>
894 697 963 764 ἀπὸ
986 693 1188 786 αἰσθήσεως,
1208 689 1294 766 ὀἷον

175 799 209 868 ἐν
230 802 315 890 μάχη
351 814 476 889 τροπῆς
505 799 672 890 γενομένης
701 797 770 880 ἑνὸς
800 801 936 881 στάντος
963 801 1071 892 ἕτερος
1094 799 1186 893 ἐστη,
1220 793 1291 872 εἶθ’

1318 505 1413 548 scicntia
1427 543 1429 546 ,

172 905 296 996 ἐτερος,
326 905 387 985 ἕως
416 905 476 974 ἐπὶ
504 906 601 996 ἀρχήν
622 905 732 996 ήλθεν.
787 907 866 996 ήδέ
889 911 977 999 ψυχή
999 910 1137 997 ὑπάρχει
1159 913 1293 1001 τοιαύτη
1362 989 1365 996 Δ

171 1009 256 1080 otoo
290 1013 346 1080 οἵα
380 1013 545 1080 δύνασθαι
581 1014 719 1096 πάσχειν
751 1025 857 1081 τοῦτο.
894 1054 936 1062 -
972 1016 1108 1095 στάντος
1137 1017 1198 1104 γάρ
1228 1031 1293 1083 τῶν

171 1118 364 1207 ἀδιαφόρων
389 1115 467 1201 ἐνός,
491 1133 623 1208 πρῶτον
644 1117 704 1202 μὲν
727 1118 760 1186 ἐν
781 1121 825 1209 τῇ
846 1120 938 1210 ψυχῇ
960 1121 1108 1188 καθόλου
1139 1122 1292 1211 (καὶγὰρ

172 1221 373 1291 αἰσθάνεται
396 1223 455 1308 μὲν
477 1225 515 1291 τὸ
538 1215 624 1291 καθ’
642 1224 788 1307 ἕκαστον,
812 1215 881 1315 ήδ)
899 1223 1058 1316 αἴσθησις
1072 1238 1131 1294 τοῦ
1145 1229 1293 1296 καθόλου

173 1327 271 1412 ἐστίν,
296 1321 363 1398 οἷον
385 1331 573 1419 ἀνθρώπου,
597 1320 670 1398 ἀλλ’
690 1331 727 1398 ού
750 1329 899 1398 Καλλίου
914 1332 1116 1420 ἀνθρώπου),
1140 1335 1243 1401 πάλιν
1258 1327 1290 1401 δ’

174 1433 209 1502 ἐν
230 1437 359 1514 τούτοις
380 1438 533 1518 ἵσταται,
568 1435 630 1515 ἐως
653 1437 692 1502 ἀν
715 1438 757 1502 τά
780 1437 882 1526 ἀμερῆ
904 1437 968 1528 στῇ
990 1438 1112 1505 καὶτὰ
1135 1442 1302 1526 καθόλου,Ι

171 1534 243 1610 οἷον
265 1543 388 1610 τοιονδὶ
411 1543 502 1630 ζῷον,
526 1541 587 1621 ἕως
610 1541 723 1630 tuom·
769 1542 826 1609 καὶ
850 1543 883 1610 ἐν
905 1545 1010 1632 τούτῳ
1026 1545 1189 1624 ὡσαύτως.
1235 1548 1293 1636 δή·

174 1650 232 1716 λον
255 1650 293 1738 δή
324 1649 376 1715 ότι
405 1652 481 1738 ήμῖν
509 1651 552 1715 τά
574 1663 693 1736 πρῶτα
724 1648 882 1739 ἐπαγωγῇ
904 1648 1069 1738 γνωρίζειν
1099 1651 1292 1738 ἀναγκαῖον·

173 1876 241 1928 τῶν
269 1861 346 1949 περὶ
375 1863 432 1950 τήν
455 1861 604 1928 διάνοιαν
626 1860 738 1943 ἕξεων,
770 1853 824 1940 αἷς
847 1862 1063 1951 ἀληθεύομεν,
1095 1861 1130 1930 αἶ
1159 1864 1219 1948 μέν
1241 1865 1292 1932 ἀεὶ

172 1969 313 2058 ἀληθεῖς
335 1964 431 2049 εἰσιν,
463 1965 499 2034 αἱ
522 1967 559 2034 δέ
581 1967 787 2050 ἐπιδέχονται
810 1969 848 2034 τὸ
871 1970 1007 2055 ψεῦδος,
1041 1959 1110 2036 οἷον
1132 1971 1211 2050 δόξα
1234 1971 1293 2038 καὶ

174 2075 339 2160 λογισμός,
364 2075 473 2163 ἀληθή
496 2064 530 2140 δ’
548 2073 598 2140 ἀεὶ
622 2073 787 2162 ἐπιστήμη
818 2073 876 2140 καὶ
899 2086 985 2156 νοῦς,
1002 2074 1073 2141 καὶ
1102 2073 1193 2142 ούδέν
1216 2077 1293 2143 ἐπι·
1334 2143 1344 2158 ,

173 2182 299 2270 στήμης
333 2179 559 2269 ἀκριβέστερον
593 2180 673 2246 ἀλλο
702 2177 791 2266 γένος
818 2181 948 2268 ήνοῦς,
983 2177 1019 2246 αἱ
1053 2169 1084 2246 δ’
1103 2180 1200 2268 ἀρχαὶ
1228 2195 1292 2248 τῶν

173 2284 376 2366 ἀποδείξεων
404 2288 662 2376 γνωριμώτεραι,
693 2285 858 2374 ἐπιστήμη
891 2275 925 2350 δ’
943 2289 1061 2352 άπασοι
1092 2288 1175 2370 μετὰ
1197 2287 1292 2374 λόγου

174 2391 262 2474 ἐστι’,
294 2407 359 2458 τῶν
393 2393 497 2480 ἀρχῶν
532 2391 696 2482 ἐπιστήμη
724 2390 784 2475 μὲν
812 2391 870 2457 οὐκ
893 2392 932 2456 ἀν
954 2389 1019 2481 εἴη·
1054 2391 1127 2459 ἐπεὶ
1150 2383 1183 2458 δ’
1202 2393 1293 2461 οὐδὲν

171 2496 395 2588 ἀληθέστερον
424 2495 586 2579 ἐνδέχεται
613 2491 698 2563 εἶναι
721 2497 904 2586 ἐπιστήμης
927 2498 947 2586 ἢ
968 2509 1041 2564 νοῦν
1048 2549 1056 2580 ,
1086 2510 1158 2578 νοῦς
1181 2501 1219 2566 ἀν
1242 2497 1292 2590 εἴη

173 2619 240 2671 τῶν
262 2605 375 2693 ἀρχῶν,
399 2601 437 2670 ἐκ
458 2628 495 2670 τε
516 2605 638 2670 τούτων
660 2613 822 2670 σκοποῦσι
845 2602 902 2668 καὶ
925 2604 976 2668 ότι
1000 2603 1198 2684 ἀποδείξεως
1213 2606 1292 2695 ἀρχή

174 2710 234 2778 οὐκ
256 2711 434 2791 ἀπόδειξις,
459 2699 538 2776 δι’στ>
558 2699 629 2776 οὐδ’
648 2708 831 2798 ἐπιστήμης
853 2708 1028 2798 ἐπιστήμη.
1074 2707 1104 2776 εἰ
1120 2708 1173 2777 σύν
1192 2709 1293 2801 μηδὲν

173 2817 255 2884 ἀλλο
279 2806 365 2906 παρ’
383 2816 567 2905 ἐπιστήμην
588 2814 678 2902 γένος
693 2811 803 2900 ἔχομεν
826 2814 957 2903 ἀληθές,
980 2826 1052 2894 νοῦς
1074 2817 1114 2882 ἀν
1142 2814 1192 2906 εἴη
1216 2817 1292 2884 ἐπι-

171 2925 299 3012 στήμης
322 2921 431 3010 deald-

247 3096 276 3137 a.
302 3080 340 3136 cf.
359 3081 393 3134 ad
411 3084 498 3136 totum
516 3081 601 3135 locum
619 3080 683 3134 Mat.
702 3079 716 3134 I
734 3081 759 3136 1.
779 3081 852 3136 980⁸
870 3079 904 3135 27
915 3098 954 3150 sq.

246 3202 277 3259 b.
307 3207 345 3258 Τὸ
364 3205 393 3258 ἓν
411 3208 488 3277 παρὰ
507 3207 541 3258 τὰ
561 3207 658 3270 πολλά,
678 3203 747 3272 quod
765 3220 826 3256 cava
844 3203 987 3258 confundas
1006 3220 1066 3258 cum
1084 3205 1150 3258 ideis
1164 3205 1291 3272 Platonis,

172 3295 218 3346 cat
235 3309 318 3346 unum
335 3292 402 3345 illud
420 3293 549 3360 generals,
569 3292 638 3362 qnod
656 3291 684 3345 in
702 3291 795 3344 multis
813 3292 892 3344 rebus
909 3290 981 3345 inest
1004 3293 1138 3362 tamqnam
1158 3309 1292 3347 commune

172 3383 204 3434 st
231 3380 389 3448 cogitatione
416 3383 448 3433 ut
474 3396 556 3432 unum
582 3381 687 3449 praetor
713 3379 798 3432 multa
827 3381 971 3450 separatur.
1025 3379 1090 3432 Indo
1113 3380 1234 3448 gignitur
1261 3384 1292 3435 τὸ

1318 2198 1448 2242 intellectus

172 3471 312 3535 καθόλου,
336 3469 363 3522 h.
382 3485 404 3521 s.
428 3467 548 3535 generals
570 3467 645 3534 illud,
670 3467 739 3536 quod
763 3467 883 3520 omnibus
903 3483 968 3537 quac
993 3467 1107 3520 ciusdem
1130 3471 1240 3522 naturae
1265 3472 1293 3522 at
1404 3465 1408 3470 '
1433 3477 1436 3486 '

173 3556 291 3612 notionis
319 3558 382 3609 sunt
406 3556 485 3608 rebus
510 3555 620 3624 singulis
644 3555 790 3609 necessario
814 3555 899 3622 inest,
926 3553 1002 3608 Anal.
1020 3558 1089 3625 post.
1108 3555 1165 3610 14.
1185 3557 1238 3612 aab
1257 3557 1291 3610 27

171 3647 299 3701 καθόλου
327 3644 359 3698 δὲ
385 3647 454 3713 λέγω
480 3644 494 3696 ὃ
523 3647 558 3697 ἂν
583 3646 654 3698 κατὰ
673 3646 778 3706 παντός
801 3663 828 3698 τε
848 3645 1021 3718 ὑπάρχηκαὶ
1040 3640 1107 3698 καθ’
1126 3647 1193 3698 αὐτὸ
1211 3634 1293 3719 καλή

174 3735 252 3788 αὐτό.
290 3735 409 3806 φανερὸν
428 3736 481 3803 ἀρα
500 3733 543 3785 ὅτι
567 3733 620 3786 όσα
637 3734 773 3798 καθόλου,
801 3735 831 3794 ἐξ
849 3735 968 3802 ἀνάγκης
987 3734 1104 3804 ὑπάρχει
1127 3739 1185 3794 τοῖς
1202 3737 1292 3807 πράγ-

172 3839 271 3894 μασιν.
296 3819 334 3874 Cf.
353 3821 455 3887 Prantl,
473 3837 499 3889 p.
520 3821 618 3890 l2lsq.

249 3958 276 4000 ο.
298 3941 448 4016 Ἀδιάφορα
474 3943 539 3996 dicit
565 3960 632 4013 quas
655 3943 695 3996 ita
719 3943 815 3996 similia
839 3946 918 4010 sunt,
942 3945 973 3997 ut
997 3943 1180 3998 differentiam·
1195 3960 1247 4013 qua
1264 3944 1293 4006 in

174 4049 256 4088 novas
275 4033 373 4103 specics
392 4031 531 4086 discedant
552 4031 668 4084 habeant
691 4031 799 4084 nullam.
824 4061 857 4070 —
877 4030 933 4096 Quo
952 4048 1004 4100 qua
1022 4031 1094 4085 notio
1113 4034 1155 4084 cst
1173 4031 1291 4100 amplior,

172 4139 205 4176 co
223 4121 358 4192 pauciores
375 4121 404 4173 in
423 4137 450 4173 sa
464 4123 540 4173 notas
554 4120 744 4190 complectitur,
764 4136 830 4188 quas
845 4119 966 4189 quoniam
979 4119 1094 4196 notionis
1112 4121 1201 4189 partas
1221 4122 1291 4186 sunt,

59 4217 72 4238 ‘
173 4225 306 4264 summum
324 4225 407 4290 genus
426 4209 524 4284 ἀμερὲς
542 4211 591 4275 ost,
610 4207 712 4277 reliqua
729 4223 789 4262 vero
808 4209 955 4277 comparata
974 4209 1062 4280 ἀμερῆ
1080 4206 1131 4259 dici
1149 4209 1281 4275 possunt·

249 4333 279 4391 (l.
303 4333 418 4386 Solantia
436 4332 559 4402 quoniam
577 4335 635 4386 tota
652 4333 740 4403 posita
758 4335 800 4385 est
824 4331 850 4384 in
870 4329 1030 4399 syllogismis
1047 4332 1076 4384 ct
1094 4329 1293 4383 demonstratio·

174 4422 262 4490 uibus,
280 4423 394 4492 primum
411 4421 512 4492 aliquid
529 4422 649 4492 postulat
666 4421 735 4476 undo
753 4422 782 4474 st
800 4419 966 4488 syllogismus
990 4422 1019 4474 ot
1043 4418 1232 4472 demonstratio
1251 4418 1293 4472 dc-

230 4527 287 4569 unt.
304 4527 364 4568 Plu.
392 4526 493 4569 namu
1045 4508 1078 4562 21
