3146 4982
285 338 339 402 432
741 339 821 393 Stoici
839 339 946 410 priores.

358 515 385 557 e.
409 501 482 554 Stob.
494 500 548 555 Eel.
558 500 582 554 ΙΙ
593 501 645 554 166
661 509 711 554 τοῦ
723 500 755 553 δὲ
770 502 880 560 πάθους
890 501 1019 552 τοιούτου
1031 503 1110 560 ὄντος
1124 501 1297 566 ὑποληπτέον
1309 502 1342 553 τὰ
1355 502 1410 572 μὲν

287 603 382 666 πρῶτα
401 592 471 644 εἶναι
491 619 524 628 -
545 594 582 659 τῷ
606 595 679 659 γένει
704 599 791 642 ταῦτα
817 590 851 642 τὰ
870 592 1005 662 τέσσαρα,
1030 590 1188 660 ἐπιθυμίαν
1213 590 1301 659 φόβον
1319 591 1411 656 λύπην

285 682 395 748 ἡδονήν.
425 682 582 751 ἐπιθυμίαν
604 680 659 751 μὲν
685 673 734 730 οὖν
757 682 804 730 καὶ
824 679 913 748 φόβον
938 683 1127 750 προηγεῖσθαι
1152 679 1200 744 τὴν
1216 679 1270 749 μὲν
1288 680 1358 750 πρὸς
1377 681 1409 730 τὸ

287 772 458 842 φαινόμενον
484 769 607 837 ἀγαθόν,
634 769 682 820 τὸν
708 765 740 819 δὲ
760 767 829 836 πρὸς
848 767 879 818 τὸ
899 767 1071 837 φαινόμενον
1089 767 1180 818 κακόν.
1209 765 1409 836 ἐπιγίγνεσθαι

287 859 318 913 δὲ
337 861 446 918 τούτοις
460 858 562 924 ἡδονὴν
579 861 626 909 καὶ
645 857 742 921 λύπην,
768 855 871 921 ἡδονήν
889 854 943 924 μὲν
961 855 1030 906 ὅταν
1049 857 1230 927 τυγχάνωμεν
1250 849 1287 906 ὧν
1305 857 1410 908 ἐπεθυ-

285 958 396 1020 μοῦμεν
418 951 434 1012 ἢ
457 948 621 1018 ἐκφύγομεν
645 943 663 996 ἃ
688 945 884 1016 ἐφοβούμεθα,
913 945 1005 1010 λύπην
1029 943 1061 996 δὲ
1080 945 1149 996 ὅταν
1167 945 1412 1016 ἀποτυγχάνωμεν

287 1031 324 1090 ὧν
342 1038 540 1108 ἐπεθυμοῦμεν
558 1038 574 1100 ἢ
593 1039 787 1107 περιπέσωμεν
807 1026 847 1093 οἷς
865 1034 1053 1104 ἐφοβούμεθα.

358 1141 387 1198 d.
413 1140 465 1196 Cic.
485 1138 565 1193 Aced.
584 1138 651 1192 139
677 1153 789 1206 cumque
814 1153 860 1192 cae
880 1138 1106 1206 perturbatione
1131 1137 1242 1208 antiqui
1260 1141 1412 1194 naturales

286 1246 340 1286 ecee
359 1229 481 1285 dicerent
499 1234 524 1282 et
541 1228 663 1282 rationis
681 1232 805 1296 expertee
823 1227 936 1295 aliaque
954 1227 987 1280 in
1001 1231 1085 1295 parte
1104 1227 1194 1280 animi
1213 1226 1410 1296 cupiditatem,

286 1321 318 1372 in
346 1319 405 1372 alia
432 1318 569 1372 rationem
596 1317 777 1384 collocarent,
805 1331 839 1369 ne
865 1315 910 1370 ets
933 1306 1044 1384 quidem
1067 1315 1276 1370 adsentiebatur
1299 1316 1410 1386 (Zeno).

286 1425 352 1461 nam
371 1413 397 1461 et
414 1405 643 1476 perturbationee
665 1405 838 1460 uoluntariae
862 1419 916 1459 ecee
935 1405 1059 1474 putabat
1084 1405 1277 1475 opmienisque
1300 1405 1411 1460 iudicio

287 1497 391 1564 euripi
415 1501 443 1549 et
467 1496 590 1550 emnium
612 1493 858 1564 perturbationum
882 1499 998 1548 matrem
1023 1507 1078 1548 cese
1100 1493 1296 1548 arbitrabatur
1314 1495 1410 1548 imme-

288 1585 415 1638 deratam
442 1583 584 1653 quandam
611 1583 859 1652 intemperantiam.
905 1583 1049 1652 Propterea
1075 1582 1238 1653 Chrysippus
1265 1586 1300 1636 ut
1329 1587 1412 1650 πάθη

287 1680 422 1746 κρίσεις
441 1674 511 1727 εἶναι
525 1673 642 1738 debebat,
661 1671 907 1740 v.1)i0g.v11111
928 1674 946 1739 ἥ
962 1691 990 1725 τε
1010 1675 1064 1744 γάρ
1082 1676 1250 1746 φιλαργυρία
1270 1674 1412 1739 ὑπόληψίς

287 1765 347 1817 ἐστι
366 1772 417 1814 τοῦ
435 1764 466 1814 τὸ
481 1763 614 1834 ἀργύριον
631 1763 716 1814 καλὸν
730 1761 800 1814 εἶναι
818 1764 865 1814 καὶ
879 1764 896 1828 ἡ
909 1765 984 1833 μέθη
1003 1762 1034 1814 δὲ
1053 1765 1099 1814 καὶ
1118 1764 1134 1828 ἡ
1154 1764 1289 1816 ἀκολασία
1306 1763 1412 1833 ὁμοίως

287 1856 333 1906 καὶ
352 1851 444 1904 τᾶλλα.

358 1970 385 2010 e.
413 1955 539 2025 Sequitur
554 1955 717 2022 singularum
731 1955 960 2026 perturbationum
978 1971 1100 2008 recensus
1114 1958 1142 2008 et
1155 1955 1279 2009 definitio.
1310 1953 1413 2010 Graeca

287 2048 394 2100 exstent
412 2061 453 2115 ap.
472 2045 548 2112 Diog.
568 2043 618 2096 VH
638 2045 688 2098 111
700 2061 754 2114 sq.;
773 2044 846 2097 Stob.
865 2043 921 2097 Eel.
940 2043 969 2096 II
989 2043 1049 2097 174.

358 2153 381 2206 ί.
405 2149 623 2219 Diog.VI[115
652 2153 687 2210 ὡς
712 2151 744 2204 δὲ
768 2153 877 2220 λέγεταί
895 2171 956 2203 τινα
982 2152 1029 2204 ἐπὶ
1053 2160 1104 2203 τοῦ
1122 2152 1251 2222 σώματος
1270 2151 1412 2223 ἀρρωστή-

287 2261 380 2314 ματα,
408 2235 469 2293 οἷον
493 2238 626 2312 ποδάγρα
643 2243 690 2291 καὶ
710 2237 880 2312 ἀρθρίτιδες,
907 2240 978 2291 οὕτω
996 2240 1066 2291 κάπὶ
1085 2247 1132 2305 τῆς
1150 2248 1241 2309 ψυχῆς
1260 2238 1413 2309 φιλοδοξία

287 2333 333 2384 καὶ
363 2330 511 2400 φιληδονία
538 2333 585 2381 καὶ
614 2330 647 2380 τὰ
676 2330 864 2399 παραπλήσια.
901 2327 926 2380 Α
950 2327 1049 2380 morbis
1077 2331 1158 2396 atque
1182 2327 1414 2394 aegrotationibus

146 2434 259 2478 vitiositas
288 2417 369 2472 enimi
383 2417 614 2484 distinguebantur
636 2417 750 2470 eitiunt
769 2417 918 2484 vitiositae,
938 2433 1016 2486 quem
1035 2415 1195 2470 definiebant
1213 2433 1270 2470 esse
1288 2416 1414 2470 habitum

289 2510 337 2560 aut
364 2505 528 2560 affectionem
554 2505 582 2560 in
611 2508 669 2558 tete
693 2505 749 2558 vite
771 2505 964 2560 inconstantem
989 2508 1051 2560 ete
1076 2522 1103 2560 ee
1126 2506 1186 2576 ipsa
1210 2505 1415 2560 dissentientem

289 2594 352 2662 (Cio.
372 2595 447 2648 Tuso.
467 2594 505 2647 IV
524 2595 577 2658 λθ).
615 2593 734 2662 Denique
753 2595 830 2647 utin
849 2594 942 2661 malis,
968 2595 1005 2647 sie
1029 2595 1110 2647 etiam
1134 2595 1162 2648 in
1187 2595 1262 2647 benis
1281 2595 1414 2648 animine

289 2684 403 2754 corperis
422 2683 621 2736 similitudinem
641 2700 697 2736 esse
716 2683 852 2750 decebant,
871 2701 895 2736 v.
915 2683 967 2738 Cio.
986 2683 1062 2738 Ture.
1081 2683 1118 2735 IV
1137 2685 1173 2738 30
1196 2689 1263 2738 eunt
1286 2685 1414 2738 enimin

262 2843 264 2846 Ι
289 2789 399 2842 corpere
414 2773 570 2841 praecipue
595 2771 726 2824 ualetudo
745 2772 817 2826 eires
831 2771 1016 2842 pulchritudo
1038 2773 1157 2838 firmitas
1175 2773 1319 2839 venulae,
1342 2779 1414 2827 eunt

288 2864 351 2916 item
369 2861 402 2914 im
420 2861 520 2914 anime.
555 2865 591 2928 nt
609 2860 682 2912 enim
700 2861 821 2928 corporis
840 2861 1008 2929 temperatio,
1028 2875 1089 2914 eum
1108 2877 1141 2914 ea
1159 2867 1319 2930 conpruunt
1336 2862 1415 2916 inter

290 2967 317 3004 ee
336 2967 349 3004 e
369 2950 470 3018 quibus
489 2930 651 3012 constemus,
670 2948 825 3016 sanitae,
845 2950 885 3003 sic
903 2950 992 3002 enimi
1005 2949 1121 3016 dicitur,
1140 2965 1203 3003 enm
1221 2950 1281 3004 clue
1298 2951 1414 3005 iudicia

289 3038 484 3106 opinionesque
511 3037 689 3092 concordant.
719 3067 752 3075 —
781 3038 824 3090 31.
853 3043 879 3092 ct
906 3043 940 3092 ut
958 3039 1080 3108 corperis
1108 3044 1146 3094 eet
1172 3038 1312 3107 quaedam
1340 3046 1414 3108 apta

288 3128 381 3195 fipura
405 3125 586 3180 rrecmbrernm
610 3143 671 3179 cum
696 3126 794 3180 eoloris
818 3126 941 3194 quadam
964 3127 1104 3181 suauitate
1122 3143 1206 3196 eaque
1224 3127 1330 3182 dicitur
1344 3130 1413 3198 pul-

289 3213 427 3280 chritudo,
452 3213 542 3267 sicin
560 3214 654 3268 eninm
673 3214 835 3284 opinionum
859 3213 1082 3284 iudiciorumque
1101 3217 1284 3284 neptrabildae
1302 3223 1328 3270 et
1347 3235 1413 3272 eon·

288 3302 398 3358 stantia
416 3318 478 3356 cnm
496 3303 626 3368 firmitate
644 3303 765 3371 quedam
790 3309 816 3356 et
841 3303 992 3356 stabilitate
1015 3305 1146 3358 uirtutem
1169 3305 1332 3374 subsequens
1358 3312 1414 3360 aut

288 3393 399 3446 uirtutis
417 3392 471 3446 eim
489 3391 579 3460 ipsam
597 3393 740 3445 centimne
761 3393 1006 3460 pulchritudo
1025 3399 1150 3447 occatur.
1179 3423 1212 3432 -
1240 3393 1280 3446 De
1299 3393 1411 3449 Steieer.

288 3480 320 3533 de
339 3480 476 3534 effectibus
495 3479 616 3534 doctrine
634 3479 741 3549 seripsit
758 3480 796 3534 M.
814 3480 922 3548 Heinze‚
941 3481 1026 3534 Berel.
1047 3483 1125 3536 1860.

174 3675 263 3726 „piens
361 3639 448 3704 Stoo.
472 3636 538 3703 ecl.
561 3639 596 3703 Π
622 3649 694 3705 116.
733 3636 830 3729 Φασὶ
854 3637 970 3704 δὲκαὶ
994 3639 1105 3705 πάντα
1128 3645 1237 3706 ποιεῖν
1260 3643 1316 3708 τὸν
1339 3637 1467 3707 σοι’λῐῖο

289 3746 366 3834 (pbr
385 3747 536 3828 (αυτοὶ)1
552 3744 665 3822 πάσας
680 3747 739 3822 τὰς
755 3745 885 3832 ἀρετάς·
921 3757 1034 3811 πᾶσαν
1056 3749 1117 3834 γὰρ
1140 3747 1262 3832 πρᾶξιν
1284 3745 1412 3814 τελείαν

289 3849 388 3917 edroi
410 3843 506 3932 εἶναι,
540 3851 592 3916 διὸ
616 3849 672 3916 καὶ
695 3851 1124 3942 μηδεμιᾶςάπολελεῖφθαι
1148 3851 1288 3942 elperici.
1330 3855 1410 3922 eino-

289 3957 418 4036 λούθως
441 3959 501 4044 γάρ
525 3957 652 4034 τούτοις
675 3955 906 4042 δογματίζουσι
937 3957 994 4024 καὶ
1025 3959 1076 4024 ὅτι
1100 3963 1186 4024 κατὰ
1208 3971 1280 4026 νοῦν
1303 3957 1410 4042 ἔχων2

288 4062 345 4129 καὶ
375 4064 588 4142 διαλεκτικῶς
618 4067 710 4128 ποιεῖ
739 4063 795 4128 καὶ
825 4079 1038 4146 συμποτικούς
1068 4065 1125 4131 nui
1149 4061 1341 4153 iperi-eegr.
1366 4104 1408 4114 -

289 4171 380 4254 (120)
412 4169 459 4256 τῷ
483 4172 544 4258 γὰρ
568 4170 772 4255 κατὰλόγον
802 4168 903 4258 ὀρθὸν
932 4170 1094 4238 ἐπιτελεῖν
1123 4173 1234 4238 πάντα
1258 4171 1316 4238 καὶ
1340 4163 1409 4239 οἷον

288 4265 366 4340 κατ’
385 4275 498 4364 ἀρετήν
505 4327 513 4358 ,
542 4275 620 4362 περὶ
649 4275 723 4342 ὅλον
752 4273 850 4342 οὖσαν
878 4279 933 4344 τὸν
960 4275 1032 4362 βίον
1061 4276 1184 4367 τέχνην,
1219 4279 1402 4346 ἀκόλουθον

362 4454 388 4516 1)
397 4456 467 4506 κατὰ
478 4453 656 4508 onidHeeren.
664 4483 696 4491 -—
708 4454 735 4520 2)
742 4457 812 4507 κατὰ
822 4465 888 4508 νοῦν
897 4457 967 4525 ἔχων
975 4455 1048 4508 libri:
1059 4461 1105 4509 καί
1113 4457 1409 4526 νουνεχύντωςῐίεουοτ.
