3148 4984
294 297 349 360 (150
763 299 954 370 Neoplatoniei.

296 459 500 548 κατανόησις.
535 462 645 548 ὥσπερ
670 456 724 526 οὖν
748 459 841 528 αὐτοὶ
864 462 902 526 τδ
925 451 1009 526 εἶναι
1033 455 1158 540 ἔχουσιν
1181 457 1232 524 ἀεὶ
1255 459 1422 540 ὡσαύτως,

297 569 398 645 οὕτως
420 565 478 632 καὶ
501 562 731 655 ἡάνθρωπίνη
749 569 836 654 ψυχὴ
859 567 945 632 κατὰ
968 567 1011 630 τὰ
1035 563 1119 630 αὐτὰ
1142 565 1183 654 τῇ
1206 565 1319 650 γνώσει
1335 567 1422 653 πρὸς

297 670 413 752 αὐτοὺς
435 670 665 752 συναπτέσθω,
694 669 825 761 εἰκασίᾳ
846 671 906 756 μέν
929 673 950 760 ἢ
972 671 1050 760 δδξη
1072 673 1093 759 ἢ
1115 670 1322 758 συλλογισμῷ
1345 697 1420 753 τινι,

297 779 486 868 ἀρχομένοις
501 778 585 846 ποτέ
599 779 669 846 ἀπὸ
685 779 808 866 χρόνον,
830 780 991 868 μηδαμῶς
1014 781 1071 867 τὴν
1087 777 1170 866 ὑπὲρ
1187 789 1292 844 ταῦτα
1308 777 1421 846 πάντα

297 884 409 952 οὐσίαν
424 887 682 969 μεταδιώκουσα,
705 891 780 965 ταῖς
803 885 840 954 δέ
862 889 1033 974 καθαραῖς
1055 885 1114 952 καὶ
1136 884 1323 969 ἀμέμπτους
1345 887 1421 974 νοή-

297 1013 393 1073 σεσιν,
417 983 471 1071 αἷς
493 988 622 1082 εἴληφεν
645 992 680 1072 ἐξ
698 990 807 1060 ἀιδίου
830 994 924 1080 παρὰ
947 1005 1013 1058 τῶν
1035 997 1135 1074 θεῶν,
1154 993 1292 1070 ταύταις
1308 991 1422 1070 αὐτοῖς

298 1097 524 1188 συνηρτημένη.
562 1101 602 1164 σὺ
631 1088 666 1164 δ>
691 1096 802 1178 ἔοικας
836 1101 990 1186 ἡγεῖσθαι
1024 1101 1081 1188 τὴν
1115 1097 1215 1187 αὐτὴν
1242 1091 1327 1164 εἶναι
1355 1112 1422 1164 τῶν

297 1202 401 1272 θείων
429 1205 488 1272 καὶ
515 1219 581 1270 τῶν
611 1205 717 1270 ἀλλων
746 1206 926 1272 ὁποιωνοῦν
956 1218 1081 1290 γνῶσιν,
1111 1202 1272 1270 δίδοσθαέ
1293 1229 1328 1270 τε
1351 1205 1422 1271 ἀπὸ

297 1325 362 1378 τῶν
392 1310 620 1395 ἀντικειμένων
647 1313 685 1378 τδ
715 1311 823 1399 ἕτερον
853 1311 983 1398 μόριον,
1014 1313 1127 1399 ὥσπερ
1158 1307 1258 1376 εἴωθε
1280 1310 1338 1376 καὶ
1361 1311 1422 1376 ἐπὶ

298 1433 363 1484 τῶν
392 1417 424 1483 έν
456 1423 526 1496 τοῖς
555 1419 799 1496 διαλεκτικοῖςι
823 1417 1092 1506 προτεινομένων.
1131 1419 1169 1484 τὸ
1193 1416 1230 1483 δέ
1252 1416 1310 1484 οάκ
1333 1415 1422 1484 ἔστιν

299 1525 449 1608 οὐδαμῶς
484 1525 736 1612 παραπλήσιον·
771 1523 970 1614 ἐξήλλακται
1006 1526 1066 1611 γάρ
1102 1523 1210 1590 αὐτῶν
1244 1527 1263 1612 ἡ
1297 1519 1421 1613 εἷ’δησις

299 1629 498 1708 ἀντιθέσεως
520 1655 555 1697 τε
570 1631 680 1719 πάσης
695 1631 897 1718 κεχώρισται,
921 1630 978 1697 καὶ
994 1630 1053 1698 οὐκ
1068 1630 1101 1696 έν
1115 1629 1164 1718 τῷ
1180 1635 1421 1718 συγχωρεῖσθαι

299 1749 352 1804 νῦν
367 1739 387 1826 ἢ
402 1736 435 1804 ἐν
450 1736 498 1824 τῷ
513 1735 685 1823 γίγνεσθαι
708 1735 893 1826 ἀφέστηκα,
918 1728 993 1804 ἀλλ’
1013 1735 1050 1826 ἦν
1073 1737 1108 1817 ἐξ
1130 1735 1237 1804 ἀιδίου
1252 1738 1422 1826 μονοειδὴς

300 1842 359 1910 ἀντὶ
381 1845 424 1933 τῇ
447 1843 537 1932 ψυχῇ
559 1844 833 1930 συνυπάρχουσαλ.

371 2018 399 2058 a.
421 2003 579 2072 [Iambliohi]
608 2004 640 2056 de
668 2003 802 2072 mysteriis
837 2004 905 2058 liber
933 2005 973 2058 ed.
1003 2003 1034 2059 G.
1062 2005 1192 2074 Parthey,
1227 2004 1313 2058 Berol.
1343 2003 1420 2058 1857.

300 2092 418 2163 Scriptor
435 2093 514 2146 huius
539 2093 614 2158 libri,
640 2093 685 2162 qui
711 2093 759 2146 sub
778 2091 905 2162 Aegpptii
924 2093 1066 2147 sarerdotis
1084 2110 1196 2164 persona
1213 2092 1352 2164 Porphyrii
1369 2092 1422 2162 epi-

301 2182 386 2236 stulae
409 2182 442 2234 ad
460 2180 611 2234 Anebonem
637 2184 691 2248 (Rl’
709 2180 793 2245 5230
818 2181 972 2251 respondet,
996 2182 1074 2250 vulgo
1099 2181 1259 2235 lamblichus
1277 2198 1333 2234 esse
1358 2181 1422 2234 fere

299 2271 387 2336 batur,
407 2270 475 2340 quod
494 2287 553 2324 oum
571 2287 666 2338 magna
684 2270 871 2340 probabilitate
889 2271 1109 2340 impugnaverunt
1128 2271 1242 2324 Meiners
1262 2269 1420 2337 (Comment.

300 2359 355 2413 Soc.
376 2358 496 2428 Gotting.
515 2359 561 2425 IV,
581 2359 676 2430 50sq.)
700 2363 728 2412 et
746 2359 856 2412 Harless
883 2361 932 2426 (D.
952 2360 1034 2413 Βκολ
1052 2375 1076 2412 υ.
1097 2359 1122 2413 δ.
1143 2364 1238 2428 ἀργγλ.
1258 2359 1421 2428 Μγελενλεα,

300 2449 418 2504 Metaris.
439 2448 528 2514 1858),
546 2449 577 2502 of.
599 2447 625 2501 Z.
643 2447 685 2500 111
702 2447 741 2501 2⁸
760 2447 820 2502 715.

297 2574 299 2577 ¹
371 2591 401 2646 b.
420 2591 560 2644 Rationem
578 2590 649 2643 haud
668 2589 785 2644 sufficere
803 2607 910 2660 ponens,
930 2590 953 2642 si
972 2593 1115 2660 quaeratur
1131 2590 1163 2642 de
1182 2591 1293 2644 veritate
1311 2607 1364 2644 non
1382 2607 1422 2644 so·
1458 2658 1464 2670 ο

300 2681 356 2734 lum
375 2681 470 2733 summi
488 2679 543 2745 (lei,
572 2695 662 2733 verum
680 2680 761 2732 etiam
778 2679 929 2732 inferiorum
948 2679 1067 2746 deorum,
1087 2680 1304 2748 geniorumoet„
1321 2697 1422 2752 'omnes

301 2768 479 2822 dubitationes
506 2767 620 2834 refutat,
649 2783 714 2838 quas
741 2770 833 2820 eontra
861 2767 1011 2836 theurgiam
1037 2771 1155 2821 moverat
1181 2768 1355 2838 Porphyrius,
1390 2769 1421 2824 ef.

300 2857 423 2910 RP‘524.
461 2857 585 2926 Sequitur
609 2859 641 2909 ut
664 2859 743 2923 neget
767 2857 926 2909 contrarium
951 2857 1022 2910 inter
1046 2857 1073 2909 id
1092 2856 1161 2926 quod
1179 2857 1282 2926 patitur
1306 2861 1334 2910 et
1352 2857 1422 2927 quod

301 2963 353 2999 non
377 2946 482 3016 patitur
506 2945 540 2999 ad
564 2945 626 2999 deos
650 2945 742 2998 referri
767 2962 843 3014 posse
865 2945 890 3012 (Ι
908 2947 951 2999 10.
971 2945 1017 3010 21)
1042 2945 1214 3015 similiterque
1232 2949 1347 3000 removet
1364 2963 1422 3000 eam

301 3034 507 3101 dubitationem,
536 3051 587 3104 qua
615 3035 752 3104 quaeritur
778 3034 902 3100 numdi,
931 3051 990 3088 oum
1009 3035 1064 3088 sint
1083 3035 1139 3088 sine
1156 3035 1290 3104 passione,
1318 3036 1422 3104 possint

301 3123 400 3178 nostris
418 3123 552 3192 precibus,
576 3124 800 3178 incantationibus
825 3123 950 3178 ooterisve
975 3124 1077 3177 artibus
1095 3123 1203 3192 magieis
1222 3124 1279 3192 eogi
1297 3129 1330 3177 ut
1347 3125 1422 3178 nobis

301 3212 450 3280 largiantur
468 3211 582 3281 aliquid:
606 3212 644 3264 IV
662 3213 678 3266 3
697 3229 723 3282 p.
743 3212 795 3266 185
809 3213 839 3266 P.
865 3215 937 3266 πολὺ
959 3213 995 3280 δὴ
1021 3209 1070 3265 οὖν
1087 3215 1209 3284 κρεῖττόν
1233 3214 1293 3266 ἔστι
1312 3216 1343 3266 τὸ
1361 3218 1422 3266 νυνὶ

301 3303 459 3373 λεγόμενον,
480 3303 512 3354 τὸ
529 3302 570 3373 μὴ
588 3296 630 3354 δι’
647 3302 831 3364 ἐναντιώσεως
850 3305 865 3368 ἢ
885 3302 1088 3376 διαφορότητος
1106 3303 1306 3355 ἀποτελεῖσθαι
1320 3304 1355 3356 τὰ
1370 3314 1422 3356 των

301 3397 375 3444 θεῶν
398 3392 479 3461 ἔργα,
505 3389 598 3464 ὥσπερ
617 3390 652 3455 δὴ
671 3392 705 3442 τὰ
724 3392 878 3462 γιγνόμενα
897 3395 994 3444 εἴωθεν
1012 3393 1200 3463 ἐνεργεῖσθαι,
1226 3392 1373 3458 ταυτότητι
1391 3391 1422 3445 δὲ

301 3484 348 3534 καὶ
372 3481 469 3534 ἑνώσει
487 3483 539 3546 ,καὶ
563 3481 699 3550 ὁμολογίᾳ
723 3482 755 3531 τὸ
778 3489 836 3532 πᾶν
854 3479 936 3552 ἔργον
960 3481 989 3533 ἐν
1009 3481 1103 3540 αὐτοῖς
1120 3485 1337 3549 κατορθοῦσθαι.
1375 3483 1423 3534 ἐὰν

301 3569 354 3639 μὲν
374 3565 423 3620 οὗν
440 3547 542 3621 καλοῦν
560 3571 576 3633 ἢ
593 3569 766 3639 καλούμενον
791 3571 806 3633 ἢ
825 3569 973 3622 ἐπιτάττον
997 3569 1249 3639 ἢλντιταττόμενον
1266 3572 1282 3634 ἢ
1299 3575 1423 3638 κρεῖττον

302 3656 317 3718 λι
328 3662 426 3730 χεῖρον
439 3657 599 3728 διαιρῶμεν,
620 3657 668 3722 τὴν
682 3667 736 3708 των
750 3661 883 3725 γενέσεων
901 3658 948 3710 ἐπὶ
967 3657 1002 3710 τὰ
1017 3666 1070 3708 των
1084 3662 1157 3710 θεῶν
1175 3659 1310 3726 ἀγέννητα
1325 3659 1422 3726 ἀγαθὰ

301 3748 497 3818 μεταφέρομεν
516 3765 574 3805 πως
592 3746 777 3810 ἐναντιότητα.
815 3742 926 3798 Omnino
951 3745 1071 3814 superius
1090 3744 1210 3814 quodque
1233 3745 1273 3798 ita
1297 3761 1325 3798 se
1344 3745 1379 3800 ad
1395 3745 1422 3800 id

303 3833 372 3902 quod
397 3849 456 3886 oum
480 3849 510 3886 eo
535 3833 703 3886 coniunctum
728 3836 770 3885 est
793 3832 902 3886 inferius
926 3833 999 3886 velut
1024 3833 1137 3886 animam
1163 3833 1196 3886 ad
1215 3850 1309 3904 eorpus
1328 3834 1422 3888 habere

303 3922 475 3988 demonstrat,
495 3924 527 3974 ut
545 3923 578 3975 ab
596 3922 645 3975 hoo
663 3921 729 3974 nihil
749 3921 852 3975 omnino
870 3921 1002 3990 patiatur:
1021 3921 1035 3976 1
1054 3923 1096 3976 10.
1133 3918 1276 3992 Propterea
1294 3924 1422 3977 emanatio

304 4027 420 4081 quaeque
444 4027 496 4064 non
521 4010 577 4064 eius
596 4012 658 4063 aotn
676 4009 733 4062 fieri
752 4010 882 4063 statuitur
900 4010 969 4064 unde
988 4010 1051 4080 quid
1069 4014 1186 4078 emanat,
1215 4011 1261 4065 sed
1279 4011 1335 4065 eius
1354 4013 1423 4084 quod

303 4103 419 4152 emanat:
447 4099 547 4152 Villa
572 4117 597 4168 p.
617 4099 670 4152 262
684 4097 713 4152 P.
743 4101 800 4152 ἀπὸ
823 4099 854 4153 δὲ
878 4109 928 4153 τοῦ
951 4100 1010 4160 ἑνὸς
1035 4103 1136 4154 τούτου
1160 4103 1175 4154 ὁ
1200 4103 1334 4174 αὐτάρκης
1360 4105 1423 4163 θεὸς

303 4189 401 4242 ἑαυτὸν
419 4189 571 4260 ἐξέλαμψε
592 4189 702 4241 διὸκαὶ
721 4190 886 4260 αὐτοπάτωρ
904 4193 950 4242 καὶ
969 4190 1110 4256 αὐτάρκης.

376 4417 403 4481 1)
422 4423 480 4477 τοῖς
498 4417 679 4478 διαλεκτικοῖς
697 4415 775 4472 Gale:
795 4426 855 4480 ταῖς
874 4420 1026 4479 διαλέκτοις
1043 4419 1111 4472 libri.
