3146 4982
688 304 776 358 Initia.
1239 304 1294 366 458

170 459 292 530 Epicurei
310 461 361 514 duo
379 461 463 516 Roma
481 462 557 516 eiecti
575 480 632 518 esse
650 466 792 518 narrantur
805 465 833 518 L.
848 464 983 518 Postumio
1002 465 1107 520 consule
1126 467 1159 532 (a.
1179 468 1226 520 aut
1241 467 1293 524 173

171 551 219 602 aut
244 549 321 615 155):
345 549 444 604 Athen.
463 551 515 604 XII
539 553 573 606 68
598 569 623 622 p.
643 551 744 618 547A;
769 552 871 608 Aelian.
896 552 927 606 V.
948 551 981 606 H.
1006 553 1045 606 IX
1068 554 1110 606 12.
1148 553 1187 609 df.
1206 553 1234 608 Z.
1253 553 1294 608 llI

172 639 187 691 1
200 637 210 668 ⁸
229 639 282 692 372
295 637 312 692 ¹.

116 778 162 818 ⁴⁴⁵
240 779 302 846 Cic.
326 782 364 846 de
389 781 476 848 Orat.
499 783 534 848 H
558 791 631 850 154.
677 784 719 848 lit
743 786 827 848 certe
851 803 915 848 uon
943 784 1020 848 tulit
1042 785 1124 850 ullos
1148 786 1227 850 haeo
1251 787 1293 850 ci·
1306 785 1486 890 phngggffgom

172 887 254 950 vitas
285 890 342 951 aut
371 889 472 970 gloria
495 891 643 955 clariores
674 893 732 954 aut
755 891 946 955 auctoritate
971 890 1131 972 grariores
1155 893 1212 955 aut
1234 893 1293 956 hu·
1347 891 1446 934 “³⁸⁰¹“

80 1026 83 1032 ·
171 995 327 1059 munitate
342 995 506 1078 politiores
522 996 557 1060 P.
574 996 732 1073 Africano,
749 996 782 1062 G.
799 997 916 1074 Laelio,
932 997 967 1060 L.
983 997 1088 1074 Furio,
1113 998 1168 1078 qui
1184 1015 1293 1063 secum

172 1101 404 1165 eruditissimos
428 1103 574 1167 homines
599 1123 637 1166 ex
661 1103 795 1168 Graecia
817 1103 926 1186 palam
955 1121 1080 1186 semper
1102 1105 1292 1170 habuerunt.

173 1215 246 1272 155.
263 1208 368 1290 Atque
386 1227 443 1288 ego
465 1208 525 1274 hoc
539 1209 610 1273 istis
627 1228 721 1292 saepe
741 1209 848 1274 audivi
862 1229 936 1274 oum
952 1209 1093 1274 dicerent
1107 1213 1293 1292 pergratum

171 1313 382 1378 Athenienses
399 1316 432 1378 et
449 1314 507 1378 sibi
525 1313 638 1380 fecisse
656 1317 689 1380 et
703 1315 815 1380 multis
832 1315 1027 1398 principibus
1044 1315 1193 1394 civitatis,
1209 1317 1294 1398 quod

171 1439 246 1483 cum
277 1421 317 1483 ad
348 1422 496 1484 senatum
525 1421 649 1502 legatos
677 1421 716 1486 de
740 1421 807 1486 suis
830 1421 977 1486 maximis
1000 1422 1095 1486 robus
1119 1423 1293 1500 mitterent,

171 1529 238 1590 tres
261 1527 347 1590 illius
371 1528 488 1592 aetatis
510 1527 725 1592 nobilissimos
740 1529 944 1610 philosophos
960 1528 1133 1605 misissent,
1157 1527 1294 1593 Carnea-

170 1633 246 1698 dem
274 1637 307 1698 et
330 1633 507 1698 Critolaum
537 1637 570 1697 et
599 1635 784 1716 Diogenem.
837 1634 952 1716 Itaque
983 1651 1036 1708 eos
1067 1635 1144 1699 dum
1173 1635 1293 1700 Romae

173 1741 280 1804 essent
305 1742 337 1804 et
360 1759 379 1804 a
403 1759 435 1803 se
460 1738 510 1823 (Q.
534 1739 662 1823 Catulo)
687 1742 720 1805 et
744 1741 783 1804 ah
808 1741 877 1804 aliis
901 1739 1087 1821 frequenter
1111 1739 1263 1806 auditos·.

243 1911 272 1952 a.
296 1897 347 1952 Cic.
363 1897 522 1952 ’16661115
541 1899 699 1968 sapientiae
717 1899 842 1954 studium
860 1903 940 1952 cetus
956 1897 989 1952 id
1003 1898 1114 1968 quidem
1131 1899 1164 1951 ia
1181 1899 1293 1966 nostris,

171 1986 219 2041 ced
237 1991 328 2040 tamea
345 1991 409 2042 ante
422 1987 516 2042 Laelii
534 1993 652 2042 aetatem
670 1993 695 2041 ct
708 1987 850 2056 Scipionis
867 2003 925 2041 aon
942 1987 1049 2054 reperto
1068 2002 1135 2054 quoa
1153 1987 1294 2055 appellare

167 2075 272 2143 possim
288 2075 462 2130 nominatim.
1110 2081 1118 2092 “

85 2246 163 2288 446Δ
241 2235 372 2314 Quintil.
395 2236 475 2300 Inst.
501 2235 588 2302 Orat.
611 2237 687 2313 Χ1,
706 2243 778 2302 123.
825 2234 887 2314 Qui
910 2235 949 2298 de
972 2235 1171 2318 philosophia
1194 2235 1293 2317 scrip·
1319 2232 1450 2338 {pilffi

174 2343 273 2406 serint
306 2379 347 2388 -
377 2343 588 2424 paucissimos
619 2342 724 2406 adhuc
759 2342 944 2422 eloquentes
974 2342 1100 2406 litterae
1130 2342 1293 2405 Romanae

173 2449 326 2513 tulerunt.
371 2448 463 2512 Idem
494 2449 592 2530 igitur
621 2448 665 2511 M.
689 2447 866 2524 TulliuS,
896 2446 1109 2528 quietique,
1141 2447 1238 2511 etiam
1261 2447 1294 2510 in

172 2556 232 2619 hoo
256 2574 348 2638 opere
365 2555 507 2618 Platonis
533 2556 679 2619 aemulus
703 2555 853 2618 exstitit⁸.
900 2554 1056 2634 Egregius
1080 2571 1154 2617 vero
1178 2555 1295 2617 multo-

172 2681 235 2743 que
260 2681 358 2742 quam
380 2662 413 2725 in
437 2663 631 2726 orationibus
656 2661 870 2744 praestantior
893 2659 1048 2724 Brutus
1073 2659 1196 2724 suffecit
1218 2679 1295 2742 pon·

172 2767 241 2832 deri
272 2787 396 2844 rerum;
433 2769 514 2832 scias
545 2787 619 2832 cum
647 2768 766 2832 sentire
791 2785 873 2848 quae
898 2765 1003 2830 dicitb.
1052 2773 1124 2830 124.
1160 2765 1294 2848 Scripsit

172 2893 236 2938 non
259 2894 374 2956 parum
404 2877 510 2938 multa
534 2874 700 2940 Cornelius
725 2873 884 2950 Celsus,
909 2871 1032 2937 Sextios
1057 2875 1204 2948 secutus,
1231 2892 1295 2937 non

174 2983 241 3046 sine
266 2983 355 3046 cultu
380 3001 416 3046 ac
438 2983 551 3046 nitore.
597 2982 776 3044 Plautus
800 2981 833 3044 in
851 2979 964 3044 Stoicis
986 2999 1094 3043 rerum
1118 2979 1294 3062 cognitione

173 3089 271 3152 utilis.
317 3089 355 3152 ln
371 3089 534 3172 Epicureis
550 3088 629 3152 levis
647 3087 785 3169 quidem,
809 3085 866 3151 sed
889 3105 952 3149 non
975 3085 1168 3150 iniucundus
1185 3088 1295 3149 tamen

175 3198 284 3260 auctor
309 3198 358 3260 est
374 3194 527 3260 Catius.
552 3231 593 3240 —
621 3201 692 3260 129.
717 3189 910 3278 (Seneca)
934 3193 967 3254 in
990 3193 1166 3276 philosopia
1180 3210 1295 3274 parum

174 3302 319 3384 diligens,
343 3302 488 3384 egregius
512 3304 621 3366 tamen
645 3301 797 3364 vitiorum
820 3298 1106 3376 insectatortfuitt

88 3465 164 3509 arcs
243 3445 363 3508 Seneca
386 3445 443 3526 Ep.
470 3452 542 3520 100,
569 3453 596 3508 l.
641 3442 815 3507 Fabiani
837 3440 998 3523 Papirii
1028 3440 1140 3516 libros,
1171 3439 1226 3520 qui
1248 3439 1296 3502 in·

175 3552 357 3616 scribuntur
380 3549 524 3633 (artium)
548 3549 706 3625 civilium,
735 3549 857 3629 legisse·
881 3549 913 3611 16
944 3545 1147 3628 cupidissime
1176 3545 1295 3623 scribis,

176 3661 208 3722 et
230 3678 295 3721 non
318 3657 519 3740 respondisse
549 3656 780 3740 exspectationi
810 3651 915 3718 tuae‘l.
946 3690 988 3698 -
1020 3662 1049 3718 9.
1078 3651 1176 3716 Adfer
1200 3670 1296 3732 quem

13 3755 15 3830 i
173 3765 313 3845 Fabiano
342 3764 444 3846 possis
473 3781 675 3846 praeponere.
721 3762 781 3826 Dio
811 3761 1062 3836 Ciceronem,
1099 3759 1189 3824 cuius
1223 3758 1296 3822 libri

175 3871 217 3936 ad
247 3871 480 3954 philosophiam
510 3870 706 3952 pertinentes
735 3887 835 3951 paene
865 3866 1000 3930 totidem
1030 3867 1106 3929 sunt
1136 3867 1214 3945 quot
1237 3864 1297 3928 Fa·

177 3979 279 4043 hiani:
311 3977 431 4054 cedam,
455 3976 597 4042 sednon
621 3975 732 4046 statim
755 3974 909 4057 pusillum
934 3975 985 4036 est
1008 3973 1036 4035 si
1060 3971 1136 4052 quid
1158 3970 1296 4034 maximo

176 4084 357 4148 mirruscst.
403 4084 462 4148 Dic
478 4083 626 4148 Asinium
649 4081 891 4145 Pollionem:
916 4079 1027 4144 cedam
1051 4080 1084 4142 et
1106 4075 1296 4158 respondea-
1412 4119 1413 4124 1

167 4209 279 4254 ‘muse
295 4191 329 4253 in
360 4209 393 4254 re
424 4192 516 4254 tanta
538 4189 678 4253 eminere
709 4189 759 4252 est
782 4188 815 4251 et
838 4187 910 4268 post
934 4185 1012 4249 duos
1037 4201 1115 4248 esse.
1160 4181 1297 4246 Nomina

175 4296 282 4360 adhuc
303 4295 476 4360 Livium.
524 4295 658 4376 Scripsit
682 4293 766 4358 enim
782 4294 815 4356 61
831 4291 981 4371 dialogos,
1005 4308 1084 4370 quos
1107 4306 1170 4352 non
1194 4288 1296 4367 magis

176 4402 392 4484 philosophiae
417 4401 625 4465 adnumerare
654 4398 755 4482 possis
788 4416 885 4478 quam
907 4396 1075 4468 historiae,
1106 4397 1138 4478 et
1161 4413 1199 4458 er
1225 4411 1301 4484 pro-

230 4521 289 4566 ruat.
303 4522 363 4563 eurr.
393 4521 433 4564 sa.
447 4521 495 4563 vn.
1048 4500 1083 4552 30
