3146 4982
665 351 794 422 Epicurei.
1234 355 1289 416 455

238 521 267 562 a.
293 506 478 566 (11848.Ιὸ
496 513 602 580 praetor
620 509 779 566 Amafinium
798 513 963 568 Rabirius
987 515 1140 570 nominatur
1163 519 1196 570 ut
1219 517 1289 572 alter

165 594 353 665 Epicureorum
377 598 516 668 interpres.
553 599 702 670 Utrumque
727 601 792 654 dicit
816 602 898 656 88718
922 609 983 658 arta
1007 603 1138 660 adhibita
1157 603 1190 658 dc
1207 605 1288 661 rebus

166 689 232 738 uate
251 687 342 740 oculos
356 687 460 755 positis
477 687 591 758 culpari
608 705 729 746 sermone
748 690 912 758 disputasse.
949 691 1032 746 Nihil
1048 692 1196 760 definiunt,
1215 693 1290 748 utlaii

161 773 342 843 partiuntur,
369 775 443 830 nihil
470 781 539 846 opta
566 777 784 848 interrogatione
817 779 1002 848 concludunt,
1034 781 1143 836 audam
1170 783 1288 852 donique

165 867 252 916 artem
271 879 326 919 esec
344 881 394 919 acc
412 863 525 923 dicendi
542 881 592 920 osec
607 865 761 921 disserendi
771 873 887 937 patant,
906 869 1039 923 confessus
1057 873 1146 924 188888
1164 887 1192 925 88
1205 871 1287 925 libros

164 951 271 1006 illorum
292 953 379 1024 ipsum
403 971 456 1008 non
481 955 627 1026 inspexisse
644 955 721 1010 Tusc.
740 955 768 1009 H
786 957 811 1010 7.
847 956 995 1011 Amafinius
1021 958 1127 1029 scripsit
1150 959 1287 1012 derorum

164 1045 268 1108 natura,
287 1042 447 1113 eandemque
464 1044 602 1098 materiam
614 1044 740 1098 Rabirius
759 1047 890 1099 tractasse
908 1046 1026 1102 videtur:
1045 1047 1200 1116 omninoque
1213 1049 1287 1101 nota·

163 1131 216 1184 bile
225 1131 402 1186 Romanorum
415 1135 547 1204 quotquot
555 1133 696 1204 Epicurum
712 1135 890 1204 sequebantur
908 1135 1044 1205 physicam
1060 1152 1113 1190 non
1127 1136 1183 1188 sine
1197 1135 1286 1189 studio

163 1220 275 1273 coluisse
299 1221 450 1290 ceteroquin
476 1221 686 1275 aRomsnorum
710 1223 823 1292 ingeniis
847 1223 975 1278 alienam:
1003 1224 1082 1277 sicuti
1100 1223 1205 1278 Cetium
1232 1225 1287 1290 (BP

162 1307 227 1373 446)
250 1324 308 1362 cum
333 1309 365 1362 de
389 1327 490 1363 summo
514 1309 582 1363 bono
607 1313 665 1364 tum
690 1311 722 1364 de
745 1328 832 1365 rerum
856 1309 953 1365 natura
977 1311 1113 1382 scripsisse
1131 1312 1285 1382 accepimus,

162 1415 186 1450 v.
206 1396 304 1451 Cumm.
324 1396 421 1468 Oruqu.
450 1397 478 1451 in
497 1395 591 1452 Horat.
619 1397 675 1452 Sat.
701 1397 777 1466 114,
798 1400 822 1453 1.
860 1399 1007 1454 Videbatur
1029 1401 1153 1454 nimirum
1179 1400 1286 1471 Epicuri

162 1485 271 1555 physica
298 1486 332 1540 ad
360 1486 564 1556 superstitiones
591 1503 622 1540 ex
650 1488 786 1542 hominum
813 1489 909 1542 animis
936 1490 1084 1544 evellendas
1112 1489 1286 1544 accommoda

162 1574 273 1628 tissima.
293 1605 327 1613 —
346 1575 421 1630 Inter
434 1573 555 1642 Graecos,
575 1576 619 1646 qui
632 1577 810 1632 Romanorum
827 1577 856 1632 in
873 1577 923 1632 hac
936 1577 1103 1648 philosophia
1114 1579 1284 1633 institutores

161 1667 246 1726 erant,
265 1664 418 1719 nominandi
437 1668 501 1718 suut
520 1665 588 1720 Zeno
607 1668 636 1718 et
653 1666 796 1720 Phaedrus.
834 1667 921 1721 Zeno
940 1666 1076 1734 Sidonius,
1101 1685 1179 1738 quem
1197 1667 1285 1724 Cicero

160 1769 185 1806 a.
205 1754 239 1807 78
258 1753 371 1808 Athenis
390 1753 493 1808 audivit
510 1753 573 1821 (Cio.
592 1754 649 1808 118.
668 1754 682 1808 Ι
701 1755 754 1821 16),
779 1755 865 1808 multa
883 1756 1019 1824 eleganter
1037 1757 1180 1826 scripserat
1196 1757 1284 1827 (Diog.

160 1841 212 1894 VII
229 1841 279 1908 353
298 1843 324 1895 X
342 1843 388 1908 25)
405 1845 434 1896 et
451 1842 636 1913 Epicureorum
655 1845 713 1896 tum
731 1843 852 1914 princeps
870 1844 1019 1897 habebatur
1036 1843 1099 1911 (Cic.
1114 1845 1147 1900 D.
1156 1845 1191 1899 N.
1206 1846 1284 1912 159).

159 1930 192 1984 Iu
209 1931 277 1984 libro
295 1931 309 1984 I
327 1931 359 1984 de
376 1931 454 1986 Deur.
468 1931 501 1984 N.
517 1931 637 1997 18-24;
656 1931 763 1986 42-56
782 1931 914 1986 Ciceronis
932 1933 990 1986 fons
1008 1932 1121 2001 uidetur,
1140 1934 1172 1986 cf.
1186 1933 1283 2002 Hirzel,

165 2019 272 2074 Uaters.
291 2019 305 2072 I
324 2021 390 2090 9sq.
409 2049 443 2060 -
462 2021 658 2088 Phaedrus,
679 2021 724 2090 qui
742 2037 766 2075 a.
786 2021 822 2076 90
839 2021 946 2088 Romae,
965 2023 1058 2090 postea
1075 2019 1188 2076 Athenis
1202 2022 1285 2092 philu-

160 2109 279 2178 sephiam
297 2109 419 2175 docebat,
439 2109 471 2162 de
490 2109 531 2162 dis
551 2109 657 2178 scripsit
675 2107 738 2175 (Cic.
758 2108 792 2161 ad
809 2107 869 2162 Att.
888 2108 955 2160 XIII
973 2110 1018 2175 39,
1037 2109 1074 2174 2),
1092 2125 1124 2162 ex
1143 2127 1194 2178 quo
1216 2111 1284 2164 libro

159 2196 248 2252 Cicero
272 2215 338 2267 quae
356 2197 437 2252 refert
460 2198 493 2251 D.
513 2197 547 2250 N.
566 2197 580 2250 Ι
598 2195 703 2250 25-41
730 2197 851 2250 hausisse
869 2197 975 2250 videtur
1002 2197 1045 2263 (cf.
1064 2197 1150 2264 Diels,
1169 2198 1282 2267 Dexogr.

159 2287 230 2351 126).
254 2315 288 2324 —
315 2287 397 2340 Paulo
422 2289 509 2338 aetate
532 2285 639 2338 inferior
661 2283 780 2338 Phaedro
809 2285 862 2338 fuit
885 2283 1103 2338 Philodemus
1127 2285 1209 2354 Syrus
1233 2285 1284 2342 Ga-

159 2375 286 2429 darensis.
322 2375 350 2428 18
367 2375 465 2428 Romae
489 2375 556 2428 uixit
579 2374 724 2444 multisque
749 2377 778 2426 81
800 2373 979 2444 philosophiae
1004 2390 1056 2443 qua
1080 2375 1182 2428 aZeno
1206 2375 1283 2430 insti·

158 2466 236 2518 tutus
255 2466 314 2517 erat
330 2463 474 2534 Epicureae
492 2463 652 2533 professione
676 2467 705 2516 et
722 2466 872 2532 poematum
896 2463 1004 2516 lascivia
1021 2463 1138 2530 eleganti
1156 2480 1283 2518 commen-

158 2553 238 2606 datus
263 2555 333 2618 erat,
361 2570 384 2606 v.
404 2552 457 2607 Cic.
483 2553 511 2606 in
529 2552 616 2606 Pison.
636 2553 685 2618 70,
714 2551 746 2604 de
764 2551 821 2606 Pin.
840 2551 867 2604 Π
886 2552 950 2617 119;
979 2551 1043 2604 Hor.
1064 2550 1201 2619 88112,
1221 2553 1281 2607 120.

10 2628 16 2636 ’
120 2691 124 2697 ,
157 2639 274 2694 Exstant
291 2658 362 2694 nunc
379 2657 411 2694 ex
428 2641 604 2694 voluminibus
618 2641 858 2695 Herculanensibus
876 2641 932 2694 eius
950 2641 1012 2693 libri
1031 2640 1063 2692 de
1081 2639 1211 2693 rhetorica
1229 2641 1281 2707 (ed.

4 3595 6 3650 1
100 3599 145 3640 aas

4 3929 10 4154 1

158 2727 235 2797 Gros,
253 2729 410 2795 Par.1840;
429 2730 447 2784 l.
462 2729 500 2782 IV
514 2729 555 2782 ed,
566 2729 686 2799 Spengel,
705 2727 751 2782 Ac.
761 2729 832 2782 Mon.
847 2729 936 2796 1887),
956 2729 988 2782 de
1001 2727 1102 2782 musica
1120 2729 1170 2795 (ed.
1182 2728 1281 2782 Kemhe

158 2817 237 2882 1884,
257 2834 354 2872 recens.
375 2815 502 2888 Gompera
518 2818 606 2883 1885),
626 2817 658 2870 de
676 2817 800 2883 moribus,
819 2817 851 2872 de
869 2817 968 2886 pietate
987 2817 1037 2884 (ed.
1052 2817 1186 2883 Peterson,
1200 2817 1282 2870 Phae-

157 2906 198 2959 dri
214 2927 242 2960 8.
252 2914 326 2960 θεῶν
339 2923 399 2959 eum
411 2906 509 2959 librum
519 2923 576 2959 esse
593 2906 723 2976 opinatus,
735 2906 819 2972 1833;
833 2905 936 2976 Sauppe
946 2907 1030 2974 1864,
1044 2905 1188 2959 Buecheler
1198 2905 1280 2972 1865;

157 2993 285 3066 Gomperz
296 2995 379 3056 1866ς
398 2995 496 3065 partim
512 2995 586 3048 Diels
604 2995 632 3048 iu
642 2995 755 3062 Doxogr.
772 2995 825 3048 529
835 2995 893 3064 sq),
913 2995 945 3048 de
962 2995 1035 3048 uitiis
1054 2993 1166 3061 (11188.
1177 2995 1280 3066 Sauppe

157 3083 246 3150 1858),
266 3083 298 3136 de
316 3083 437 3140 uitiiset
457 3083 602 3138 virtutibus
624 3080 761 3154 oppositis,
780 3084 812 3137 de
831 3084 871 3136 ira
890 3083 941 3150 (ed.
956 3081 1084 3153 Gomperz
1100 3083 1179 3150 1864,
1198 3083 1282 3138 Cobet

156 3172 247 3238 1878),
267 3191 295 3226 π.
307 3177 428 3244 σημείων
445 3171 497 3238 (ed.
516 3169 644 3242 Gomperz
664 3171 741 3238 1868,
761 3172 820 3226 alii:
838 3172 918 3226 laceri
935 3171 976 3226 illi
994 3171 1099 3241 quidem
1117 3171 1164 3226 sed
1182 3171 1216 3226 ad
1233 3172 1281 3226 illa

155 3260 308 3314 litterarum
322 3263 442 3330 tempora
453 3261 594 3314 iudicanda
607 3261 742 3332 perutiles,
756 3279 780 3316 v.
790 3261 873 3328 Scott,
888 3261 981 3329 fragm.
991 3261 1206 3327 Herculanensis,
1222 3259 1280 3315 Oxi.

155 3349 234 3402 1855.
264 3348 302 3404 Cf.
313 3350 342 3403 L.
352 3351 459 3416 Preller,
474 3350 643 3403 Philodemus
661 3347 1175 3419 (18888818,(188888Ε88981881Π23.
1202 3348 1229 3402 Z.
1239 3348 1280 3403 III

156 3439 200 3490 1⁸
219 3437 272 3492 374
283 3455 322 3508 eq.
342 3467 376 3477 -
395 3437 435 3492 Dc
454 3437 604 3508 expulsione
622 3437 808 3508 Epicureorum
826 3455 849 3490 v.
868 3443 911 3490 BP
925 3437 1018 3522 Ι4441).
1113 3513 1118 3522 δ

222 3581 389 3646 Lueretius
413 3581 452 3646 de
476 3581 550 3644 Nat.
573 3581 646 3644 Rer.
668 3581 686 3644 I
710 3589 751 3646 62

266 3704 419 3769 Humana
442 3706 517 3770 ante
540 3705 648 3769 oculos
671 3703 762 3769 foede
785 3723 859 3769 cum
881 3704 949 3768 rita
971 3705 1091 3770 iaceret

267 3811 301 3874 in
324 3812 419 3876 terris
443 3828 594 3894 oppressa
617 3811 707 3892 gravi
730 3811 789 3874 sub
812 3810 973 3892 religione,

266 3935 349 4000 quae
372 3919 470 4000 caput
492 3935 512 3981 a
535 3917 615 3982 caeli
638 3917 820 3998 regionibus
844 3917 1033 3982 ostendebat

200 4031 241 4089 68
265 4023 408 4088 horribili
432 4041 528 4106 super
551 4025 684 4106 aspectu
704 4023 893 4089 mortalibus
916 4023 1060 4088 instans:

264 4131 406 4212 primum
430 4129 547 4195 Graius
570 4130 683 4194 homo*
704 4129 849 4194 mortalis
873 4129 1004 4194 tendere
1028 4129 1138 4194 contra

265 4238 316 4300 est
339 4237 445 4300 oeulos
470 4253 567 4300 ausus
590 4236 778 4318 primusque
802 4235 956 4300 obsistere
979 4237 1106 4308 eontra3

266 4360 363 4424 quem
378 4361 482 4425 neque
498 4341 574 4406 fana
590 4342 685 4406 deum
700 4361 760 4408 neo
774 4341 910 4406 fulmina
924 4360 984 4406 uec
999 4341 1162 4406 minitanti
1209 4395 1211 4399 .

156 4481 161 4488 ·
263 4462 430 4512 murmure
447 4447 634 4530 compressit
650 4448 783 4525 caelum,
800 4447 856 4512 scd
872 4467 907 4512 eo
921 4448 1027 4530 magis
1044 4465 1149 4512 aerem

1005 4553 1061 4607 30*
