3150 4996
266 309 302 370 56
744 312 910 382 Pythagorei.

267 479 314 538 καλ
347 467 489 560 όμόφυλα
521 467 668 558 ἁρμονίας
699 469 787 540 οὗδέν
819 477 995 540 dnrde'arto'
1020 470 1058 540 τὰ
1090 479 1123 543 δὲ
1153 471 1282 560 ἀνόμοια
1310 481 1395 561 μηδέ

268 575 410 666 ὁμόφυλα
440 583 519 665 μηδὲ
543 581 673 666 ἰσολαχῆ
696 577 809 665 ἀνάγκα
839 583 879 673 τᾷ
912 579 1038 673 τοιαότιγ
1068 575 1200 675 ἁρμονίᾳ
1224 592 1390 668 συγκεκλεῖ-

268 695 353 769 σθαι,
379 693 410 753 αἶ
431 688 572 771 μέλλοντι
596 689 627 752 ἓν
649 685 753 776 κόσμῳ
776 693 962 768 κατέχεσθαι
978 697 999 753 ⁰.

339 808 367 847 a.
395 793 459 862 Ipsa
476 810 562 847 rerum
581 796 679 847 natura
698 794 834 862 (essentia)
859 794 950 848 divina
968 797 1009 848 est
1028 798 1054 848 et
1077 795 1150 850 ultra
1174 796 1318 850 humanam
1347 814 1391 852 co·

266 883 410 952 gultionem
430 883 482 936 nisi
501 882 569 951 quod
589 885 699 952 apparet
717 882 784 936 nihil
803 899 902 948 eorum,
923 887 1080 952 quaesunt,
1100 886 1221 953 cognosci
1240 886 1325 954 (item)
1345 902 1392 954 po·

265 973 349 1026 tuisse
367 972 423 1025 sine
442 971 543 1025 duobus
562 972 633 1036 illis,
652 971 723 1024 finiti
742 973 770 1025 et
792 971 904 1036 infiniti,
931 972 1072 1041 principiis.
1111 973 1184 1038 Quae
1203 977 1277 1039 suut,
1301 991 1332 1028 ea
1351 975 1394 1028 vi·-

266 1060 369 1130 demus;
398 1061 539 1114 essentiam
564 1061 725 1130 ignoramus
763 1061 827 1114 Esse
850 1059 899 1114 illa
928 1061 978 1114 duo
1006 1063 1150 1130 principia,
1179 1065 1268 1132 patet;
1297 1064 1395 1132 qualia.

266 1149 332 1215 sint,
351 1149 427 1203 latet.

337 1239 368 1294 h.
396 1239 531 1308 Principia
549 1238 599 1293 illa
617 1256 676 1293 cum
696 1245 782 1293 essent
801 1241 858 1292 tam
877 1239 1026 1304 dissimilia,
1046 1240 1159 1294 mundus
1174 1257 1224 1295 non
1240 1245 1392 1310 poteratur

265 1329 299 1382 iis
323 1329 445 1392 existere,
471 1328 523 1381 nisi
543 1329 695 1382 accessisset
718 1328 863 1382 harmonia.
901 1329 976 1397 Diog.
996 1329 1064 1382 VIII
1083 1330 1118 1384 85
1138 1329 1168 1384 de
1186 1330 1322 1384 Philolao:
1343 1330 1394 1382 do·

265 1423 309 1469 κεῖ
325 1414 356 1467 δὲ
372 1415 449 1487 αότῴ
462 1413 554 1468 πάντα
568 1415 673 1484 α’νὰγκγ
688 1418 731 1468 καλ
745 1411 861 1486 ἁρμονία
877 1419 1018 1485 γενέσθαι.
1047 1418 1149 1473 Nicon.
1161 1419 1275 1473 Ariuhm.
1296 1419 1325 1472 II
1346 1421 1392 1488 19,

265 1522 291 1573 p.
312 1505 371 1569 115,
387 1506 403 1557 2
422 1505 517 1560 Hoche.
554 1504 672 1575 ἁρμονία
691 1504 725 1557 δὲ
745 1502 853 1564 πόντιος
879 1506 909 1566 ἐξ
937 1505 1069 1558 ἐναντίων
1095 1510 1219 1566 γίνεται·
1248 1505 1306 1559 ἔστι
1334 1506 1391 1575 γὰρ

265 1592 383 1662 ἁρμονία
406 1593 584 1663 πολυμιγέων
602 1593 697 1653 ἕνωσις
716 1597 758 1646 καὶ
786 1593 852 1661 δίχα
881 1593 1060 1663 φρονεόντων
1089 1595 1292 1665 συμφρόνηοις,
1322 1613 1391 1666 quau

266 1683 384 1738 definitio
402 1685 443 1737 est
460 1684 647 1753 Pythagorica,
667 1701 690 1736 v.
709 1683 767 1738 Ast.
787 1682 821 1738 ad
839 1683 940 1738 Nicom.
960 1702 984 1753 p.
1005 1686 1064 1740 299.
1121 1739 1124 1744 A

127 1787 240 1850 harmonia
339 1785 365 1827 o.
395 1773 518 1841 Sequitur
537 1773 605 1841 apud
626 1773 767 1827 stobaeum
787 1773 894 1841 (1462)
914 1775 1061 1828 accuratior
1086 1772 1205 1828 definitio
1224 1775 1391 1839 harmoniae,

144 1851 230 1882 musica
266 1877 345 1930 quarn
364 1862 457 1916 musici
477 1861 655 1930 appellabant,
675 1878 703 1915 eu
718 1861 834 1916 Philolai
851 1861 919 1916 libro
938 1865 1070 1930 excerpta:
1089 1863 1229 1932 Ἁρμονίας
1250 1864 1282 1918 δὲ
1301 1866 1390 1934 μέγε-

265 1947 320 2008 θός
339 1946 395 2002 ἐντι
414 1949 531 2016 συλλαβὰ
549 1951 666 2019 (quarta)
686 1953 730 2001 καὶ
750 1946 791 2002 δι’
805 1948 898 2012 ὀξειᾶν
918 1952 1051 2020 1φα1111υ)·
1070 1951 1101 2002 τό
1115 1951 1148 2003 δὲ
1162 1950 1204 2004 δι’
1219 1949 1311 2014 σ’ξτιὰν
1324 1961 1391 2023 μεῐ·

265 2041 313 2100 ζον
331 2043 383 2098 τοῖς
403 2038 536 2107 συλλαβὰς
556 2035 686 2109 ἐπογδόῳ
712 2040 753 2107 (82
772 2041 808 2105 9).
846 2036 901 2091 ἕντι
928 2039 981 2107 γὰρ
1008 2035 1064 2091 α’πό
1093 2037 1199 2101 όττιίτας
1227 2039 1272 2093 ἐπὶ
1297 2044 1391 2112 μέσαν

265 2125 396 2196 συλλαβαί,
424 2124 482 2180 ino*
499 2127 533 2180 δὲ
551 2129 637 2198 μέσας
656 2127 701 2180 ἐπὶ
720 2125 822 2182 ναέταν
841 2125 883 2180 δι’
903 2125 1001 2197 ὀξειᾶν,
1025 2125 1082 2181 ἁπδ
1107 2129 1139 2182 δὲ
1164 2127 1260 2190 νεότας
1280 2130 1309 2190 ἐς
1327 2137 1390 2198 rpi-

264 2235 314 2272 ταν
342 2215 474 2286 συλλαβή,
500 2214 556 2269 dno·
580 2216 612 2270 δὲ
636 2222 729 2285 τρίτας
753 2219 780 2276 ές
810 2211 916 2270 riniaco
944 2216 986 2269 δι’
1005 2217 1113 2276 ὀξειᾶν·
1142 2217 1173 2270 τό
1200 2215 1233 2270 δ’
1252 2217 1283 2272 ἐν
1309 2220 1390 2290 μέσῳ

264 2308 352 2378 μέσας
371 2309 416 2358 καὶ
435 2310 528 2374 τρίτας
547 2305 703 2375 ἐπόγδοον·
722 2306 740 2358 ἁ
764 2305 797 2359 δὲ
817 2304 934 2374 οσλλαβὰ
960 2304 1105 2376 ἐπίτριτον,
1123 2303 1154 2360 τό
1178 2307 1210 2360 δὲ
1236 2305 1277 2359 δι’
1295 2305 1389 2371 όξειὰν

267 2393 401 2467 ἡμιόλιον,
419 2394 495 2462 (rei)
515 2393 561 2446 διὰ
586 2399 679 2446 πασᾶν
713 2393 746 2448 δὲ
778 2393 896 2446 διπλόον
928 2396 1050 2464 (quartae
1078 2398 1148 2450 ratio
1168 2398 1199 2452 3:
1219 2399 1244 2460 4,
1277 2399 1388 2466 quintae

264 2489 294 2542 2:
319 2488 349 2551 3,
379 2488 487 2540 octavae
506 2485 537 2537 2:
560 2485 597 2552 4).
635 2482 721 2542 οὕτως
749 2484 865 2551 ἁρμονία
894 2487 976 2536 πέντε
1004 2481 1131 2552 ἐπόγδοα
1159 2487 1204 2536 καὶ
1223 2485 1323 2553 <δόο>
1342 2485 1388 2538 δι-

264 2578 344 2646 έσιες,
363 2570 404 2626 δι’
423 2571 510 2634 ὀξειᾶν
529 2572 561 2626 δὲ
580 2578 641 2639 τρία
667 2571 793 2641 ἐπόγδοα
818 2576 864 2624 καί
890 2573 984 2632 δίεσις.
1021 2575 1059 2628 De
1083 2575 1132 2629 hoc
1155 2574 1211 2629 loco
1230 2593 1254 2630 u.
1274 2576 1388 2641 Boeckh,

264 2666 337 2720 Pau.
358 2666 401 2720 65.
439 2662 542 2732 Triplex
567 2663 651 2730 igitur
674 2662 807 2730 cippario:
833 2649 920 2732 ¹prima
944 2662 993 2716 illa
1026 2665 1054 2716 iu
1086 2663 1177 2718 mundi
1209 2663 1390 2732 pulcritudine

264 2769 330 2824 quaa
350 2753 473 2816 cernitur,
494 2751 581 2804 altera
600 2751 628 2802 in
647 2751 748 2804 musica
767 2751 852 2816 omni,
877 2751 958 2805 tertia
977 2753 1004 2804 in
1024 2768 1146 2806 sonorum
1165 2754 1337 2808 consonantia
1356 2769 1390 2807 ea,

264 2860 344 2911 quam
364 2845 485 2896 octavam
504 2856 551 2892 nos
570 2855 706 2904 vocamus,
726 2839 778 2892 nisi
797 2840 865 2908 quod
884 2841 939 2894 illis
958 2842 985 2894 in
1004 2857 1084 2894 uuam
1104 2841 1247 2896 confluunt.
1284 2841 1389 2896 Nicom.

262 2933 355 2986 Harm.
374 2928 475 2983 Introd.
494 2927 509 2980 I
529 2929 576 2981 16:
597 2931 622 2978 οἱ
641 2925 821 2980 παλαιότατοι
836 2957 869 2966 -
883 2923 1021 2998 ἁρμονίαν
1035 2933 1088 2998 μὲν
1107 2929 1254 2988 καλοῦντες
1275 2927 1324 2994 τήν
1339 2929 1389 2982 daci

262 3023 369 3072 πασιόν.
407 3017 502 3071 Athen.
522 3015 592 3068 XIII
611 3016 694 3070 632b:
723 3019 793 3069 Ποδ.
813 3018 858 3068 καλ
878 3017 926 3078 τήν
944 3021 997 3068 τοῦ
1016 3015 1118 3076 παντός
1137 3014 1232 3070 οόσίαν
1250 3017 1297 3070 διὰ
1315 3038 1385 3089 μου·

263 3114 340 3172 σικῆς
357 3104 507 3175 ἁποφιιίνει
527 3105 716 3174 συγκειμένην.
754 3105 933 3174 Pythagoram
953 3106 1066 3174 primum
1081 3108 1312 3162 consonantiarum
1332 3125 1386 3162 mo·

261 3201 352 3252 menta
370 3197 411 3250 vel
429 3194 609 3264 proportiones
627 3195 742 3248 numeris
761 3193 948 3248 determinasse
974 3197 1065 3248 auctor
1089 3194 1142 3248 fuit
1161 3195 1334 3261 Xenocrates,
1361 3197 1386 3250 si

261 3287 337 3342 modo
361 3301 423 3339 vera
446 3285 538 3336 narrat
561 3283 618 3348 ille,
648 3283 767 3352 quisquis
796 3285 848 3347 est,
879 3283 1031 3338 Heraclides
1056 3300 1097 3352 ap.
1122 3284 1248 3353 Porphyr.
1267 3285 1295 3338 iu
1313 3283 1386 3338 Ptol.

261 3378 352 3431 Harm.
372 3376 397 3438 3,
423 3390 447 3442 p.
467 3373 528 3426 213.
566 3371 704 3426 Praeterea
732 3371 764 3426 cf.
790 3371 943 3426 Nicomach.
969 3372 1137 3426 Harm.19.
1159 3374 1199 3426 10.
1237 3373 1329 3426 Boeth.
1354 3371 1387 3428 de

261 3465 363 3520 Musica
382 3463 395 3516 I
417 3463 459 3516 10.
481 3463 528 3532 113
548 3461 624 3530 Diog.
647 3460 713 3515 VIII
733 3461 774 3514 12.
812 3460 907 3530 Porph.
927 3461 953 3514 in
973 3460 1042 3514 Ptol.
1062 3461 1154 3514 Harm.
1174 3462 1235 3516 280.

132 3658 224 3700 manuue
332 3641 417 3706 Stob.
440 3641 506 3704 Εσλ.
528 3641 545 3703 Ι
568 3649 642 3706 418.
683 3635 835 3714 Φιλόλαος
852 3651 865 3678 ⁸
889 3637 1053 3727 ἄφθαρτον
1077 3639 1131 3705 τὸν
1154 3639 1269 3724 κόσμον
1293 3640 1383 3708 εἶναι·
1403 3679 1434 3721 51·

116 3713 236 3754 aeternus?
259 3750 335 3834 λέγει
353 3748 427 3835 γοῦν
444 3742 542 3821 οὕτως
554 3748 584 3810 ἓν
598 3747 642 3834 τῷ
658 3751 724 3831 περὶ
741 3747 842 3830 ψυχᾶς
860 3747 911 3829 [fr.
930 3755 969 3811 21
984 3747 1152 3828 Mullaoh}
1167 3755 1241 3810 420.
1265 3742 1384 3832 ,,Παρὸ

258 3861 306 3922 καὶ
331 3848 496 3941 ἄφθαρτος
520 3858 567 3918 καὶ
591 3848 819 3930 ἁκαταπόνατος
833 3854 962 3938 διαμένει
976 3849 1030 3920 τὸν
1045 3847 1168 3938 ἄπειρον
1182 3855 1294 3918 αἰῶνα·
1314 3847 1384 3920 οὔτε

258 3963 316 4049 γὰρ
332 3965 479 4029 ἔντοσθεν
495 3957 570 4025 ἄλλα
587 3985 634 4034 τις
650 3963 731 4024 αἷτιά
748 3962 973 4046 δυναμικωτέρα
994 3955 1088 4036 cirria
1103 3955 1300 4046 εὗρτδήσεται
1318 3949 1380 4026 οὔτ’

258 4067 440 4149 iirocuevb,
472 4073 597 4154 φθεῖραι
626 4062 720 4132 αὐτόν
752 4068 926 4150 δυναμένα
951 4064 1015 4133 ἁλλ’
1040 4059 1076 4152 ἧς
1100 4065 1151 4134 ὅδε
1175 4061 1190 4132 ό
1214 4065 1329 4152 κόσμος
1352 4071 1384 4144 ἐξ

258 4177 365 4253 αἰῶνος
387 4180 434 4240 καὶ
452 4178 482 4250 ἐς
498 4174 591 4239 αἰῶνα
608 4174 747 4257 διαμένει,
771 4171 809 4252 εἷς
824 4167 883 4240 dud
901 4173 965 4252 ἑνὸς
980 4181 1023 4240 τῶ
1039 4179 1196 4260 συγγινίος
1211 4177 1221 4213 ¹
1246 4181 1292 4242 καὶ
1309 4203 1388 4261 κρυ·-

329 4441 355 4510 1)
373 4445 431 4493 cciv
455 4441 613 4510 συγγενέων
636 4439 765 4495 Badham.
