3130 4980
319 345 374 410 252
836 352 921 406 Plato.

320 509 440 598 σκέψιν
461 509 567 598 ἀφυὴς
589 503 671 576 εἰναι
695 511 739 589 ὡς
762 509 855 577 οὐδέν
876 521 1013 598 χρημαὶ
1037 549 1079 560 -
1116 521 1156 578 97
1170 513 1206 575 Β.
1228 499 1319 576 Ἀλλ’
1344 510 1446 578 ἀκοά-

154 627 298 724 uffim
321 639 382 694 σας
403 614 462 700 μέν
485 639 568 682 ποτε
591 615 628 683 ἐκ
649 614 779 702 βιβλίου
801 617 902 698 τινός,
939 618 983 696 ὡς
1007 613 1086 705 ἔφη,
1118 605 1339 703 Ἀναξαγόρου
1364 617 1445 683 riva-

319 723 549 810 γιγνώσκοντος
578 721 636 788 καί
665 721 814 809 λέγοντος
845 724 890 802 ὡς
913 722 978 810 άρα
1007 733 1080 802 νοῦς
1103 722 1191 789 ἐστιν
1214 724 1232 790 δ
1255 725 1445 807 διακοσμῶν
1549 755 1550 758 “

317 854 353 896 τε
385 829 445 896 καί
478 829 613 896 πάντων
646 825 769 912 αἴτιος,
805 829 906 918 ταάτη
936 831 975 920 δὴ
1005 828 1048 919 τῇ
1072 826 1164 918 αἰτίᾳ
1188 829 1293 919 ἥσθην
1327 829 1444 898 τεκαὶ

318 932 411 1016 ἔδοξέ
443 960 503 1020 μοι
536 936 660 1023 τρόπον
688 938 762 1002 τινά
791 933 826 1006 εὖ
849 932 931 1018 &ficeto
960 937 998 1002 τδ
1021 937 1078 1004 τὸν
1108 947 1179 1002 νοῦν
1201 929 1286 1002 εἶναι
1309 935 1444 1002 πάντων

319 1040 435 1124 α’ίτιον,
459 1041 517 1108 καί
539 1041 716 1130 ἡγησάμην,
740 1039 769 1107 εἰ
791 1031 890 1110 τοῦδ’
922 1044 1023 1120 οὕτως
1046 1038 1119 1124 ἔχει,
1149 1044 1205 1109 τὸν
1227 1066 1262 1128 γε
1285 1053 1357 1109 νοῦν
1385 1067 1443 1110 κο-

318 1160 460 1238 σμοῦντα
491 1147 604 1214 πάντα
633 1152 766 1232 κοσμεῖν
794 1147 852 1214 καί
874 1146 1012 1215 ἕκαστον
1034 1148 1166 1215 τιθέναι
1188 1151 1289 1237 ταύτῃ
1312 1149 1380 1237 δ’πη
1403 1149 1444 1213 ἀν

317 1254 473 1342 βέλτιστα
506 1251 576 1344 iim·
618 1251 648 1320 εἰ
677 1251 731 1320 οὖν
760 1280 812 1334 τις
839 1256 993 1340 βούλοιτο
1022 1257 1080 1344 τὴν
1104 1251 1214 1320 αἰτίαν
1237 1256 1340 1340 εὑρεῖν
1363 1253 1443 1342 περί

319 1359 457 1428 ἑκάστου
486 1361 553 1450 δ’πη
583 1358 725 1447 γίγνεται
748 1362 769 1450 ἢ
792 1360 978 1428 ἀπόλλυται
1000 1363 1020 1452 ἢ
1043 1358 1124 1442 ἔστι,
1154 1373 1250 1428 τοῦτο
1274 1363 1342 1428 δεῖν
1365 1360 1444 1448 περί

319 1467 418 1534 αὐτοῦ
451 1469 570 1556 εὑρεῖν,
604 1468 671 1557 ὅπη
704 1466 875 1551 βέλτιστον
909 1467 997 1554 αὐτῷ
1033 1467 1122 1535 ἐστιν
1156 1468 1175 1557 ἢ
1205 1460 1290 1534 εἰναι
1319 1468 1444 1556 ἣίίλλο

319 1557 426 1641 δτιοῦν
453 1574 592 1656 πάσχειν
622 1574 789 1663 ἢποιεῖν·
828 1573 865 1640 έκ
887 1573 925 1640 δὲ
946 1575 986 1663 δὴ
1008 1585 1067 1640 τοῦ
1090 1574 1186 1660 λόγου
1209 1575 1326 1640 τούτου
1350 1573 1445 1640 οὐδέν

319 1681 400 1747 ἀλλο
429 1684 566 1746 σκοπεῖν
596 1682 773 1770 προσήκειν
801 1680 973 1769 ἀνδρώπφ
1003 1680 1061 1746 καί
1091 1679 1169 1764 περὶ
1199 1679 1299 1746 αὐτοῦ
1321 1677 1445 1746 ἐκείνου

318 1786 376 1854 καὶ
405 1785 483 1875 περί
513 1799 578 1852 τῶν
606 1786 727 1868 ἀλλων,
762 1777 877 1876 ἀλλ’ἢ
899 1789 937 1854 τὸ
961 1786 1093 1875 ἀριστον
1116 1785 1174 1852 καί
1202 1789 1241 1853 τὸ
1262 1781 1443 1873 βέλτιστον.

319 1893 494 1979 ἀναγκαῖον
522 1891 560 1960 δὲ
589 1885 673 1960 εἰναι
695 1895 752 1960 τὸν
775 1892 872 1960 αὐτὸν
893 1903 1007 1960 τοῦτον
1037 1891 1095 1958 καί
1117 1894 1156 1959 τδ
1176 1895 1283 1982 χεῖρον
1305 1891 1444 1960 εἰδέναι·

318 2002 375 2089 τὴν
397 1999 496 2088 αὐτὴν
517 2001 579 2087 γάρ
602 1991 685 2066 εἶναι
708 1995 892 2088 ἐπιστήμην
914 1998 992 2087 περί
1015 1997 1131 2066 αὐτῶν.
1162 2009 1266 2064 ταῦτα
1288 1999 1329 2088 δὴ
1352 2000 1444 2084 λογι-

318 2107 450 2190 ζόμενος
473 2105 611 2190 άσμενος
633 2104 800 2194 εὑρηκέναι
824 2093 915 2194 η’ίμην
937 2105 1136 2171 διδάσκαλον
1158 2118 1215 2194 της
1238 2101 1349 2182 αἰτίας
1365 2105 1445 2192 περὶ

318 2226 382 2278 τῶν
396 2205 496 2278 όντων
517 2215 603 2278 κατά
625 2223 697 2278 νοῦν
711 2211 852 2299 ἐμαυτῷ,
875 2214 931 2278 τδν
944 2201 1175 2299 Ἀναξαγόραν,
1199 2210 1258 2277 καί
1280 2236 1338 2295 μοι
1353 2212 1445 2300 φρά-

318 2341 386 2385 σειν
413 2331 547 2406 πρῶτον
573 2317 634 2402 μὲν
663 2318 802 2406 πότερον
825 2321 845 2406 ἦ
868 2331 908 2406 γη
930 2318 1076 2384 πλατεῖά
1100 2318 1230 2406 ἐστινῆ
1253 2318 1444 2406 στρογγύλη,

319 2423 434 2512 ἐπειδὴ
469 2423 506 2489 δέ
540 2423 700 2512 φράσειεν,
735 2423 1036 2513 ε’πεκδιηγόσεσθαι
1070 2427 1128 2514 τὴν
1162 2421 1273 2490 αἰτίαν
1301 2423 1359 2489 καί
1386 2426 1447 2512 τὴν

319 2529 472 2619 ἀνάγκην,
508 2529 642 2616 λέγοντα
664 2532 703 2596 τδ
726 2530 856 2615 άμεινον
884 2530 942 2596 καί
965 2532 1017 2596 ότι
1040 2530 1139 2620 αὐτην
1162 2530 1290 2614 ἀμεινον
1311 2529 1349 2619 ἦν
1373 2555 1445 2596 τοι-

320 2637 418 2725 αάτην
440 2629 543 2702 εἰναι·
580 2636 638 2702 καί
661 2634 691 2702 εἰ
714 2635 859 2724 ἐνμέσῳ
883 2635 968 2726 φαίη
992 2630 1076 2703 εἶναι
1099 2636 1212 2726 αὐτήν,
1247 2637 1446 2725 ἐπεκδιηγή-

319 2749 440 2809 σεσθαι
475 2743 520 2820 ὡς
555 2741 683 2826 ἰίμεινον
717 2740 755 2830 ἦν
789 2741 888 2831 αὐτὴν
922 2742 955 2809 ἐν
984 2741 1074 2830 μέσῳ
1104 2735 1206 2809 εἰναι·
1252 2741 1309 2808 καί
1332 2740 1367 2809 εἰ
1386 2767 1446 2826 μοι

319 2861 424 2914 ταῦτα
448 2846 682 2937 ἀποφαίνοιτο,
718 2849 989 2938 παρεσκευάσμην
1019 2851 1063 2928 ὡς
1086 2847 1194 2916 οὐκέτι
1217 2849 1448 2933 ποθεσόμενος

321 2953 433 3032 αἰτίας
466 2955 546 3021 ἀλλο
581 2948 676 3033 εἶδος.
713 2993 755 3004 -
793 2953 919 3042 ἑκάστῳ
950 2953 1006 3022 οὖν
1029 2955 1126 3022 αδτδν
1155 2955 1358 3022 ἀποδιδόντα
1387 2958 1447 3044 τὴν

322 3057 432 3126 αἰτίαν
466 3059 524 3126 καί
557 3061 648 3149 κοινῇ
682 3073 769 3128 πάσι
797 3063 836 3128 τὸ
867 3058 994 3148 έκάστφ
1016 3061 1186 3147 βέλτιστον
1210 3050 1301 3150 ᾤμην
1324 3061 1384 3128 καί
1406 3065 1447 3128 τδ

321 3168 428 3234 κοινδν
450 3177 554 3232 πᾶσιν
576 3164 875 3256 ἓπεκδιηγήσεσθαι
898 3168 1042 3254 ἀγαθόν·
1065 3167 1123 3235 καί
1139 3167 1197 3234 οὐκ
1219 3169 1258 3234 ἀν
1274 3168 1447 3256 ἀπεδόμην

320 3273 445 3340 πολλοῦ
466 3274 527 3350 τὰς
550 3271 699 3354 ἐλπίδας,
723 3274 807 3340 ἀλλά
829 3273 917 3340 πάνυ
940 3274 1071 3364 σπουδῇ
1094 3275 1204 3358 λαβὼν
1226 3275 1286 3351 τάς
1308 3272 1446 3359 βίβλους

320 3380 365 3457 ὡς
386 3377 525 3460 τάχιστα
548 3369 617 3456 οἷός
639 3369 670 3444 τ’
690 3377 728 3468 ην
751 3377 997 3465 ἀνεγίγνωσκον,
1031 3370 1070 3446 ἵν’
1097 3382 1142 3458 ὡς
1164 3380 1303 3463 τάχιστα
1326 3378 1447 3468 ἀδείην

320 3487 358 3552 τδ
380 3484 550 3569 βέλτιστον
573 3484 630 3551 καί
652 3487 691 3552 τδ
711 3486 846 3574 χεῖρονλ.

392 3640 420 3680 a.
440 3626 627 3694 Signifioantur
645 3627 677 3680 de
695 3628 847 3681 animalium
867 3630 928 3682 ortu
952 3646 1018 3698 quae
1044 3628 1185 3682 docuerant
1203 3628 1399 3682 Anaximander
1415 3632 1446 3683 ei

320 3713 487 3782 Anaxagoras
505 3720 549 3768 BP
568 3717 611 3769 16.
624 3716 673 3769 127
685 3716 717 3770 B.
753 3717 854 3770 Mentis
873 3717 925 3770 vim
942 3717 970 3770 in
989 3717 1115 3784 sanguine
1133 3717 1218 3770 inesse
1237 3716 1445 3770 oensueratEm-

320 3803 439 3873 pedocles
457 3803 601 3870 371390,
620 3805 648 3858 in
667 3809 726 3858 aare
744 3805 876 3872 Diogenes
896 3811 939 3860 BP
950 3807 1011 3872 167,
1029 3806 1058 3858 in
1075 3805 1136 3873 igne
1154 3805 1306 3860 Heraclitus
1320 3804 1444 3872 177300,

319 3891 347 3946 in
366 3891 470 3944 oerebro
488 3891 611 3946 Alcmaeo
630 3897 683 3959 (ΕΡ
695 3891 730 3946 55
738 3893 770 3960 o),
789 3911 813 3946 v.
824 3892 997 3964 Theophrast.
1018 3893 1049 3946 de
1069 3910 1136 3948 sens.
1156 3893 1273 3947 26.Dox.
1284 3893 1338 3947 507
1347 3916 1353 3959 ;
1373 3893 1444 3947 Plao.

319 3981 333 4033 Ι
352 3981 395 4047 17,
416 3983 438 4034 1.
459 3979 524 4034 Dox.
544 3981 605 4034 407.
625 4008 659 4018 —-
677 3980 831 4034 Aristotelis
849 3981 975 4036 indicium
992 3999 1016 4035 v.
1035 3987 1078 4035 ΒΡ
1097 3982 1173 4036 9Αε.

106 4117 314 4182 eauepnnsipalis
393 4102 425 4159 b.
453 4103 674 4174 Insequentibus
697 4107 789 4158 narrat
813 4121 840 4158 se
865 4104 935 4175 apud
957 4105 1044 4174 ipsum
1062 4104 1244 4174 Anaxagoram
1269 4107 1347 4174 longe
1366 4106 1445 4159 aliter

147 4171 290 4213 ‘mmm‘
321 4192 408 4245 omnia
426 4192 578 4262 repperisse,
596 4210 621 4246 v.
640 4198 683 4244 BP
703 4195 755 4248 123
765 4194 789 4246 d.
825 4194 945 4262 Denique
964 4194 1002 4247 sio
1020 4194 1108 4263 pergit
1126 4194 1195 4248 99Α
1223 4191 1278 4248 ἀλλ’
1302 4201 1378 4248 αἴτια
1392 4197 1445 4266 μὲν

322 4282 355 4332 τὰ
380 4291 494 4334 τοιαῦτα
514 4285 607 4335 καλεῖν
629 4285 693 4334 λίαν
718 4287 829 4336 ίίτοπον.
863 4287 888 4336 ελ
907 4283 942 4336 δέ
958 4304 998 4343 τις
1021 4287 1096 4352 λέγοι
1115 4285 1158 4336 ὅτι
1178 4289 1242 4338 ίίνευ
1262 4295 1313 4337 τοῦ
1334 4285 1368 4338 τά
1388 4305 1444 4337 τοι·

322 4378 392 4421 αῦτα
410 4370 483 4439 ἔχειν
500 4375 546 4422 καὶ
565 4372 635 4423 dota
652 4375 698 4424 καὶ
717 4381 799 4446 νεῦρα
817 4375 863 4425 καὶ
883 4373 936 4425 ὅσα
956 4375 1025 4425 άλλα
1049 4374 1103 4443 ἔχω
1130 4373 1311 4445 (Σωκράτης),
1343 4376 1391 4427 οὐκ
1410 4376 1444 4426 ἀν

322 4450 379 4516 οἷός
407 4453 427 4508 τ’
450 4457 482 4523 ἦν
510 4465 601 4530 ποιεῖν
620 4461 665 4534 Ιτίι
693 4460 815 4534 δόξαντά
841 4481 903 4532 μοι,
932 4462 1022 4527 ἀληθῆ
1050 4464 1085 4513 ἀν
1107 4463 1195 4530 λέγοι·
1225 4464 1260 4522 ὡς
1277 4467 1377 4531 μέντοι
1396 4462 1445 4516 oui
