3148 4984
643 319 800 376 Numeniue‘.
1228 315 1282 378 olo

162 478 345 568 ἐπιστήμην
366 481 386 568 ἡ
410 477 489 566 αὐτή
521 478 591 546 ἐστι
620 480 714 566 παρὰ
743 477 791 565 τῷ
814 478 969 546 δεδωκότι
999 480 1070 565 Sep]
1100 477 1158 544 καὶ
1188 481 1282 566 παρὰ

161 584 208 672 τῷ
232 582 383 674 εἰληφότι
406 583 479 669 ἐμοὶ
502 584 561 650 καὶ
584 582 647 651 σοι’.
671 623 713 634 --
745 586 794 679 (fr.
819 594 861 652 30
875 586 947 668 Th.)
972 595 1023 652 20.
1052 582 1116 650 εἶσὶ
1139 574 1173 650 δ’
1191 580 1282 652 οὗτοι

161 689 229 776 βίοι
260 692 277 758 ό
307 690 367 775 μὲν
396 692 546 780 πρώτου,
581 691 599 757 ό
630 690 666 757 δὲ
695 689 842 777 δευτέρου
878 697 968 758 θεοῦ.
1004 691 1153 778 δηλονότι
1183 691 1282 775 ὁμὲν

161 811 294 888 πρῶτος
317 800 396 878 θεὸς
418 793 511 864 ἔσται
528 793 638 878 ἑστώς,
662 798 680 864 ό
703 797 740 864 δὲ
755 798 901 886 όεότερος
924 793 1068 882 ἔμπαλίν
1090 797 1160 864 ἐστι
1176 797 1282 864 κίνοά-

161 928 263 988 μενος.
298 903 397 988 όμὲν
420 899 474 970 οὖν
497 917 631 992 πρῶτος
654 903 733 991 περὶ
755 905 797 970 τὰ
812 903 920 992 νοητά,
945 904 963 970 ό
986 902 1023 970 δὲ
1045 905 1189 990 διάτορος
1205 903 1282 991 περὶ

162 1013 203 1076 τὰ
225 1012 328 1099 νοητά
346 1010 403 1078 καὶ
428 1007 584 1099 αἰσθητά.
632 1020 683 1076 21.
706 1013 752 1098 μὴ
779 1011 957 1100 θαυμάσῃς
979 1001 1011 1077 δ’
1030 1008 1059 1078 εἰ
1080 1000 1170 1078 τοῦτ’
1191 1007 1282 1100 ἔφην,

162 1117 248 1182 πολὺ
262 1118 324 1204 γάρ
347 1113 397 1184 ἔτι
420 1117 689 1203 θαυμαστότερον
703 1117 832 1206 ἀκούσῃ.
857 1118 929 1184 ἀντὶ
944 1119 1006 1205 γάρ
1020 1131 1078 1206 τῆς
1098 1118 1282 1206 προσούσης

161 1221 210 1310 τῷ
225 1222 361 1310 δευτέρῳ
384 1225 538 1312 κινήσεως
559 1225 617 1312 τὴν
640 1233 827 1310 προσοῦσαν
849 1226 897 1312 τῷ
919 1225 1042 1313 πρώτῳ
1066 1223 1181 1291 στάσιν
1196 1222 1282 1312 φημὶ

162 1321 246 1395 εἶναι
276 1327 401 1418 κίνησιν
432 1331 612 1418 σύμφυτον,
644 1320 707 1418 ἀφ’
725 1326 763 1419 ἧς
785 1332 806 1420 ἥ
826 1356 862 1398 τε
883 1331 977 1410 τάξις
999 1341 1057 1398 τοῦ
1079 1330 1201 1415 κόσμου
1225 1328 1282 1395 καὶ

162 1438 182 1523 ἡ
204 1437 285 1524 μονὴ
308 1438 328 1524 ἡ
351 1433 457 1514 άίόιος
479 1435 537 1502 καὶ
560 1437 580 1523 ἦ
602 1434 747 1525 σωτηρία
771 1437 940 1519 ἀναχεῖται
963 1433 1010 1516 εἰς
1031 1439 1074 1502 τά
1097 1436 1187 1503 όλαᾱ.

234 1573 263 1615 ο.
283 1558 321 1614 Cf.
340 1560 375 1614 ib.
395 1560 466 1627 224
484 1560 525 1628 (fr.
545 1559 649 1626 noun)
667 1565 683 1616 ό
701 1563 755 1635 γάρ
773 1563 899 1636 δεύτερος
916 1561 1003 1628 (θεὸς)
1027 1561 1119 1624 διττὸς
1138 1565 1176 1613 ὢν
1202 1563 1282 1614 αὐτο-

128 1685 131 1691 ·
164 1655 239 1704 ποιεῖ
265 1652 315 1717 τήν
342 1669 370 1704 τε
399 1650 478 1704 ίόίαν
505 1651 607 1704 ἑαυτοῦ
633 1655 679 1704 καὶ
707 1653 756 1704 τόν
779 1653 886 1724 κόσμον
914 1651 1083 1723 δημιουργὸς
1106 1654 1153 1703 ὤν·
1187 1651 1283 1704 ἔπειτα

163 1741 326 1812 θεωρητικὸς
351 1740 423 1800 ὅλως.
461 1737 558 1793 Eodem
577 1740 713 1809 pertinent
730 1739 808 1794 haee:
836 1739 871 1793 ib.
892 1739 934 1806 18,
954 1739 990 1794 24
1017 1739 1058 1808 (ir.
1077 1740 1112 1794 32
1129 1738 1189 1804 Th.)
1211 1743 1283 1812 λαμ-

163 1829 240 1893 βάνει
259 1827 290 1881 δὲ
308 1829 335 1893 (ὁ
353 1828 533 1902 δημιουργὸς)
553 1830 585 1882 τὸ
603 1829 657 1900 μίν
674 1831 794 1901 κριτικὸν
813 1830 870 1882 ἀπὸ
889 1837 935 1896 τῆς
954 1834 1078 1901 θεωρίας,
1098 1831 1129 1882 τὸ
1148 1829 1180 1882 δὲ
1199 1831 1283 1900 ὁρμη-

164 1918 239 1969 τικὸν
258 1917 315 1969 ἀπὸ
334 1925 380 1983 τῆς
398 1917 521 1987 ἐφέσεως.
541 1945 574 1954 -
594 1914 712 1969 Tertium
731 1916 807 1969 deum
826 1916 969 1986 appellavit
986 1915 1125 1969 mundum:
1149 1915 1232 1970 Proel.
1252 1915 1279 1967 in
1307 1911 1388 2006 5:325.

162 2003 228 2058 Tim.
247 2021 273 2074 p.
292 2005 327 2058 83
346 2004 409 2070 (218
428 2003 514 2070 Sohn„
532 2004 564 2057 fr.
584 2005 619 2058 36
628 2004 688 2069 Th.)
713 2007 870 2076 Νουμήνιος
888 2006 942 2074 μὲν
960 2006 1014 2080 γάρ
1032 2010 1103 2076 τρεῖς
1122 2006 1282 2074 ἀνυμνήσας

162 2095 246 2153 θεοὺς
264 2097 370 2168 πατέρα
388 2093 441 2166 μὲν
458 2097 535 2148 καλεῖ
553 2095 601 2146 τὸν
621 2104 742 2166 πρῶτον,
767 2095 884 2160 ποιητὴν
902 2093 934 2147 δὲ
954 2095 1002 2146 τόν
1020 2093 1155 2165 δεύτερον,
1175 2098 1282 2164 ποίημα

164 2181 196 2236 δὲ
220 2185 269 2236 τὸν
292 2187 396 2253 τρίτον·
427 2185 514 2253 ὁ-γὰρ
538 2184 642 2254 κόσμος
665 2179 727 2235 κατ’
746 2185 831 2235 αὐτὸν
850 2185 865 2234 ὁ
884 2187 974 2256 τρίτος
996 2183 1055 2236 ἐστὶ
1073 2183 1151 2242 θεός·
1180 2181 1283 2236 ὥστεό

162 2267 226 2324 κατ’
244 2273 328 2324 αὐτὸν
342 2271 511 2344 δημιουργὸς
530 2271 630 2334 διττός,
650 2272 666 2324 ὅ
684 2289 712 2325 τε
731 2280 837 2342 πρῶτος
855 2275 902 2324 καὶ
921 2271 1085 2344 ὀόεότερος,
1105 2273 1136 2324 τὸ
1154 2271 1186 2324 or
1201 2271 1283 2342 όημι·

165 2361 354 2432 ουργοάμενον
372 2363 388 2412 ὁ
406 2364 502 2432 τρίτος.
542 2363 658 2432 ἄμεινον
684 2361 738 2433 γάρ
763 2369 845 2412 τοῦτο
871 2362 960 2428 λέγειν
978 2363 1001 2424 ἢ,
1027 2361 1061 2419 ὡς
1079 2360 1179 2420 ἐκεῖνός
1198 2375 1283 2429 φησιν

165 2448 322 2522 τραγῳδῶν,
343 2452 470 2513 πάππον,
491 2450 616 2518 ἔγγονον,
638 2449 787 2517 ἀπόγονον.
825 2446 863 2502 cf.
884 2447 910 2500 Z.
930 2443 1105 2502 11128220.

234 2553 266 2611 b.
285 2553 388 2607 Similia
402 2554 434 2607 de
448 2554 531 2625 primo
547 2554 602 2621 deo,
621 2571 654 2608 ne
667 2554 793 2608 materiae
807 2556 881 2607 tactu
896 2554 1127 2621 contaminaretur,
1143 2553 1285 2607 docuerant

164 2641 248 2708 Philo,
266 2641 432 2713 Apollonius,
451 2643 621 2709 Plutarchus,
639 2649 683 2696 ΕΡ
701 2644 767 2709 49ος
786 2643 854 2709 5003
874 2643 935 2696 503,

158 2767 160 2772 ·
235 2761 262 2803 ο.
282 2748 319 2804 cf.
338 2749 408 2803 Plat.
427 2749 537 2804 Phaedr.
557 2749 691 2820 246usq.

236 2855 265 2910 (l.
285 2855 450 2926 Sempiterne
468 2857 542 2926 quies
562 2855 604 2909 dei
618 2855 696 2925 primi
709 2855 816 2909 minime
834 2856 866 2908 ub
881 2858 956 2908 motu
970 2855 1100 2922 abhorret,
1120 2871 1181 2908 uam
1194 2854 1284 2907 eadem

163 2946 206 2997 est
225 2960 303 2998 cauea
320 2948 423 3012 motus,
449 2961 500 3014 quo
518 2945 638 3013 agitatur
661 2944 783 2998 mundus.
819 2941 978 3012 Demiurgus
997 2944 1080 3010 euim,
1109 2943 1171 2997 dum
1196 2942 1285 2996 condit

164 3033 299 3100 muudum,
318 3034 438 3088 intuetur
456 3034 483 3087 iu
499 3034 576 3086 deum
596 3034 708 3103 primum
728 3033 835 3102 eiusque
854 3033 882 3087 in
901 3050 948 3087 suo
962 3049 1039 3103 opere
1058 3033 1178 3102 sequitur
1196 3033 1285 3085 volun·

165 3124 249 3175 tatem
274 3139 305 3176 ao
328 3126 437 3176 nutum:
461 3121 611 3177 Numenius
629 3139 670 3192 ep.
689 3121 784 3176 Euseb.
804 3122 846 3176 Pr.
866 3121 912 3176 Ev.
932 3121 972 3175 XI
991 3123 1033 3189 18,
1052 3122 1088 3176 24
1111 3123 1152 3189 (fr.
1172 3122 1206 3176 32
1225 3121 1285 3186 Th.)

166 3213 214 3278 τὴν
239 3213 377 3285 ἁρμονίαν
400 3212 432 3266 or
457 3215 547 3266 ἰθύνει
573 3218 634 3272 ταῖς
657 3212 745 3272 torace
770 3214 906 3273 οἰακίζων·
939 3215 1032 3278 βλέπει
1058 3231 1086 3266 τε
1112 3240 1145 3249 -
1170 3215 1208 3270 εἰς
1237 3212 1285 3263 τὸν

167 3302 222 3352 ίίνω
240 3301 313 3354 θεάν.

11 3407 12 3412 ¹
115 3452 155 3495 ω
231 3439 807 3524 Porphyr.ap.sub.u01.reeo
840 3431 1050 3525 (uteru).
1088 3427 1274 3505 ’Ἀιιοιοέ

1275 3490 1281 3518 ’
1310 3487 1404 3526 hument

166 3539 209 3610 ὧν
239 3545 297 3612 καὶ
321 3546 518 3634 Νουμήνιος,
550 3546 586 3612 οὐ
609 3545 686 3635 τριά
708 3545 790 3635 μέρη
814 3559 919 3635 ψυχῆς
941 3557 1023 3629 μιᾶς
1045 3547 1065 3634 ἢ
1088 3545 1144 3610 όόο
1167 3567 1216 3629 γε,
1246 3546 1284 3610 τό
1321 3539 1400 3590 ⁶²P¹⁰¹

166 3651 294 3736 λογικὸν
316 3651 374 3717 καὶ
397 3651 521 3737 άλογον,
554 3652 637 3718 ἀλλὰ
660 3654 717 3720 όάο
741 3655 849 3739 ψυχάς
872 3649 953 3734 ἔχειν
975 3654 1059 3741 ἡμᾶς
1082 3648 1209 3718 οἴονται
1232 3689 1285 3731 -—,

165 3759 222 3845 τὴν
250 3756 310 3841 μὲν
340 3758 486 3847 λογικήν,
520 3760 579 3848 τὴν
610 3758 647 3826 δὲ
677 3758 809 3844 άλογον·
848 3754 893 3824 ὧν
916 3758 1019 3824 πάλιν
1048 3754 1162 3840 οἱμὲν
1185 3756 1284 3842 άμφω

165 3861 361 3944 ἀθανάτους,
385 3861 416 3931 οἱ
440 3863 555 3953 δὲτὴν
579 3866 709 3953 λογικὴν
732 3865 926 3932 άθάνατονῦ.

236 4001 265 4042 ο.
286 3986 360 4053 Quod
385 3989 498 4068 enimam
521 3990 549 4042 in
575 3990 640 4042 duae
665 3990 766 4044 animae
784 3990 917 4060 dispescit,
942 3989 970 4042 id
988 3988 1130 4059 respondet
1148 3986 1285 4057 partitioni

165 4074 206 4128 dei
232 4077 339 4131 secundi
362 4077 389 4130 in
414 4077 491 4131 deum
510 4078 653 4131 seeundum
672 4080 700 4130 et
718 4079 842 4132 tertium:
869 4079 945 4148 ψυχὴ
964 4081 1064 4147 ἄλογος
1087 4079 1129 4130 eet
1147 4075 1234 4128 anime
1252 4073 1285 4126 ad

164 4165 302 4219 materiam
316 4183 433 4234 vergens,
453 4169 529 4238 ψυχὴ
543 4168 638 4236 λογικὴ
652 4183 717 4236 quae
730 4167 853 4220 intuetur
866 4166 951 4220 deum.
979 4165 1017 4218 Ex
1031 4164 1142 4219 materia
1155 4161 1286 4232 proserpit

165 4269 240 4307 omne
265 4254 335 4324 quod
353 4271 462 4324 pravum
479 4255 508 4307 in
526 4255 613 4307 anima
633 4257 686 4321 est,
710 4254 819 4324 ideoque
837 4255 924 4323 ipsum
944 4270 1050 4323 eorpus,
1074 4267 1125 4321 quo
1144 4251 1230 4304 anima
1247 4249 1286 4302 iu·

166 4341 231 4396 duta
249 4346 300 4411 eet,
318 4343 417 4396 melum
435 4359 492 4396 esee
510 4343 631 4412 ponitur:
655 4342 738 4397 lamb.
757 4359 798 4412 ap.
818 4342 891 4396 Stob.
910 4341 965 4396 Eol.
983 4342 998 4394 I
1016 4341 1068 4397 896
1086 4341 1129 4408 (fr.
1148 4340 1207 4405 49);
1232 4338 1286 4393 910

166 4431 208 4498 (ir.
228 4431 281 4498 50).
318 4431 399 4485 Binan
423 4431 490 4485 istae
515 4432 616 4485 animae
641 4434 730 4500 perte-s
755 4432 806 4484 eibi
829 4431 1042 4506 invioemvreniti
1068 4429 1202 4484 revoluti
1228 4445 1285 4482 eon·
