3130 4980
573 291 703 344 Diodorus
722 292 830 346 Caunus,
1204 292 1257 354 227

135 450 296 514 bilitatem
320 468 480 533 apparare,
503 452 537 515 in
560 452 677 516 futuris
694 440 895 534 quibusdam,
919 456 995 537 quia
1016 475 1077 520 nou
1096 461 1258 540 appareat,

68 567 72 574 '
135 575 177 621 ne
199 557 304 622 inesse
329 558 457 638 quidem
480 559 605 623 videria

208 731 237 772 a.
257 716 295 771 Cf.
310 716 361 772 Cic.
381 717 412 770 de
430 717 496 772 Fato
515 720 630 773 12-14.
667 719 753 790 Epicu
770 719 971 787 Diss.1119,1
994 727 1009 775 ὁ
1027 727 1156 796 κυριεύων
1175 727 1257 794 λόγος

136 808 195 859 ἀπὸ
224 810 357 860 τοιούτων
380 817 461 860 τινῶν
486 809 622 882 ἀφορμῶν
646 811 803 879 ἠρωτήσθαι
829 817 965 881 φαίνεται.
993 821 1083 880 κοινῆς
1101 813 1155 884 γὰρ
1174 815 1256 879 ούσης

134 899 227 967 μάχης
251 902 309 956 τοῖς
336 901 407 966 τρισὶ
431 899 538 958 τούτοις
563 900 631 969 πρὸς
656 901 768 965 άλληλα,
798 903 835 968 τῷ
862 907 926 952 Πιῖν
952 903 1140 973 παρεληλυθὸς
1158 904 1257 968 ἀληθὲς

135 987 289 1053 ἀναγκαῖον
308 986 385 1048 εἶναι,
404 989 451 1038 καὶ
470 989 507 1054 τῷ
527 991 645 1056 Δυνατηῖ
664 987 806 1040 ἀδύνατον
823 989 863 1060 μή
882 991 1059 1054 ἀκολουθεῖν,
1078 995 1124 1043 καὶ
1143 994 1180 1059 τῷ
1200 995 1257 1044 Δυ-

134 1076 220 1126 νατδν
239 1074 308 1127 εἶναι
333 1076 347 1128 ὃ
367 1071 426 1128 οὔτ’
449 1076 525 1128 ἔστιν
544 1078 644 1142 ἀληθὲς
664 1073 723 1130 οὔτ’
745 1078 837 1130 ἔσται·
868 1079 988 1132 συνιδὼν
1006 1080 1054 1145 τήν
1077 1082 1172 1151 μάχην
1191 1082 1257 1132 ταύ-

134 1163 185 1227 τὴν
209 1163 384 1236 δΔιόδωρος
409 1168 441 1236 τῇ
465 1175 518 1216 τῶν
537 1167 651 1236 πρώτων
676 1165 757 1218 δυοῖν
785 1169 952 1233 πιθανότητι
981 1170 1169 1240 συνεχρήσατο
1188 1170 1257 1238 πρὸς

134 1255 314 1321 παράστασιν
332 1263 381 1305 τοῦ
399 1254 500 1319 Μηδὲν
527 1253 599 1307 εἶναι
618 1255 740 1307 δυνατὸν
759 1255 774 1307 ὃ
793 1252 852 1308 οὔτ’
875 1257 950 1309 ἔστιν
969 1258 1069 1323 ἀληθὲς
1087 1253 1147 1310 οὔτ’
1170 1257 1256 1319 ἔσται,

132 1340 205 1393 Plut.
234 1339 313 1394 θεοῖο.
338 1341 402 1412 Rep.
430 1341 473 1395 46.
520 1341 661 1396 contentio
690 1348 752 1417 περὶ
780 1345 922 1408 δυνατῶν,
955 1345 1019 1398 licat
1046 1361 1076 1398 ex
1103 1345 1257 1398 Aristotelis

132 1430 197 1483 locis
216 1434 342 1499 appareat
360 1431 520 1500 antiquiores
533 1431 614 1484 etiam
623 1431 769 1499 Megaricos
787 1433 811 1485 ei
829 1449 934 1502 operam
953 1434 1063 1501 dedisse,
1082 1451 1144 1504 praa
1163 1435 1257 1487 optaris

133 1519 262 1572 tribuitur
280 1519 402 1585 Diodoro,
430 1521 453 1574 is
471 1520 555 1587 igitur
579 1537 637 1574 eam
660 1521 688 1574 iu
713 1522 805 1590 primis
830 1522 974 1576 excoluisse
998 1523 1103 1576 videtur
1127 1526 1155 1576 at
1177 1523 1257 1576 ratio·

132 1608 230 1662 cinatio
245 1608 302 1661 aius
318 1609 422 1662 nomina
441 1619 490 1662 τοῦ
501 1613 675 1680 κυριεύοντος
692 1613 777 1680 λόγου
795 1611 864 1680 apud
878 1615 999 1681 posteros
1017 1613 1045 1666 in
1064 1629 1165 1666 summa
1177 1612 1256 1666 lauda

132 1700 198 1750 erat.
227 1697 265 1752 cf.
280 1698 414 1763 Ζε]1ετ,ι“ι.
430 1697 457 1751 ά.
477 1701 609 1769 κυριεύων
624 1698 651 1751 ά.
667 1699 840 1767 Meparikers
855 1701 1009 1768 Βῖοάοικιε,
1028 1701 1096 1756 Sata.
1105 1702 1171 1755 Ber.
1180 1701 1258 1762 Bari,

131 1787 185 1840 aa.
206 1787 282 1841 1882.
302 1816 336 1824 —
354 1785 480 1840 Finitima
497 1789 540 1839 ast
566 1787 677 1840 Diodori
706 1787 737 1840 da
765 1805 918 1842 conexorum
950 1791 1164 1844 condicionalium
1192 1793 1257 1844 veri·

132 1879 190 1929 tate
219 1875 365 1929 sententia:
392 1893 416 1928 v.
442 1875 513 1928 Sext.
531 1875 616 1929 Math.
643 1876 708 1928 VIII
733 1877 785 1930 115
819 1880 963 1949 Διόδωρος
999 1879 1031 1933 δὲ
1061 1881 1161 1947 ἀληθὲς
1185 1881 1258 1934 εἶναι’

133 1983 202 2037 φησι
237 1970 428 2036 συνημμένον,
465 1967 533 2036 ὅπερ
560 1968 629 2038 μήτε
658 1966 799 2036 ἐνεδέχετο
829 1970 897 2039 μήτε
932 1968 1073 2038 ἐνδέχεται
1100 1971 1255 2042 ἀρχόμενον

132 2051 180 2108 ἀπ’
212 2057 332 2121 ἀληθοῦς
359 2056 451 2123 λήγειν
478 2057 524 2109 ἐπὶ
550 2055 660 2122 ψεῦδος.
841 2053 843 2060 '

104 2283 123 2323 -9
203 2270 287 2334 Sext.
303 2269 405 2332 Math.
428 2269 458 2331 X
475 2276 526 2334 85.
566 2265 748 2351 Κομίζεται
771 2267 887 2334 δὲκαὶ
911 2268 992 2357 άλλη
1016 2294 1067 2347 τις
1090 2268 1252 2358 ἐμβριθὴς
1271 2286 1329 2327 nihil
1343 2289 1439 2330 movetur

132 2375 314 2464 ὑπόμνησις
338 2370 384 2452 εἰς
406 2375 444 2440 τὸ
466 2376 510 2462 μή
533 2367 618 2439 εἶναι
641 2372 768 2462 κίνησιν
782 2375 848 2440 ὑπὸ
860 2376 1027 2462 Διοδώρου
1043 2386 1101 2441 τοῦ
1116 2375 1252 2462 Κρόνου,

132 2471 180 2548 δι’
198 2478 235 2570 ἧς
258 2479 457 2568 παρίστησιν
472 2481 523 2546 ὅτι
539 2485 677 2546 κινεῖται
699 2480 758 2565 μέν
777 2481 855 2547 ούδέ
870 2480 911 2562 ἐν,
936 2480 1102 2571 κεκίνηται
1124 2481 1169 2548 δέ.
1195 2482 1253 2548 καί

131 2591 176 2677 μή
201 2592 368 2654 κινεῖσθαι
391 2586 465 2671 μέν,
500 2598 595 2653 τοῦτο
625 2588 808 2654 άκόλουθύν
838 2587 909 2654 ἐστι
944 2593 1019 2667 ταῖς
1052 2578 1128 2654 κατ’
1156 2588 1253 2656 αύτδν

131 2708 198 2760 τῶν
220 2694 347 2781 ἀμερῶν
369 2692 595 2760 δποθέσεσιν“.
650 2704 702 2760 86.
726 2696 846 2783 τὸγὰρ
871 2694 987 2782 άμερές
1010 2709 1105 2779 σῶμα
1129 2693 1252 2783 ὀφείλει

132 2801 166 2867 ἐν
195 2801 306 2888 άμερεῖ
334 2801 428 2888 τύπῳ
459 2800 673 2887 περιέχεσθαι
703 2801 761 2868 καί
791 2803 846 2867 διδ
874 2814 969 2868 τοῦτο
998 2804 1079 2891 μήτε
1109 2801 1142 2868 ἐν
1165 2801 1252 2888 αύτῷ

130 2912 298 3000 κινεῖσθαι
322 2907 568 2996 (ἐκπεπλήρωκε
591 2910 651 2995 γάρ
676 2907 786 2985 αύτόν,
816 2910 866 2974 δεῖ
893 2909 928 2974 δέ
951 2910 1055 2976 τύπον
1077 2905 1157 2991 ἐήηειν
1179 2906 1252 2992 μεί-

131 3015 208 3096 ζονα
231 3017 269 3080 τὸ
293 3015 486 3099 κινούμενον)
508 3016 589 3103 μήτε
612 3013 645 3080 ἐν
669 2999 696 3101 ᾦ
718 3018 763 3104 μή
786 3012 890 3082 ἐστιν·
915 3015 1007 3082 ούπω
1030 3016 1091 3103 γάρ
1115 3015 1203 3082 ἐστιν
1219 3015 1252 3082 ἐν

130 3120 249 3208 ἐκείνην,
272 3122 326 3186 ἵνα
349 3120 406 3187 καὶ
429 3121 462 3187 ἐν
485 3120 574 3207 αύτῷ
597 3121 730 3211 κινηθῇ.
754 3125 838 3188 ὥστε
861 3121 936 3189 ούδέ
959 3127 1106 3190 κινεῖται.
1130 3120 1251 3211 κεκίνη-

130 3253 187 3294 ται
222 3227 259 3293 δέ
293 3229 378 3293 κατὰ
412 3228 522 3313 λόγον·
561 3229 599 3294 τὸ
629 3231 689 3314 γὰρ
719 3229 878 3316 πρότερον
907 3229 940 3295 ἐν
968 3229 1050 3315 τῷδε
1078 3228 1126 3314 τῷ
1156 3228 1250 3314 τύπῳ

129 3335 360 3422 θεωρούμενον,
384 3345 479 3400 τοῦτο
502 3333 535 3399 ἐν
558 3329 656 3422 ἐτέρῳ
680 3346 732 3400 νῦν
754 3339 931 3422 θεωρεῖται
955 3336 1065 3422 τόπῳ,
1090 3335 1171 3421 ὅπερ
1193 3333 1251 3400 οὐκ

130 3441 169 3506 δν
192 3439 330 3530 ἐγεγόνει
344 3442 389 3528 μὴ
405 3439 594 3528 κινηθέντος
618 3440 717 3507 αὐτοῦ
725 3441 747 3506 ¹³.
760 3478 804 3488 -
821 3451 894 3507 112.
919 3440 1041 3519 εύθέως
1064 3441 1134 3529 γάρ,
1158 3437 1249 3529 φησί,

129 3549 168 3612 τὸ
191 3548 374 3636 κινούμενον
397 3545 430 3612 ἐν
452 3546 546 3634 τόπῳ
570 3543 666 3628 ἐστιν,
689 3549 728 3612 τὸ
751 3546 786 3612 δέ
809 3546 842 3614 ἐν
858 3547 954 3634 τδπηι
977 3547 1013 3613 δν
1035 3546 1071 3613 οὐ
1094 3551 1249 3612 κινεῖται·

129 3655 167 3719 τὸ
197 3652 262 3742 άρα
285 3654 465 3735 κινούμενον
495 3651 531 3718 οὐ
553 3656 702 3718 κινεῖται.
751 3664 824 3720 113.
849 3653 959 3741 διττής
983 3652 1019 3720 δέ
1042 3651 1138 3742 ούοης
1160 3654 1249 3741 κινή-

129 3782 219 3842 σεως,
242 3771 322 3843 μιᾶς
344 3758 403 3843 μὲν
425 3772 482 3848 τής
504 3748 581 3825 κατ’
607 3759 828 3847 ἐπικράτειαν,
859 3759 1010 3847 δευτέρας
1033 3759 1069 3826 δὲ
1091 3772 1148 3848 τῆς
1171 3749 1245 3825 κατ’

128 3862 347 3953 είλικρίνειαν,
382 3865 439 3932 καὶ
469 3855 545 3932 κατ’
571 3865 784 3954 ἐπικράτειαν
813 3866 872 3951 μέν
900 3867 1106 3955 ὑπαρχούσης
1135 3855 1186 3953 ἐφ’
1211 3861 1249 3953 ἧς

128 3986 194 4037 τῶν
216 3972 375 4038 πλειόνων
403 3971 597 4055 κινουμένων
626 3986 731 4060 μερῶν
756 3985 814 4040 τοῦ
836 3975 989 4058 σώματος
1011 3969 1106 4057 ὀλίγα
1129 3971 1247 4060 ήρεμεῖ,

127 4067 205 4144 κατ’
231 4075 436 4165 είλικρίνειαν
459 4077 495 4144 δέ
517 4068 568 4167 ἐφ’
594 4074 632 4168 ἧς
655 4079 767 4144 πάντα
790 4084 928 4146 κινεῖται
951 4082 993 4145 τδι
1017 4089 1075 4145 τοῦ
1097 4079 1249 4160 σώματος

126 4183 226 4272 μέρη,
262 4185 351 4250 δοκεῖ
372 4185 495 4251 τούτων
517 4198 582 4250 τῶν
606 4185 696 4251 δυοῖν
718 4187 870 4275 κινήσεων
893 4189 912 4274 ἦ
935 4174 1010 4251 κατ’
1037 4183 1248 4271 ἐπικράτειαν

127 4295 353 4380 προηγεῖσθαι
375 4304 432 4379 τῆς
455 4279 530 4357 κατ’
557 4288 771 4380 εἱλικρίνειαν.
800 4331 842 4342 -
874 4302 948 4360 115.
972 4290 1041 4374 οὐχί
1063 4288 1100 4356 δέ
1122 4314 1156 4375 γε
1178 4286 1248 4356 ἐστι

127 4421 178 4476 τις
201 4386 281 4464 κατ>
307 4395 520 4485 ἐπικράτειαν
543 4396 676 4486 κίνησις,
700 4400 744 4477 ὡς
760 4400 1029 4487 παραστήσομεν·
1052 4394 1158 4464 τοίνυν
1174 4386 1244 4462 οὐδ’

1557 4135 1559 4198 λ

1456 4565 1559 4606 ,..
