3146 4982
301 321 356 384 430
662 390 670 400 .
757 321 838 375 Stoici
856 321 963 392 priores.

301 481 361 566 μέν
391 478 444 548 οδν
474 473 557 546 ε’ίναι
580 480 641 546 όσα
665 481 758 566 λόγος
782 477 869 568 αἱρεῖ
891 483 1008 560 ποιεῖν,
1037 480 1081 558 ὡς
1104 475 1168 561 iicet
1192 483 1295 564 γονεῖς
1318 489 1423 562 τιμᾶν,

302 589 470 675 ἀδελφούς,
496 584 652 674 πατρίδα,
676 585 982 675 συμπεριφέρεσθαι
1000 583 1126 674 φίλαις·
1157 587 1252 672 παρὰ
1274 587 1312 652 τὸ
1335 591 1425 651 καθ’

302 707 380 784 bnon
411 693 447 760 δέ
476 693 537 759 ὅσα
565 695 610 781 μὴ
640 689 727 780 αῖρεῖ
756 693 864 778 λόγος,
896 693 940 770 ὡς
964 687 1027 774 iicet
1057 693 1274 773 τὰτοιαῦτα,
1309 690 1425 776 γονέων

302 801 444 886 ἀμελεῖν,
474 799 623 888 ἀδελφῶν
651 799 892 887 ἀφροντιστεῖν,
927 796 1039 887 φίλοις
1068 800 1114 886 μὴ
1137 795 1424 879 συνδιατίθεσθαι,

303 904 452 994 πατρίδα
474 907 638 994 ὑπερορᾶν
660 904 718 971 καί
741 907 783 970 τὰ
806 905 1045 993 παραπλήσια·
1085 913 1158 972 109.
1182 902 1254 970 οὔτε
1277 903 1314 970 δὲ
1336 909 1425 969 καθ-

302 1014 421 1101 ήκοντα
446 1009 518 1078 οὔτε
541 1012 636 1100 παρὰ
658 1013 697 1078 τὸ
719 1017 868 1100 καθῆκον
891 1011 952 1078 όσα
980 999 1060 1077 oto'
1087 1007 1173 1098 αῖρεῖ
1196 1011 1290 1096 λόγος
1315 1009 1424 1098 πρότ-

302 1143 369 1188 τειν
391 1107 465 1186 οότ>
483 1119 687 1205 ἀπαγορεύει,
711 1109 780 1184 οἷον
803 1117 929 1206 κάρφος
952 1116 1143 1199 ἀνελέσθαι,
1167 1121 1321 1206 γραφεῖον
1343 1141 1425 1204 κρα-

303 1229 369 1291 τεῖν
392 1227 412 1314 a
435 1222 606 1318 στλεγγίδα
629 1222 687 1290 καὶ
710 1226 751 1288 τὰ
774 1224 874 1307 όμσια
897 1225 1033 1302 τούτοις.

265 1433 278 1460 ⁸
374 1368 550 1433 Stobb'ol.
580 1367 725 1448 11158„
769 1371 841 1430 Τῶν
871 1365 908 1432 δέ
936 1335 1151 1454 καθηκόντων
1179 1367 1221 1430 τὰ
1250 1364 1310 1448 μὲν
1343 1357 1496 1431 εἷναί418ιί
1560 1457 1562 1462 Ι

156 3384 275 3425 affeotnum
296 3407 298 3413 ι

183 3449 263 3489 genera

304 1493 389 1560 φασι
413 1470 530 1553 τέλεια,
555 1469 577 1537 ἃ
599 1473 638 1560 δὴ
662 1470 720 1538 καὶ
749 1473 1070 1559 κατορθώματα
1093 1469 1266 1558 λέγεσθαι·
1305 1495 1426 1559 κατορ-

303 1580 448 1661 θώματα
472 1579 492 1644 δ
497 1567 507 1594 ’
525 1570 608 1644 εἶναι
626 1580 669 1643 τὰ
683 1567 763 1644 κατ’
782 1578 896 1667 ἀρετὴν
912 1577 1111 1666 ἐνεργήματα
1135 1569 1204 1645 οἷον
1226 1581 1264 1644 τὸ
1287 1581 1426 1667 φρονεῖν,

303 1687 342 1752 τδ
365 1678 624 1772 δικαιοπραγεῖν.
661 1683 719 1750 οὐκ
742 1676 831 1752 εἶναι’
857 1683 893 1750 δέ
916 1687 1166 1773 κατορθώματα
1189 1687 1232 1750 τὰ
1254 1687 1300 1774 με)
1324 1686 1427 1763 οὕτως

303 1787 426 1874 iborea,
459 1787 542 1880 ἃδε)
566 1789 641 1856 οὐδὲ
662 1789 771 1856 τέλεια
795 1792 988 1880 καθήκοντα
1012 1791 1318 1879 προσαγορεύουσιν,
1342 1791 1427 1857 ἀλλά

302 1897 387 1981 μέσα
411 1887 479 1964 οἷον
501 1899 538 1963 τδ
562 1899 684 1982 γαμεῖν,
708 1898 746 1963 τὸ
763 1898 958 1986 πρεσβεύειν,
983 1899 1021 1964 τὸ
1045 1896 1268 1984 διαλέγεσθαι,
1292 1900 1335 1964 τὰ
1351 1897 1428 1964 τοδ-

302 2029 373 2084 τσις
406 2005 514 2088 ὅμοια.
553 2041 593 2052 -
629 2013 698 2068 πᾶν
732 2003 770 2070 δέ
802 2005 841 2070 τδ
874 2006 967 2091 παρὰ
1001 2005 1040 2070 τὸ
1070 2010 1219 2094 καθῆκον
1248 2005 1282 2071 έν
1306 2003 1432 2091 λογικῷ,

303 2108 444 2200 <ζφίμ>1
465 2110 626 2197 γινόμενον
649 2110 826 2199 ἁμάρτημα
842 2103 941 2176 εἶναι·
964 2112 1002 2177 τὸ
1025 2109 1061 2177 δέ
1083 2117 1231 2200 καθῆκον
1252 2109 1429 2176 τελειωθέν

303 2219 508 2306 κατόρθωμα
531 2215 692 2302 γίνεσθαι.
764 2212 777 2230 ”
1274 2230 1276 2235 ’

375 2375 403 2416 a.
429 2359 467 2414 of.
487 2359 539 2414 on.
565 2360 597 2413 a
621 2358 671 2414 or.
690 2359 704 2412 1
722 2361 753 2426 u;
779 2359 852 2414 sau.
871 2333 928 2413 nol
945 2359 973 2413 n
1000 2359 1057 2414 ιει.
1079 2361 1139 2414 192.
1159 2359 1220 2414 eno.
1258 2359 1426 2429 chrysippus

302 2451 357 2516 (nr
366 2449 418 2503 417
426 2449 453 2514 a)
472 2449 558 2502 omnia
577 2447 661 2502 offitia
671 2454 761 2520 μέσας
776 2452 887 2522 πράξεις
899 2451 928 2502 et
943 2449 1060 2502 actiones
1076 2460 1130 2502 τῶν
1140 2451 1355 2522 προκοπτόντων
1369 2463 1428 2502 esse

304 2538 421 2604 docebat,
435 2539 639 2611 κατορθώματα
655 2537 760 2590 easdem
776 2541 870 2605 egente
882 2538 1013 2607 sapiente:
1028 2537 1109 2592 Clem.
1123 2536 1225 2591 Posui
1235 2537 1277 2604 13,
1291 2554 1317 2606 p.
1333 2537 1388 2592 159
1397 2537 1427 2592 P.

303 2629 336 2680 τὸ
350 2627 381 2680 δὲ
399 2627 626 2698 κατορθούμενον
634 2627 705 2679 κατὰ
716 2627 765 2692 τὴν
778 2627 926 2695 τοῦλόγου
942 2628 1065 2693 ὑπακοὴν
1079 2635 1219 2700 προσῆκον
1236 2630 1283 2680 καλ
1302 2633 1428 2693 καθῆκον

303 2721 432 2770 Στωϊκῶν
459 2717 627 2788 ὀνομάζουσι
656 2714 761 2774 παῖδες.
799 2713 851 2768 Cio.
876 2715 908 2768 de
933 2713 983 2769 Off.
1002 2715 1043 2768 III
1068 2715 1103 2768 14
1130 2715 1198 2770 boec
1227 2715 1300 2768 onim
1328 2715 1426 2770 omnia

302 2803 413 2870 officio,
443 2802 476 2857 δε
494 2803 594 2872 quibos
611 2803 654 2856 bis
673 2802 752 2856 libris
770 2802 947 2871 disputamus
953 2843 961 2870 ‚
989 2803 1082 2856 nordio
1099 2801 1187 2859 Stoici
1205 2803 1366 2873 appellant:
1395 2819 1428 2858 aa

303 2892 460 2946 emnmnnia
478 2897 546 2946 sont
564 2897 591 2944 et
610 2891 664 2944 late
678 2896 796 2960 potent;
824 2907 897 2960 φιαε
921 2897 949 2947 et
972 2892 1079 2960 ίκρενιίι·
1104 2892 1226 2946 bonitate
1249 2891 1334 2946 multi
1353 2906 1427 2946 αεετ·

303 2985 429 3050 quantor
448 2985 473 3034 et
486 2979 678 3049 properatione
697 2979 830 3034 discendi.
867 2980 941 3034 ι’ῖῖαά
959 2987 1053 3034 aotam
1071 2979 1209 3047 officium,
1229 2979 1302 3050 qaod
1321 2985 1428 3034 reatum

302 3067 376 3122 idem
395 3068 554 3136 appellant,
579 3065 734 3136 perfeetum
759 3073 842 3138 atque
861 3069 1020 3124 absolutam
1044 3074 1083 3124 est
1102 3074 1142 3135 et,
1169 3074 1204 3122 ot
1221 3068 1295 3122 idem
1313 3067 1426 3135 etiamr,

303 3171 393 3210 omnes
406 3171 533 3212 nonnos
552 3156 632 3211 babet
645 3173 694 3212 ooo
710 3162 823 3224 praeter
835 3157 985 3226 sapientem
998 3157 1096 3212 eadere
1109 3158 1141 3210 ι’νι
1154 3173 1315 3226 quemqnam
1324 3161 1427 3226 petest.

372 3369 480 3435 Oieero
503 3369 595 3434 Tusa
617 3369 665 3432 IV
691 3379 719 3435 9.
766 3369 849 3448 Quia
872 3370 1068 3454 Chrysippus
1093 3372 1126 3434 et
1150 3369 1256 3446 steini,
1287 3389 1363 3435 enm
1387 3371 1480 3435 δε419

305 3477 403 3541 animi
431 3476 723 3560 perturbationibus
752 3476 948 3560 disputant⁸‚
982 3495 1134 3558 magnam
1161 3479 1288 3558 partem
1317 3477 1352 3540 in
1375 3477 1427 3541 his

301 3582 478 3666 partiendis
509 3584 542 3646 et
565 3581 751 3647 definiendis
776 3583 921 3666 oeoupati
944 3585 1035 3660 sunt,
1067 3619 1112 3632 -
1149 3569 1200 3647 1'1.
1226 3584 1359 3647 utemur
1385 3619 1428 3630 -

307 3688 486 3754 Stoioorum
510 3687 745 3752 definitionibus
769 3691 802 3752 et
823 3689 1065 3772 partitionibus,
1095 3689 1150 3770 qui
1172 3688 1252 3752 mihi
1274 3689 1428 3754 videntur

302 3796 337 3859 in
365 3796 426 3860 hae
457 3795 642 3876 quaestione
673 3795 801 3860 verseri-
824 3796 1016 3860 entissime.
1069 3795 1130 3858 list
1163 3795 1262 3875 igitur
1290 3795 1427 3860 Zenonis

303 3903 382 3966 haee
406 3901 561 3978 definitio,
594 3903 634 3964 ut
661 3891 859 3983 perturbatio
884 3903 939 3980 sit,
975 3901 1059 3983 quod
1085 3899 1226 3976 πάθος
1255 3899 1309 3964 ille
1339 3900 1427 3977 droit

303 4027 415 4074 aversa
451 4027 469 4072 a
502 4009 590 4071 reete
625 4007 748 4072 ratione
787 4009 899 4072 eontra
927 4010 1079 4073 naturam
1115 4007 1213 4071 animi
1232 4011 1237 4017 ”
1247 4007 1427 4072 commotio.

302 4113 442 4193 Quidam
462 4113 600 4178 brevius
631 4115 904 4196 perturbationem
938 4133 1007 4180 esse
1044 4115 1224 4198 appetitum
1255 4114 1429 4179 vehemen-

302 4221 429 4298 tiorem,
463 4219 519 4284 sad
549 4219 818 4285 vehementiorem
848 4239 922 4286 eum
951 4222 1063 4286 uolunt
1093 4239 1178 4298 esse,
1213 4221 1269 4302 qui
1298 4221 1427 4302 longius

374 4431 402 4494 1)
421 4428 476 4500 ζῴῳ
495 4431 554 4485 add.
574 4431 757 4486 Waehsmuth.
