3140 4990
615 323 792 393 Empedocles.
1196 322 1247 382 141

125 481 245 540 δ’τακτόν
267 499 334 552 φησι
357 486 405 548 τῆς
428 482 516 552 φορᾶς
539 485 585 534 καὶ
606 479 768 550 δστηρικτον
786 482 916 536 τοσοῦτόν
935 501 962 536 τι
976 489 1008 552 τῇ
1027 485 1163 554 ἡμερησίην
1181 491 1248 555 βρα-

126 573 222 626 δύνειν
231 577 333 641 πορείᾳ,
348 567 412 630 ὅσος
423 575 473 624 νῦν
487 571 582 640 καιρός
594 571 669 626 ἐστιν
679 568 694 624 ὁ
703 568 867 641 ἑπτάμηνος.
886 573 927 626 Of.
939 574 1053 628 Karsten
1064 574 1246 651 pam-437.

126 663 200 718 Plao.
219 663 244 716 V
262 663 304 716 18.
324 663 388 716 Dox.
408 661 469 714 427.

198 768 227 826 d.
261 767 373 824 Aristot.
399 767 479 832 Phys.
506 767 533 820 ΙΙ
558 767 582 821 4.
609 767 688 822 1968
713 767 755 822 20.
801 762 893 834 ὥσπερ
921 762 1102 837 Ἐμπεδοκλῆς
1130 765 1178 820 οὐκ
1205 764 1248 822 αἐὶ

121 841 176 909 ’τδν
194 853 261 923 α’έρα
280 851 407 908 ᾰνωτιὶτω
426 851 626 922 α’ποκρλνεσθαί
643 872 733 924 φησιν,
758 849 817 906 αλλ’
835 851 913 914 ὅπωςΙ
930 853 965 906 δν
984 855 1064 924 τύχη.
1084 856 1157 924 λέγει
1175 861 1248 926 γοῦν

127 943 208 1012 ε’ντῇ
226 949 387 1012 κουμοποιίρ
411 937 448 1002 οἷς
476 944 563 995 οὕτω
592 945 785 1010 συνέκορσε
814 942 903 994 δίων
929 942 1021 1008 τότε,
1049 943 1197 997 πολλοίκι
1215 943 1247 998 δ’

126 1031 241 1092 ἄλλως.
269 1035 315 1084 καὶ
333 1029 367 1083 ari
385 1032 469 1102 μόρια
487 1035 544 1084 τῶν
562 1031 638 1103 ζρίων
656 1028 710 1084 dno
730 1031 810 1100 τύχης
830 1033 963 1099 γενέσθαι
980 1031 1013 1084 ra*
1030 1032 1144 1086 πλεῖστά
1164 1051 1248 1104 φησιν

127 1113 214 1180 οὗτος.
252 1121 316 1176 Gen.
333 1121 515 1176 etOorr.117.
527 1121 579 1186 Ιὁτὲ
598 1119 632 1172 δέ
650 1137 716 1190 φησι
735 1121 888 1188 πεφυκέναι
906 1120 936 1174 τὸ
956 1125 1010 1190 πυρ
1028 1117 1086 1174 ἅνω
1102 1123 1247 1192 φέρεσθαι,

127 1204 291 1277 ὁδάἰθηρ,
305 1213 549 1281 φησί,μακρῇσι
568 1203 653 1261 κατδ
668 1202 786 1278 χθόνα
801 1207 906 1261 δυέτο
924 1209 1043 1279 ῥίζαις,
1081 1211 1151 1266 Nam
1166 1214 1247 1268 etiam

127 1300 155 1353 in
165 1302 250 1354 terrae
259 1299 401 1354 visceribus
412 1299 541 1352 aetherem
551 1302 579 1352 et
589 1299 675 1367 ignem
685 1297 767 1352 latere
777 1297 906 1364 censebat,
918 1299 950 1353 oi.
962 1299 1045 1356 Prool.
1057 1301 1123 1354 Tim.
1132 1301 1176 1356 III
1187 1303 1247 1357 141.

128 1395 175 1456 (vs
196 1389 258 1456 162)
277 1386 385 1440 πολλδ
403 1387 422 1438 δ
428 1383 434 1400 ³
449 1383 548 1456 ἔνερθ’
562 1383 662 1446 οδδεος
678 1391 687 1427 1
707 1387 782 1456 πυροί
800 1393 903 1439 καίεται
917 1389 979 1452 (207
992 1389 1045 1454 K),
1065 1405 1124 1442 cum
1143 1395 1248 1459 propter

128 1477 227 1532 calidos
245 1477 332 1530 fontes
351 1481 408 1530 tum
427 1480 563 1546 propterea
582 1477 649 1546 quod
668 1476 726 1544 igni
745 1492 848 1529 omnem
867 1476 980 1530 durandi
998 1481 1078 1546 atque
1092 1479 1248 1548 congelandi

127 1567 181 1622 vim
199 1566 309 1635 tribuit3
337 1583 390 1634 qua
408 1567 489 1620 etiam
508 1582 585 1630 saxa,
613 1565 749 1634 scopulos,
778 1565 879 1633 lapides
898 1565 989 1619 effoeta
1007 1569 1102 1634 putat,
1122 1584 1147 1621 v.
1165 1568 1247 1622 Arist

127 1655 215 1710 Probl.
225 1655 315 1708 XXIV
327 1657 368 1708 11.
387 1655 475 1707 Venus
493 1654 600 1708 humore
619 1671 660 1707 res
678 1653 789 1715 emollit,
811 1651 951 1710 Discordia
970 1655 1055 1708 calore
1074 1657 1195 1720 exsiccat,
1215 1656 1248 1712 ef.

127 1743 263 1799 Plutarch.
283 1743 314 1796 de
332 1741 375 1798 Pr.
394 1743 466 1810 Frig.
483 1745 517 1796 16
535 1743 563 1796 et
581 1743 628 1796 hos
646 1758 735 1796 versus
754 1757 795 1810 ap.
816 1741 908 1810 Simpl.
928 1742 959 1796 de
978 1743 1058 1797 Caelo
1077 1761 1102 1814 p.
1122 1744 1192 1799 607Γ
1205 1745 1249 1798 Br.

163 1833 216 1888 215
253 1829 290 1890 ιδς
309 1829 342 1884 δὲ
360 1829 423 1884 τότε
442 1831 535 1900 χθόνα
554 1825 666 1898 Κύπρις,
686 1825 767 1882 ἕπεθ’
786 1827 893 1894 ἐδίηνεν
912 1827 942 1882 ἐν
962 1827 1064 1902 ὄμβρῳ,
1160 1835 1212 1888 209

252 1918 319 1984 ἡδέα
338 1913 536 1974 ποιπνύουσαῖ
555 1923 614 1988 θοῷ
632 1921 697 1986 πυρὶ
716 1917 790 1969 δῶκε
807 1923 945 1987 κρατῦναι.

128 2010 265 2064 Animalia
283 2009 371 2062 omnia
390 2011 431 2062 ait
448 2009 525 2077 gigni
544 2009 572 2062 in
591 2009 673 2072 sicco;
693 2005 776 2060 Arist.
796 2006 827 2060 de
841 2009 961 2076 respirat.
973 2009 1016 2062 14.
1026 2009 1099 2064 4771>
1115 2011 1138 2064 7.
1158 2008 1250 2074 ’lisia

128 2099 156 2156 ἐξ
174 2097 257 2166 ἀρχῆς
275 2095 366 2149 αὐτῶν
385 2097 452 2164 (scil.
472 2093 550 2168 ζῴων
560 2097 639 2164 etiam
650 2094 785 2164 ἐνύδρων)
800 2089 929 2147 σύστασιν
944 2095 1032 2163 λέγων
1049 2099 1183 2164 γενέσθαι
1196 2098 1250 2168 μὲν
1308 2105 1310 2110 ’

128 2185 158 2240 ἐν
176 2191 214 2258 τῷ
234 2190 304 2258 ξηρῷ
318 2201 394 2255 φησι,
413 2186 557 2254 φεύγοντα
576 2178 603 2234 δ’
624 2183 719 2236 ἐλθεῖν
738 2187 774 2242 εἰς
791 2182 823 2236 ro*
841 2184 935 2252 ὑγρόν.
972 2185 1024 2238 477
1039 2197 1052 2224 a
1070 2187 1112 2240 32.
1132 2186 1250 2254 φάσκων

128 2274 163 2329 tri
182 2275 343 2345 θερμότατα
368 2277 413 2325 καὶ
436 2278 491 2344 πῦρ
511 2271 613 2342 ἔχοντα
632 2273 759 2325 πλεῖστον
777 2277 837 2324 τοῖν
855 2272 929 2342 ζῴων
947 2269 1048 2340 ἔνυδρα
1069 2259 1153 2343 εἶναι,
1178 2271 1249 2344 pari-

127 2384 214 2434 γοντα
234 2363 283 2428 τήν
302 2359 452 2432 ὑπερβολὴν
471 2365 516 2426 τῆς
536 2361 567 2414 ἐν
584 2366 616 2428 τῇ
634 2359 716 2430 φύσει
734 2353 910 2430 θερμότητος.

69 2581 109 2622 res
194 2561 280 2624 Piae.
303 2559 332 2622 V
359 2567 409 2637 26,
432 2569 462 2624 4.
492 2559 570 2624 Dox.
593 2567 668 2624 438.
713 2554 918 2643 Ἐμπεδοκλῆς
948 2565 1054 2643 πρῶτα
1078 2558 1117 2624 τὰ
1139 2561 1249 2646 δένδρα

127 2668 189 2732 τῶν
213 2665 325 2755 ζῴιννλι
348 2669 379 2732 ἐκ
402 2667 458 2751 γῆς
481 2663 633 2731 ἀναδῦναί
653 2691 744 2751 φησι,
769 2670 840 2750 πρὶν
863 2660 918 2730 τὸν
941 2659 1025 2750 ἣλιον
1041 2675 1059 2740 †
1076 2674 1249 2751 περιαπλω-

128 2771 252 2858 θῆναιλ
275 2779 322 2838 καὶ
347 2779 417 2858 πρὶν
439 2767 554 2858 ἡμέραν
577 2778 626 2836 καὶ
650 2769 744 2836 νύκτα
774 2773 990 2858 διακριθῆναι·
1021 2771 1071 2836 διὰ
1104 2777 1138 2838 δὲ
1169 2800 1249 2856 συμ-

127 2883 252 2964 μετρίαν
282 2886 335 2963 τῆς
363 2877 495 2964 κράσεως
518 2877 571 2944 τὸν
596 2877 651 2943 τοῦ
675 2869 802 2964 δι’ρρενος
824 2884 872 2942 καὶ
897 2878 951 2942 τοῦ
974 2877 1087 2963 θήλεος
1109 2879 1249 2963 περιέχειν

127 2983 239 3069 λόγον·
263 2978 412 3061 αὔξεσθαι
436 2987 469 3050 δὲ
491 2979 551 3049 ont
575 2984 633 3050 τοῦ
655 2987 686 3048 ἕν
702 2985 742 3070 τῇ
755 2983 796 3070 γῇ
817 2984 941 3068 θερμοῦ
963 2982 1146 3070 διαιρὸμενα,
1170 2979 1265 3063 ὥστε,

127 3099 183 3178 γῆς
205 3090 278 3158 εἶναι
300 3093 392 3176 μέρη,
428 3089 566 3175 καθάπερ
596 3097 643 3156 καὶ
676 3089 714 3154 τὰ
743 3090 860 3176 ἔμβρυα
891 3084 930 3156 τὰ
952 3095 985 3156 ἓν
1007 3091 1046 3177 af
1069 3097 1175 3176 γαστρὶ
1198 3092 1250 3176 τῆς

127 3195 244 3284 μήτιας
266 3203 353 3283 rtien-

200 3336 229 3376 υ.
258 3320 299 3374 Of.
319 3337 385 3388 qnae
403 3321 507 3388 exponit
524 3320 663 3373 Lueretius
682 3320 705 3372 V
726 3320 874 3374 780-789.
911 3319 1024 3372 Plantas
1043 3318 1077 3372 ab
1095 3318 1249 3386 Empedocle

128 3412 182 3480 ζῷα
201 3409 328 3478 appellari
346 3411 462 3462 testatur
481 3409 562 3462 etiam
581 3408 662 3461 Arist.
683 3407 713 3460 da
732 3407 822 3461 Plant.
842 3407 855 3460 I
876 3409 900 3462 1.
920 3407 972 3462 815
988 3419 1000 3446 ν
1019 3407 1061 3474 15,
1081 3407 1094 3445 b
1117 3409 1158 3461 16.

199 3515 231 3570 b.
260 3515 316 3568 Hoc
334 3520 377 3567 BP
397 3515 439 3581 (ut
457 3513 508 3566 iere
519 3513 596 3566 Sturz
607 3517 634 3566 et
644 3513 769 3581 Karsten)
785 3513 908 3566 volebant
917 3513 1067 3582 significare
1083 3517 1248 3582 „antequam

128 3603 168 3658 sol
187 3603 275 3656 radios
295 3619 355 3656 suos
373 3603 540 3671 expanderat,
560 3603 660 3656 seilicet
675 3603 745 3655 siloa
759 3604 888 3656 terram“.
926 3601 976 3654 Sed
991 3601 1148 3656 vocabulum
1162 3604 1249 3670 inepte

127 3691 260 3746 traditum
274 3694 322 3756 est,
342 3708 365 3744 v.
380 3691 453 3744 Diels
466 3691 529 3744 Dor.
540 3691 593 3744 439
604 3693 657 3743 not.
686 3689 923 3757 περικοκλωθῆναι
937 3691 990 3743 veri
1009 3691 1132 3744 similiter
1146 3691 1248 3746 Reiske.

71 3911 109 3952 len
195 3889 281 3951 Plan.
304 3887 334 3950 V
361 3895 410 3952 19.
446 3887 523 3950 DOX.
547 3894 621 3951 430.
667 3881 871 3970 Ἐμπεδοκλῆς
904 3879 959 3958 τὰς
992 3880 1139 3971 univoce
1168 3887 1249 3972 γενέ·
1268 3901 1386 3944 animantia

128 4021 192 4070 οεις
215 3993 276 4058 τῶν
300 3989 386 4080 ζῴων
409 3997 456 4056 καλ
481 3993 586 4078 φυτῶν
601 3993 755 4074 μηδαμῶς
775 3985 957 4076 ὁλοκλήρους
973 3993 1122 4075 γενέσθαι,
1147 3988 1250 4074 ἀσυμ-

201 4259 229 4326 1)
247 4258 327 4311 Reote
345 4257 461 4311 traditur
479 4251 580 4314 οδδεος
597 4255 697 4324 (bisyll.
716 4256 766 4324 leg.
787 4252 894 4320 οδδευς,
914 4256 947 4310 of.
966 4271 1004 4310 vs.
1018 4255 1071 4309 353
1085 4253 1204 4325 πόλεος).
1216 4287 1250 4296 -

129 4347 159 4414 2)
175 4347 238 4400 Var.
259 4346 319 4400 leot.
339 4343 402 4408 ἡδέ’
419 4341 612 4411 οἷποπνέουσα,
636 4347 663 4396 εἰ
686 4342 719 4396 δὲ
744 4339 948 4412 α’πυπνοίουσα,
975 4341 1088 4400 Βτυιιδίε
1108 4335 1121 4403 ἦ
1140 4339 1167 4394 δ’
1185 4340 1251 4396 α’πο-

129 4431 317 4502 ποιπνδουσα,
341 4434 456 4488 Karsten
476 4432 550 4484 εἴδεα
569 4429 758 4500 ποιπνύουσα,
777 4433 850 4486 Stein
870 4428 965 4502 αἰθέρ’
984 4422 1169 4486 ἐπιπνείουαα.
