<?xml version="1.0" encoding="UTF-8"?>
<!DOCTYPE html PUBLIC "-//W3C//DTD XHTML 1.0 Transitional//EN"
    "http://www.w3.org/TR/xhtml1/DTD/xhtml1-transitional.dtd">
<html xmlns="http://www.w3.org/1999/xhtml" xml:lang="en" lang="en">
 <head>
  <title>
</title>
<meta http-equiv="Content-Type" content="text/html;charset=utf-8" />
  <meta name='ocr-system' content='tesseract 3.04.00' />
  <meta name='ocr-capabilities' content='ocr_page ocr_carea ocr_par ocr_line ocrx_word'/>
</head>
<body>
  <div class='ocr_page' id='page_1' title='image "./historiaphiloso00rittgoog_0439.png"; bbox 0 0 3146 4982; ppageno 0'>
   <div class='ocr_carea' id='block_1_1' title="bbox 675 363 1285 424">
    <p class='ocr_par' dir='ltr' id='par_1_1' title="bbox 675 363 1285 424">
     <span class='ocr_line' id='line_1_1' title="bbox 675 363 1285 424; baseline 0.007 -4"><span class='ocrx_word' id='word_1_1' title='bbox 675 367 777 421; x_wconf 81' lang='lat' dir='ltr'>Ethica.</span> <span class='ocrx_word' id='word_1_2' title='bbox 1233 363 1285 424; x_wconf 78' lang='grc'>431</span> 
     </span>
    </p>
   </div>
   <div class='ocr_carea' id='block_1_2' title="bbox 162 527 1287 1675">
    <p class='ocr_par' dir='ltr' id='par_1_2' title="bbox 162 527 1287 1675">
     <span class='ocr_line' id='line_1_2' title="bbox 165 527 1286 610; baseline 0 -18"><span class='ocrx_word' id='word_1_3' title='bbox 165 529 347 592; x_wconf 73' lang='lat' dir='ltr'><strong>discesserit</strong></span> <span class='ocrx_word' id='word_1_4' title='bbox 382 547 401 592; x_wconf 94' lang='lat' dir='ltr'>a</span> <span class='ocrx_word' id='word_1_5' title='bbox 435 530 569 592; x_wconf 89' lang='lat' dir='ltr'>naturae</span> <span class='ocrx_word' id='word_1_6' title='bbox 605 527 813 592; x_wconf 68' lang='lat' dir='ltr'>constantial.</span> <span class='ocrx_word' id='word_1_7' title='bbox 865 528 979 592; x_wconf 90' lang='lat' dir='ltr'>Partes</span> <span class='ocrx_word' id='word_1_8' title='bbox 1016 529 1125 592; x_wconf 90' lang='lat' dir='ltr'>autem</span> <span class='ocrx_word' id='word_1_9' title='bbox 1160 530 1286 610; x_wconf 88' lang='lat' dir='ltr'>pertur-</span> 
     </span>
     <span class='ocr_line' id='line_1_3' title="bbox 164 633 1286 716; baseline 0 -18"><span class='ocrx_word' id='word_1_10' title='bbox 164 635 331 699; x_wconf 90' lang='lat' dir='ltr'>bationum</span> <span class='ocrx_word' id='word_1_11' title='bbox 354 635 466 699; x_wconf 81' lang='lat' dir='ltr'>volunt</span> <span class='ocrx_word' id='word_1_12' title='bbox 500 653 537 698; x_wconf 85' lang='lat' dir='ltr'>er</span> <span class='ocrx_word' id='word_1_13' title='bbox 560 633 683 698; x_wconf 91' lang='lat' dir='ltr'>duobus</span> <span class='ocrx_word' id='word_1_14' title='bbox 707 634 842 716; x_wconf 90' lang='lat' dir='ltr'>opinatis</span> <span class='ocrx_word' id='word_1_15' title='bbox 866 635 956 698; x_wconf 91' lang='lat' dir='ltr'>bonis</span> <span class='ocrx_word' id='word_1_16' title='bbox 979 635 1068 698; x_wconf 89' lang='lat' dir='ltr'>nasci</span> <span class='ocrx_word' id='word_1_17' title='bbox 1092 635 1125 698; x_wconf 92' lang='lat' dir='ltr'>et</span> <span class='ocrx_word' id='word_1_18' title='bbox 1148 651 1186 698; x_wconf 86' lang='lat' dir='ltr'>ex</span> <span class='ocrx_word' id='word_1_19' title='bbox 1209 633 1286 698; x_wconf 91' lang='lat' dir='ltr'>duo·</span> 
     </span>
     <span class='ocr_line' id='line_1_4' title="bbox 164 739 1287 824; baseline -0.001 -18"><span class='ocrx_word' id='word_1_20' title='bbox 164 743 225 806; x_wconf 89' lang='lat' dir='ltr'>bus</span> <span class='ocrx_word' id='word_1_21' title='bbox 249 742 384 824; x_wconf 90' lang='lat' dir='ltr'>opinatis</span> <span class='ocrx_word' id='word_1_22' title='bbox 408 741 513 806; x_wconf 89' lang='lat' dir='ltr'>malis.</span> <span class='ocrx_word' id='word_1_23' title='bbox 558 739 611 804; x_wconf 89' lang='lat' dir='ltr'>Ita</span> <span class='ocrx_word' id='word_1_24' title='bbox 630 743 708 804; x_wconf 69' lang='lat' dir='ltr'>‘esse</span> <span class='ocrx_word' id='word_1_25' title='bbox 740 742 910 822; x_wconf 88' lang='lat' dir='ltr'>quattuor:</span> <span class='ocrx_word' id='word_1_26' title='bbox 942 760 980 805; x_wconf 86' lang='lat' dir='ltr'>ex</span> <span class='ocrx_word' id='word_1_27' title='bbox 1008 741 1098 805; x_wconf 92' lang='lat' dir='ltr'>bonis</span> <span class='ocrx_word' id='word_1_28' title='bbox 1120 739 1287 805; x_wconf 78' lang='lat' dir='ltr'>libidinem</span> 
     </span>
     <span class='ocr_line' id='line_1_5' title="bbox 166 846 1287 930; baseline -0.002 -18"><span class='ocrx_word' id='word_1_29' title='bbox 166 850 198 912; x_wconf 90' lang='lat' dir='ltr'>et</span> <span class='ocrx_word' id='word_1_30' title='bbox 220 848 387 925; x_wconf 70' lang='lat' dir='ltr'>laetitiam,</span> <span class='ocrx_word' id='word_1_31' title='bbox 410 850 447 912; x_wconf 89' lang='lat' dir='ltr'>ut</span> <span class='ocrx_word' id='word_1_32' title='bbox 471 847 514 911; x_wconf 88' lang='lat' dir='ltr'>sit</span> <span class='ocrx_word' id='word_1_33' title='bbox 536 847 660 912; x_wconf 87' lang='lat' dir='ltr'>laetitia</span> <span class='ocrx_word' id='word_1_34' title='bbox 682 848 901 930; x_wconf 86' lang='lat' dir='ltr'>praesentium</span> <span class='ocrx_word' id='word_1_35' title='bbox 923 849 1094 924; x_wconf 89' lang='lat' dir='ltr'>bonorum,</span> <span class='ocrx_word' id='word_1_36' title='bbox 1117 847 1213 911; x_wconf 92' lang='lat' dir='ltr'>libido</span> <span class='ocrx_word' id='word_1_37' title='bbox 1236 846 1287 910; x_wconf 86' lang='lat' dir='ltr'>fu·</span> 
     </span>
     <span class='ocr_line' id='line_1_6' title="bbox 164 954 1286 1036; baseline 0 -18"><span class='ocrx_word' id='word_1_38' title='bbox 164 957 327 1032; x_wconf 75' lang='lat' dir='ltr'>tutorum,</span> <span class='ocrx_word' id='word_1_39' title='bbox 363 973 400 1018; x_wconf 86' lang='lat' dir='ltr'>ex</span> <span class='ocrx_word' id='word_1_40' title='bbox 433 955 527 1018; x_wconf 88' lang='lat' dir='ltr'>malis</span> <span class='ocrx_word' id='word_1_41' title='bbox 557 955 681 1017; x_wconf 90' lang='lat' dir='ltr'>metum</span> <span class='ocrx_word' id='word_1_42' title='bbox 712 956 745 1018; x_wconf 92' lang='lat' dir='ltr'>et</span> <span class='ocrx_word' id='word_1_43' title='bbox 774 954 1008 1036; x_wconf 72' lang='lat' dir='ltr'>aegritudinem</span> <span class='ocrx_word' id='word_1_44' title='bbox 1034 954 1124 1018; x_wconf 89' lang='lat' dir='ltr'>nasei</span> <span class='ocrx_word' id='word_1_45' title='bbox 1146 955 1286 1030; x_wconf 87' lang='lat' dir='ltr'>censent,</span> 
     </span>
     <span class='ocr_line' id='line_1_7' title="bbox 164 1059 1285 1143; baseline -0.001 -19"><span class='ocrx_word' id='word_1_46' title='bbox 164 1062 288 1124; x_wconf 89' lang='lat' dir='ltr'>metum</span> <span class='ocrx_word' id='word_1_47' title='bbox 311 1059 437 1139; x_wconf 90' lang='lat' dir='ltr'>futuris,</span> <span class='ocrx_word' id='word_1_48' title='bbox 462 1060 694 1142; x_wconf 76' lang='lat' dir='ltr'>aegritudinem</span> <span class='ocrx_word' id='word_1_49' title='bbox 717 1061 964 1143; x_wconf 48' lang='lat' dir='ltr'>praesentibus&amp;</span> <span class='ocrx_word' id='word_1_50' title='bbox 1000 1097 1041 1106; x_wconf 90' lang='lat'><em>-</em></span> <span class='ocrx_word' id='word_1_51' title='bbox 1079 1069 1130 1125; x_wconf 90' lang='grc'>14.</span> <span class='ocrx_word' id='word_1_52' title='bbox 1166 1059 1285 1125; x_wconf 86' lang='lat' dir='ltr'>Omnes</span> 
     </span>
     <span class='ocr_line' id='line_1_8' title="bbox 163 1164 1285 1250; baseline 0 -20"><span class='ocrx_word' id='word_1_53' title='bbox 163 1169 420 1249; x_wconf 80' lang='lat' dir='ltr'>perturbationes</span> <span class='ocrx_word' id='word_1_54' title='bbox 444 1167 559 1231; x_wconf 86' lang='lat' dir='ltr'>iudicio</span> <span class='ocrx_word' id='word_1_55' title='bbox 583 1169 714 1231; x_wconf 88' lang='lat' dir='ltr'>censent</span> <span class='ocrx_word' id='word_1_56' title='bbox 736 1167 806 1231; x_wconf 90' lang='lat' dir='ltr'>fieri</span> <span class='ocrx_word' id='word_1_57' title='bbox 829 1169 863 1231; x_wconf 92' lang='lat' dir='ltr'>et</span> <span class='ocrx_word' id='word_1_58' title='bbox 879 1164 1054 1250; x_wconf 61' lang='lat' dir='ltr'>opiniones.</span> <span class='ocrx_word' id='word_1_59' title='bbox 1099 1166 1214 1248; x_wconf 88' lang='lat' dir='ltr'>Itaque</span> <span class='ocrx_word' id='word_1_60' title='bbox 1231 1185 1285 1230; x_wconf 90' lang='lat' dir='ltr'>eas</span> 
     </span>
     <span class='ocr_line' id='line_1_9' title="bbox 163 1273 1285 1364; baseline -0.001 -27"><span class='ocrx_word' id='word_1_61' title='bbox 163 1273 320 1338; x_wconf 90' lang='lat' dir='ltr'>definiunt</span> <span class='ocrx_word' id='word_1_62' title='bbox 342 1275 493 1357; x_wconf 87' lang='lat' dir='ltr'>pressius,</span> <span class='ocrx_word' id='word_1_63' title='bbox 517 1275 555 1338; x_wconf 93' lang='lat' dir='ltr'>ut</span> <span class='ocrx_word' id='word_1_64' title='bbox 577 1273 777 1364; x_wconf 87' lang='lat' dir='ltr'>intelligatur</span> <span class='ocrx_word' id='word_1_65' title='bbox 800 1293 865 1338; x_wconf 93' lang='lat' dir='ltr'>non</span> <span class='ocrx_word' id='word_1_66' title='bbox 898 1273 991 1337; x_wconf 89' lang='lat' dir='ltr'>modo</span> <span class='ocrx_word' id='word_1_67' title='bbox 1024 1291 1121 1354; x_wconf 89' lang='lat' dir='ltr'>quam</span> <span class='ocrx_word' id='word_1_68' title='bbox 1144 1273 1285 1349; x_wconf 85' lang='lat' dir='ltr'>vitiosae,</span> 
     </span>
     <span class='ocr_line' id='line_1_10' title="bbox 164 1379 1285 1464; baseline -0.002 -20"><span class='ocrx_word' id='word_1_69' title='bbox 164 1379 222 1444; x_wconf 91' lang='lat' dir='ltr'>sed</span> <span class='ocrx_word' id='word_1_70' title='bbox 245 1381 343 1446; x_wconf 90' lang='lat' dir='ltr'>etiarn</span> <span class='ocrx_word' id='word_1_71' title='bbox 367 1400 464 1462; x_wconf 89' lang='lat' dir='ltr'>quam</span> <span class='ocrx_word' id='word_1_72' title='bbox 487 1381 521 1444; x_wconf 94' lang='lat' dir='ltr'>in</span> <span class='ocrx_word' id='word_1_73' title='bbox 543 1381 654 1444; x_wconf 90' lang='lat' dir='ltr'>nostra</span> <span class='ocrx_word' id='word_1_74' title='bbox 678 1381 742 1444; x_wconf 91' lang='lat' dir='ltr'>sint</span> <span class='ocrx_word' id='word_1_75' title='bbox 757 1381 926 1464; x_wconf 85' lang='lat' dir='ltr'>potestate.</span> <span class='ocrx_word' id='word_1_76' title='bbox 957 1379 1017 1444; x_wconf 84' lang='lat' dir='ltr'>Est</span> <span class='ocrx_word' id='word_1_77' title='bbox 1031 1379 1132 1462; x_wconf 89' lang='lat' dir='ltr'>igitur</span> <span class='ocrx_word' id='word_1_78' title='bbox 1149 1379 1285 1461; x_wconf 91' lang='lat' dir='ltr'>aegri-</span> 
     </span>
     <span class='ocr_line' id='line_1_11' title="bbox 164 1485 1286 1570; baseline 0 -20"><span class='ocrx_word' id='word_1_79' title='bbox 164 1487 260 1551; x_wconf 85' lang='lat' dir='ltr'>tudo</span> <span class='ocrx_word' id='word_1_80' title='bbox 285 1489 388 1570; x_wconf 90' lang='lat' dir='ltr'>opinio</span> <span class='ocrx_word' id='word_1_81' title='bbox 411 1506 522 1552; x_wconf 89' lang='lat' dir='ltr'>reeens</span> <span class='ocrx_word' id='word_1_82' title='bbox 545 1488 625 1552; x_wconf 88' lang='lat' dir='ltr'>mali</span> <span class='ocrx_word' id='word_1_83' title='bbox 645 1487 840 1569; x_wconf 91' lang='lat' dir='ltr'>praesentis,</span> <span class='ocrx_word' id='word_1_84' title='bbox 868 1488 902 1550; x_wconf 93' lang='lat' dir='ltr'>in</span> <span class='ocrx_word' id='word_1_85' title='bbox 927 1505 988 1568; x_wconf 88' lang='lat' dir='ltr'>qno</span> <span class='ocrx_word' id='word_1_86' title='bbox 1012 1485 1139 1550; x_wconf 89' lang='lat' dir='ltr'>demitti</span> <span class='ocrx_word' id='word_1_87' title='bbox 1162 1487 1286 1550; x_wconf 88' lang='lat' dir='ltr'>contra-</span> 
     </span>
     <span class='ocr_line' id='line_1_12' title="bbox 162 1593 1285 1675; baseline 0 -19"><span class='ocrx_word' id='word_1_88' title='bbox 162 1593 262 1675; x_wconf 84' lang='lat' dir='ltr'>hique</span> <span class='ocrx_word' id='word_1_89' title='bbox 286 1595 391 1658; x_wconf 88' lang='lat' dir='ltr'>animo</span> <span class='ocrx_word' id='word_1_90' title='bbox 415 1595 540 1658; x_wconf 88' lang='lat' dir='ltr'>rectum</span> <span class='ocrx_word' id='word_1_91' title='bbox 563 1613 633 1658; x_wconf 90' lang='lat' dir='ltr'>esse</span> <span class='ocrx_word' id='word_1_92' title='bbox 656 1593 818 1670; x_wconf 84' lang='lat' dir='ltr'>videatur,</span> <span class='ocrx_word' id='word_1_93' title='bbox 847 1593 1019 1658; x_wconf 90' lang='lat' dir='ltr'>laetitia</span> <span class='ocrx_word' id='word_1_94' title='bbox 1048 1593 1151 1675; x_wconf 92' lang='lat' dir='ltr'>opinio</span> <span class='ocrx_word' id='word_1_95' title='bbox 1175 1609 1285 1656; x_wconf 86' lang='lat' dir='ltr'>recens</span> 
     </span>
    </p>
   </div>
   <div class='ocr_carea' id='block_1_3' title="bbox 164 1699 1285 1783">
    <p class='ocr_par' dir='ltr' id='par_1_3' title="bbox 164 1699 1285 1783">
     <span class='ocr_line' id='line_1_13' title="bbox 164 1699 1285 1783; baseline -0.004 -19"><span class='ocrx_word' id='word_1_96' title='bbox 164 1701 238 1764; x_wconf 89' lang='lat' dir='ltr'>boni</span> <span class='ocrx_word' id='word_1_97' title='bbox 260 1701 447 1783; x_wconf 90' lang='lat' dir='ltr'>praesentis,</span> <span class='ocrx_word' id='word_1_98' title='bbox 471 1701 504 1763; x_wconf 94' lang='lat' dir='ltr'>in</span> <span class='ocrx_word' id='word_1_99' title='bbox 521 1719 583 1782; x_wconf 88' lang='lat' dir='ltr'>quc</span> <span class='ocrx_word' id='word_1_100' title='bbox 609 1699 721 1764; x_wconf 84' lang='lat' dir='ltr'>ecferri</span> <span class='ocrx_word' id='word_1_101' title='bbox 736 1702 861 1764; x_wconf 89' lang='lat' dir='ltr'>rectum</span> <span class='ocrx_word' id='word_1_102' title='bbox 886 1717 955 1764; x_wconf 89' lang='lat' dir='ltr'>esse</span> <span class='ocrx_word' id='word_1_103' title='bbox 970 1699 1126 1776; x_wconf 86' lang='lat' dir='ltr'>videatur,</span> <span class='ocrx_word' id='word_1_104' title='bbox 1149 1699 1285 1761; x_wconf 90' lang='lat' dir='ltr'>metus</span> 
     </span>
    </p>
   </div>
   <div class='ocr_carea' id='block_1_4' title="bbox 163 1803 1333 1889">
    <p class='ocr_par' dir='ltr' id='par_1_4' title="bbox 163 1803 1333 1889">
     <span class='ocr_line' id='line_1_14' title="bbox 163 1803 1333 1889; baseline -0.004 -19"><span class='ocrx_word' id='word_1_105' title='bbox 163 1807 269 1889; x_wconf 89' lang='lat' dir='ltr'>opinio</span> <span class='ocrx_word' id='word_1_106' title='bbox 304 1807 519 1889; x_wconf 89' lang='lat' dir='ltr'>impendentis</span> <span class='ocrx_word' id='word_1_107' title='bbox 550 1806 643 1883; x_wconf 89' lang='lat' dir='ltr'>mali,</span> <span class='ocrx_word' id='word_1_108' title='bbox 679 1806 762 1887; x_wconf 91' lang='lat' dir='ltr'>quod</span> <span class='ocrx_word' id='word_1_109' title='bbox 796 1806 996 1870; x_wconf 86' lang='lat' dir='ltr'>intolerabile</span> <span class='ocrx_word' id='word_1_110' title='bbox 1032 1823 1102 1870; x_wconf 89' lang='lat' dir='ltr'>esse</span> <span class='ocrx_word' id='word_1_111' title='bbox 1130 1803 1285 1879; x_wconf 87' lang='lat' dir='ltr'>videatur,</span> <span class='ocrx_word' id='word_1_112' title='bbox 1328 1804 1333 1816; x_wconf 78' lang='lat'><strong><em>¹</em></strong></span> 
     </span>
    </p>
   </div>
   <div class='ocr_carea' id='block_1_5' title="bbox 163 1911 1285 2208">
    <p class='ocr_par' dir='ltr' id='par_1_5' title="bbox 163 1911 1285 2208">
     <span class='ocr_line' id='line_1_15' title="bbox 163 1911 1284 1996; baseline -0.004 -20"><span class='ocrx_word' id='word_1_113' title='bbox 163 1913 291 1977; x_wconf 91' lang='lat' dir='ltr'>libido</span> <span class='ocrx_word' id='word_1_114' title='bbox 315 1914 418 1996; x_wconf 88' lang='lat' dir='ltr'>opinio</span> <span class='ocrx_word' id='word_1_115' title='bbox 441 1913 569 1977; x_wconf 89' lang='lat' dir='ltr'>venturi</span> <span class='ocrx_word' id='word_1_116' title='bbox 598 1913 687 1988; x_wconf 93' lang='lat' dir='ltr'>boni,</span> <span class='ocrx_word' id='word_1_117' title='bbox 723 1912 807 1993; x_wconf 87' lang='lat' dir='ltr'>quod</span> <span class='ocrx_word' id='word_1_118' title='bbox 831 1913 873 1975; x_wconf 90' lang='lat' dir='ltr'>sit</span> <span class='ocrx_word' id='word_1_119' title='bbox 897 1931 935 1976; x_wconf 84' lang='lat' dir='ltr'>ex</span> <span class='ocrx_word' id='word_1_120' title='bbox 957 1931 1019 1975; x_wconf 88' lang='lat' dir='ltr'>usu</span> <span class='ocrx_word' id='word_1_121' title='bbox 1046 1911 1112 1974; x_wconf 91' lang='lat' dir='ltr'>iam</span> <span class='ocrx_word' id='word_1_122' title='bbox 1134 1927 1284 1992; x_wconf 83' lang='lat' dir='ltr'>praesens</span> 
     </span>
     <span class='ocr_line' id='line_1_16' title="bbox 164 2015 1285 2101; baseline -0.006 -17"><span class='ocrx_word' id='word_1_123' title='bbox 164 2038 235 2084; x_wconf 88' lang='lat' dir='ltr'>esse</span> <span class='ocrx_word' id='word_1_124' title='bbox 259 2022 355 2101; x_wconf 91' lang='lat' dir='ltr'>atque</span> <span class='ocrx_word' id='word_1_125' title='bbox 380 2019 500 2084; x_wconf 89' lang='lat' dir='ltr'>adesse.</span> <span class='ocrx_word' id='word_1_126' title='bbox 516 2057 559 2066; x_wconf 90' lang='lat'>-</span> <span class='ocrx_word' id='word_1_127' title='bbox 584 2024 634 2082; x_wconf 83' lang='lat'>15.</span> <span class='ocrx_word' id='word_1_128' title='bbox 652 2017 715 2082; x_wconf 80' lang='lat' dir='ltr'>Sed</span> <span class='ocrx_word' id='word_1_129' title='bbox 732 2037 813 2099; x_wconf 91' lang='lat' dir='ltr'>quae</span> <span class='ocrx_word' id='word_1_130' title='bbox 829 2017 947 2082; x_wconf 90' lang='lat' dir='ltr'>iudicia</span> <span class='ocrx_word' id='word_1_131' title='bbox 964 2035 1107 2098; x_wconf 89' lang='lat' dir='ltr'>quasque</span> <span class='ocrx_word' id='word_1_132' title='bbox 1124 2015 1285 2098; x_wconf 91' lang='lat' dir='ltr'>opiniones</span> 
     </span>
     <span class='ocr_line' id='line_1_17' title="bbox 163 2121 1285 2208; baseline -0.005 -18"><span class='ocrx_word' id='word_1_133' title='bbox 163 2127 441 2208; x_wconf 85' lang='lat' dir='ltr'>perturbationum</span> <span class='ocrx_word' id='word_1_134' title='bbox 472 2145 549 2200; x_wconf 90' lang='lat' dir='ltr'>esse</span> <span class='ocrx_word' id='word_1_135' title='bbox 573 2125 652 2202; x_wconf 81' lang='lat' dir='ltr'>dini,</span> <span class='ocrx_word' id='word_1_136' title='bbox 686 2143 749 2188; x_wconf 94' lang='lat' dir='ltr'>non</span> <span class='ocrx_word' id='word_1_137' title='bbox 772 2125 806 2186; x_wconf 93' lang='lat' dir='ltr'>in</span> <span class='ocrx_word' id='word_1_138' title='bbox 829 2125 874 2188; x_wconf 88' lang='lat' dir='ltr'>eis</span> <span class='ocrx_word' id='word_1_139' title='bbox 897 2123 1152 2208; x_wconf 87' lang='lat' dir='ltr'>perturbationes</span> <span class='ocrx_word' id='word_1_140' title='bbox 1182 2121 1285 2186; x_wconf 92' lang='lat' dir='ltr'>solum</span> 
     </span>
    </p>
   </div>
   <div class='ocr_carea' id='block_1_6' title="bbox 3 2229 1286 2316">
    <p class='ocr_par' dir='ltr' id='par_1_6' title="bbox 3 2229 1286 2316">
     <span class='ocr_line' id='line_1_18' title="bbox 3 2229 1286 2316; baseline -0.01 -14"><span class='ocrx_word' id='word_1_141' title='bbox 3 2237 4 2244; x_wconf 75' lang='grc'>’</span> <span class='ocrx_word' id='word_1_142' title='bbox 96 2241 100 2249; x_wconf 91' lang='grc'><strong>’</strong></span> <span class='ocrx_word' id='word_1_143' title='bbox 164 2233 285 2316; x_wconf 89' lang='lat' dir='ltr'>positas</span> <span class='ocrx_word' id='word_1_144' title='bbox 308 2252 378 2296; x_wconf 86' lang='lat' dir='ltr'>esse</span> <span class='ocrx_word' id='word_1_145' title='bbox 402 2233 528 2308; x_wconf 88' lang='lat' dir='ltr'>dicunt,</span> <span class='ocrx_word' id='word_1_146' title='bbox 557 2251 669 2296; x_wconf 85' lang='lat' dir='ltr'>verum</span> <span class='ocrx_word' id='word_1_147' title='bbox 699 2231 756 2294; x_wconf 89' lang='lat' dir='ltr'>illa</span> <span class='ocrx_word' id='word_1_148' title='bbox 784 2231 880 2294; x_wconf 89' lang='lat' dir='ltr'>etiam</span> <span class='ocrx_word' id='word_1_149' title='bbox 905 2249 987 2311; x_wconf 88' lang='lat' dir='ltr'>quae</span> <span class='ocrx_word' id='word_1_150' title='bbox 1011 2229 1193 2294; x_wconf 83' lang='lat' dir='ltr'>efficiuntur</span> <span class='ocrx_word' id='word_1_151' title='bbox 1215 2245 1286 2310; x_wconf 90' lang='lat' dir='ltr'>per-</span> 
     </span>
    </p>
   </div>
   <div class='ocr_carea' id='block_1_7' title="bbox 162 2333 1287 4390">
    <p class='ocr_par' dir='ltr' id='par_1_7' title="bbox 162 2333 1287 4124">
     <span class='ocr_line' id='line_1_19' title="bbox 164 2333 1285 2419; baseline -0.007 -15"><span class='ocrx_word' id='word_1_152' title='bbox 164 2339 418 2413; x_wconf 85' lang='lat' dir='ltr'>turbationibus:</span> <span class='ocrx_word' id='word_1_153' title='bbox 453 2341 491 2402; x_wconf 91' lang='lat' dir='ltr'>ut</span> <span class='ocrx_word' id='word_1_154' title='bbox 521 2338 686 2419; x_wconf 82' lang='lat' dir='ltr'>aegritudo</span> <span class='ocrx_word' id='word_1_155' title='bbox 718 2337 810 2418; x_wconf 90' lang='lat' dir='ltr'>quasi</span> <span class='ocrx_word' id='word_1_156' title='bbox 841 2355 984 2400; x_wconf 91' lang='lat' dir='ltr'>morsum</span> <span class='ocrx_word' id='word_1_157' title='bbox 1007 2336 1148 2416; x_wconf 88' lang='lat' dir='ltr'>aliquem</span> <span class='ocrx_word' id='word_1_158' title='bbox 1169 2333 1285 2398; x_wconf 90' lang='lat' dir='ltr'>doloris</span> 
     </span>
     <span class='ocr_line' id='line_1_20' title="bbox 165 2439 1286 2525; baseline -0.005 -15"><span class='ocrx_word' id='word_1_159' title='bbox 165 2445 297 2522; x_wconf 86' lang='lat' dir='ltr'>efficiat,</span> <span class='ocrx_word' id='word_1_160' title='bbox 325 2447 432 2509; x_wconf 87' lang='lat' dir='ltr'>metus</span> <span class='ocrx_word' id='word_1_161' title='bbox 455 2463 619 2508; x_wconf 79' lang='lat' dir='ltr'>recessum</span> <span class='ocrx_word' id='word_1_162' title='bbox 643 2443 804 2525; x_wconf 91' lang='lat' dir='ltr'>quendam</span> <span class='ocrx_word' id='word_1_163' title='bbox 827 2443 925 2506; x_wconf 91' lang='lat' dir='ltr'>animi</span> <span class='ocrx_word' id='word_1_164' title='bbox 949 2445 981 2506; x_wconf 92' lang='lat' dir='ltr'>et</span> <span class='ocrx_word' id='word_1_165' title='bbox 1003 2442 1129 2523; x_wconf 89' lang='lat' dir='ltr'>fugam,</span> <span class='ocrx_word' id='word_1_166' title='bbox 1161 2439 1286 2504; x_wconf 88' lang='lat' dir='ltr'>laetitia</span> 
     </span>
     <span class='ocr_line' id='line_1_21' title="bbox 164 2544 1286 2634; baseline -0.005 -20"><span class='ocrx_word' id='word_1_167' title='bbox 164 2551 329 2634; x_wconf 87' lang='lat' dir='ltr'>profusam</span> <span class='ocrx_word' id='word_1_168' title='bbox 351 2551 558 2626; x_wconf 89' lang='lat' dir='ltr'>hilaritatem,</span> <span class='ocrx_word' id='word_1_169' title='bbox 581 2549 679 2614; x_wconf 90' lang='lat' dir='ltr'>libido</span> <span class='ocrx_word' id='word_1_170' title='bbox 703 2547 891 2613; x_wconf 86' lang='lat' dir='ltr'>effrenatam</span> <span class='ocrx_word' id='word_1_171' title='bbox 915 2548 1142 2632; x_wconf 88' lang='lat' dir='ltr'>appetentiam.</span> <span class='ocrx_word' id='word_1_172' title='bbox 1190 2544 1286 2627; x_wconf 88' lang='lat' dir='ltr'>Opi-</span> 
     </span>
     <span class='ocr_line' id='line_1_22' title="bbox 164 2652 1285 2738; baseline -0.007 -17"><span class='ocrx_word' id='word_1_173' title='bbox 164 2658 373 2722; x_wconf 88' lang='lat' dir='ltr'>nationem</span> <span class='ocrx_word' id='word_1_174' title='bbox 404 2660 528 2734; x_wconf 91' lang='lat' dir='ltr'>autem,</span> <span class='ocrx_word' id='word_1_175' title='bbox 565 2676 662 2738; x_wconf 89' lang='lat' dir='ltr'>quam</span> <span class='ocrx_word' id='word_1_176' title='bbox 692 2657 726 2718; x_wconf 91' lang='lat' dir='ltr'>in</span> <span class='ocrx_word' id='word_1_177' title='bbox 756 2656 858 2719; x_wconf 88' lang='lat' dir='ltr'>omnis</span> <span class='ocrx_word' id='word_1_178' title='bbox 887 2653 1084 2718; x_wconf 89' lang='lat' dir='ltr'>definitiones</span> <span class='ocrx_word' id='word_1_179' title='bbox 1108 2652 1285 2734; x_wconf 91' lang='lat' dir='ltr'>superiores</span> 
     </span>
     <span class='ocr_line' id='line_1_23' title="bbox 164 2756 1285 2842; baseline -0.006 -14"><span class='ocrx_word' id='word_1_180' title='bbox 164 2766 363 2842; x_wconf 89' lang='lat' dir='ltr'>inclusimus,</span> <span class='ocrx_word' id='word_1_181' title='bbox 385 2766 498 2830; x_wconf 88' lang='lat' dir='ltr'>volunt</span> <span class='ocrx_word' id='word_1_182' title='bbox 522 2782 591 2828; x_wconf 92' lang='lat' dir='ltr'>esse</span> <span class='ocrx_word' id='word_1_183' title='bbox 606 2763 800 2830; x_wconf 88' lang='lat' dir='ltr'>imbecillam</span> <span class='ocrx_word' id='word_1_184' title='bbox 815 2761 1064 2826; x_wconf 75' lang='lat' dir='ltr'>adsensionem0.</span> <span class='ocrx_word' id='word_1_185' title='bbox 1081 2796 1122 2806; x_wconf 87' lang='lat'><em>-</em></span> <span class='ocrx_word' id='word_1_186' title='bbox 1139 2767 1192 2822; x_wconf 81' lang='lat'>22.</span> <span class='ocrx_word' id='word_1_187' title='bbox 1209 2756 1285 2822; x_wconf 90' lang='lat' dir='ltr'>Om-</span> 
     </span>
     <span class='ocr_line' id='line_1_24' title="bbox 163 2865 1287 2953; baseline -0.007 -19"><span class='ocrx_word' id='word_1_188' title='bbox 163 2872 255 2936; x_wconf 90' lang='lat' dir='ltr'>nium</span> <span class='ocrx_word' id='word_1_189' title='bbox 288 2873 397 2936; x_wconf 85' lang='lat' dir='ltr'>autem</span> <span class='ocrx_word' id='word_1_190' title='bbox 427 2870 705 2953; x_wconf 89' lang='lat' dir='ltr'>perturbationum</span> <span class='ocrx_word' id='word_1_191' title='bbox 742 2869 865 2932; x_wconf 86' lang='lat' dir='ltr'>fontem</span> <span class='ocrx_word' id='word_1_192' title='bbox 895 2885 963 2932; x_wconf 90' lang='lat' dir='ltr'>esse</span> <span class='ocrx_word' id='word_1_193' title='bbox 994 2867 1105 2930; x_wconf 87' lang='lat' dir='ltr'>dieunt</span> <span class='ocrx_word' id='word_1_194' title='bbox 1138 2865 1287 2928; x_wconf 91' lang='lat' dir='ltr'>intem·</span> 
     </span>
     <span class='ocr_line' id='line_1_25' title="bbox 164 2970 1287 3060; baseline -0.008 -18"><span class='ocrx_word' id='word_1_195' title='bbox 164 2979 409 3060; x_wconf 80' lang='lat' dir='ltr'>parentiam,</span> <span class='ocrx_word' id='word_1_196' title='bbox 441 2995 521 3058; x_wconf 89' lang='lat' dir='ltr'>quae</span> <span class='ocrx_word' id='word_1_197' title='bbox 551 2979 601 3040; x_wconf 89' lang='lat' dir='ltr'>est</span> <span class='ocrx_word' id='word_1_198' title='bbox 631 2977 741 3039; x_wconf 89' lang='lat' dir='ltr'>atota</span> <span class='ocrx_word' id='word_1_199' title='bbox 763 2977 871 3038; x_wconf 90' lang='lat' dir='ltr'>mente</span> <span class='ocrx_word' id='word_1_200' title='bbox 902 2975 936 3056; x_wconf 89' lang='lat' dir='ltr'>[a</span> <span class='ocrx_word' id='word_1_201' title='bbox 960 2975 1048 3037; x_wconf 89' lang='lat' dir='ltr'>reeta</span> <span class='ocrx_word' id='word_1_202' title='bbox 1070 2971 1208 3052; x_wconf 91' lang='lat' dir='ltr'>ratione]</span> <span class='ocrx_word' id='word_1_203' title='bbox 1233 2970 1287 3034; x_wconf 91' lang='lat' dir='ltr'>de·</span> 
     </span>
     <span class='ocr_line' id='line_1_26' title="bbox 163 3077 1285 3164; baseline -0.005 -18"><span class='ocrx_word' id='word_1_204' title='bbox 163 3083 273 3160; x_wconf 86' lang='lat' dir='ltr'>factio,</span> <span class='ocrx_word' id='word_1_205' title='bbox 305 3084 349 3147; x_wconf 90' lang='lat' dir='ltr'>sic</span> <span class='ocrx_word' id='word_1_206' title='bbox 381 3101 492 3147; x_wconf 88' lang='lat' dir='ltr'>aversa</span> <span class='ocrx_word' id='word_1_207' title='bbox 523 3081 813 3164; x_wconf 89' lang='lat' dir='ltr'>apraescriptione</span> <span class='ocrx_word' id='word_1_208' title='bbox 844 3080 991 3156; x_wconf 88' lang='lat' dir='ltr'>rationis,</span> <span class='ocrx_word' id='word_1_209' title='bbox 1022 3079 1170 3142; x_wconf 85' lang='lat' dir='ltr'>utnulla</span> <span class='ocrx_word' id='word_1_210' title='bbox 1193 3077 1285 3164; x_wconf 87' lang='lat' dir='ltr'>modo</span> 
     </span>
     <span class='ocr_line' id='line_1_27' title="bbox 164 3183 1284 3275; baseline -0.007 -21"><span class='ocrx_word' id='word_1_211' title='bbox 164 3190 376 3275; x_wconf 84' lang='lat' dir='ltr'>adpetitiones</span> <span class='ocrx_word' id='word_1_212' title='bbox 400 3189 497 3252; x_wconf 87' lang='lat' dir='ltr'>animi</span> <span class='ocrx_word' id='word_1_213' title='bbox 520 3207 579 3252; x_wconf 91' lang='lat' dir='ltr'>nec</span> <span class='ocrx_word' id='word_1_214' title='bbox 602 3189 669 3270; x_wconf 88' lang='lat' dir='ltr'>regi</span> <span class='ocrx_word' id='word_1_215' title='bbox 692 3207 751 3252; x_wconf 89' lang='lat' dir='ltr'>nee</span> <span class='ocrx_word' id='word_1_216' title='bbox 775 3185 929 3251; x_wconf 80' lang='lat' dir='ltr'>contineri</span> <span class='ocrx_word' id='word_1_217' title='bbox 954 3187 1082 3266; x_wconf 87' lang='lat' dir='ltr'>queant.</span> <span class='ocrx_word' id='word_1_218' title='bbox 1102 3195 1142 3230; x_wconf 70' lang='lat'>-&#39;-</span> <span class='ocrx_word' id='word_1_219' title='bbox 1167 3191 1219 3249; x_wconf 82' lang='lat'>23.</span> <span class='ocrx_word' id='word_1_220' title='bbox 1236 3183 1284 3247; x_wconf 80' lang='lat' dir='ltr'>Er</span> 
     </span>
     <span class='ocr_line' id='line_1_28' title="bbox 162 3291 1286 3380; baseline -0.009 -18"><span class='ocrx_word' id='word_1_221' title='bbox 162 3297 458 3380; x_wconf 88' lang='lat' dir='ltr'>perturbationibus</span> <span class='ocrx_word' id='word_1_222' title='bbox 495 3297 606 3360; x_wconf 88' lang='lat' dir='ltr'>autem</span> <span class='ocrx_word' id='word_1_223' title='bbox 640 3295 781 3377; x_wconf 87' lang='lat' dir='ltr'>primum</span> <span class='ocrx_word' id='word_1_224' title='bbox 810 3293 913 3358; x_wconf 90' lang='lat' dir='ltr'>morbi</span> <span class='ocrx_word' id='word_1_225' title='bbox 944 3291 1168 3367; x_wconf 87' lang='lat' dir='ltr'>conficiuntur,</span> <span class='ocrx_word' id='word_1_226' title='bbox 1204 3307 1286 3370; x_wconf 88' lang='lat' dir='ltr'>quae</span> 
     </span>
     <span class='ocr_line' id='line_1_29' title="bbox 163 3395 1286 3488; baseline -0.007 -22"><span class='ocrx_word' id='word_1_227' title='bbox 163 3405 281 3466; x_wconf 79' lang='lat' dir='ltr'>vocant</span> <span class='ocrx_word' id='word_1_228' title='bbox 304 3403 351 3465; x_wconf 90' lang='lat' dir='ltr'>illi</span> <span class='ocrx_word' id='word_1_229' title='bbox 375 3401 552 3488; x_wconf 79' lang='grc' dir='ltr'><em>νοσήματα,</em></span> <span class='ocrx_word' id='word_1_230' title='bbox 578 3419 679 3481; x_wconf 89' lang='lat' dir='ltr'>eaque</span> <span class='ocrx_word' id='word_1_231' title='bbox 704 3417 785 3480; x_wconf 91' lang='lat' dir='ltr'>quae</span> <span class='ocrx_word' id='word_1_232' title='bbox 810 3401 887 3462; x_wconf 91' lang='lat' dir='ltr'>sunt</span> <span class='ocrx_word' id='word_1_233' title='bbox 909 3398 954 3462; x_wconf 89' lang='lat' dir='ltr'>eis</span> <span class='ocrx_word' id='word_1_234' title='bbox 977 3397 1095 3461; x_wconf 89' lang='lat' dir='ltr'>morbis</span> <span class='ocrx_word' id='word_1_235' title='bbox 1120 3395 1286 3470; x_wconf 85' lang='lat' dir='ltr'>contraria,</span> 
     </span>
     <span class='ocr_line' id='line_1_30' title="bbox 164 3500 1287 3602; baseline -0.008 -29"><span class='ocrx_word' id='word_1_236' title='bbox 164 3527 248 3590; x_wconf 87' lang='lat' dir='ltr'>quae</span> <span class='ocrx_word' id='word_1_237' title='bbox 272 3509 392 3602; x_wconf 84' lang='lat' dir='ltr'>habent</span> <span class='ocrx_word' id='word_1_238' title='bbox 415 3507 455 3571; x_wconf 90' lang='lat' dir='ltr'>ad</span> <span class='ocrx_word' id='word_1_239' title='bbox 478 3525 529 3570; x_wconf 90' lang='lat' dir='ltr'>res</span> <span class='ocrx_word' id='word_1_240' title='bbox 550 3508 655 3570; x_wconf 90' lang='lat' dir='ltr'>certas</span> <span class='ocrx_word' id='word_1_241' title='bbox 677 3507 826 3569; x_wconf 87' lang='lat' dir='ltr'>vitiosam</span> <span class='ocrx_word' id='word_1_242' title='bbox 849 3503 1053 3568; x_wconf 82' lang='lat' dir='ltr'>offensionem</span> <span class='ocrx_word' id='word_1_243' title='bbox 1077 3503 1173 3584; x_wconf 87' lang='lat' dir='ltr'>atque</span> <span class='ocrx_word' id='word_1_244' title='bbox 1196 3500 1287 3564; x_wconf 86' lang='lat' dir='ltr'>fasti-</span> 
     </span>
     <span class='ocr_line' id='line_1_31' title="bbox 163 3605 1286 3696; baseline -0.006 -18"><span class='ocrx_word' id='word_1_245' title='bbox 163 3615 269 3691; x_wconf 91' lang='lat' dir='ltr'>dium,</span> <span class='ocrx_word' id='word_1_246' title='bbox 300 3613 412 3678; x_wconf 90' lang='lat' dir='ltr'>deinde</span> <span class='ocrx_word' id='word_1_247' title='bbox 437 3613 686 3696; x_wconf 87' lang='lat' dir='ltr'>aegrotationes,</span> <span class='ocrx_word' id='word_1_248' title='bbox 711 3631 792 3694; x_wconf 87' lang='lat' dir='ltr'>qnae</span> <span class='ocrx_word' id='word_1_249' title='bbox 817 3611 1020 3694; x_wconf 90' lang='lat' dir='ltr'>appellantur</span> <span class='ocrx_word' id='word_1_250' title='bbox 1045 3628 1063 3674; x_wconf 88' lang='lat' dir='ltr'>a</span> <span class='ocrx_word' id='word_1_251' title='bbox 1087 3607 1202 3673; x_wconf 80' lang='lat' dir='ltr'>Stoicis</span> <span class='ocrx_word' id='word_1_252' title='bbox 1227 3605 1286 3694; x_wconf 82' lang='grc' dir='ltr'>ἅρ-</span> 
     </span>
     <span class='ocr_line' id='line_1_32' title="bbox 163 3715 1286 3808; baseline -0.006 -24"><span class='ocrx_word' id='word_1_253' title='bbox 163 3719 380 3808; x_wconf 75' lang='grc' dir='ltr'><em>ρωστήματα,</em></span> <span class='ocrx_word' id='word_1_254' title='bbox 414 3721 527 3802; x_wconf 92' lang='lat' dir='ltr'>hisque</span> <span class='ocrx_word' id='word_1_255' title='bbox 563 3721 641 3784; x_wconf 90' lang='lat' dir='ltr'>item</span> <span class='ocrx_word' id='word_1_256' title='bbox 677 3719 841 3802; x_wconf 91' lang='lat' dir='ltr'>oppositae</span> <span class='ocrx_word' id='word_1_257' title='bbox 877 3717 1053 3782; x_wconf 86' lang='lat' dir='ltr'>contrariae</span> <span class='ocrx_word' id='word_1_258' title='bbox 1088 3715 1286 3780; x_wconf 87' lang='lat' dir='ltr'>offensiones.</span> 
     </span>
     <span class='ocr_line' id='line_1_33' title="bbox 164 3821 1286 3910; baseline -0.006 -20"><span class='ocrx_word' id='word_1_259' title='bbox 164 3827 235 3892; x_wconf 87' lang='lat' dir='ltr'>Hoc</span> <span class='ocrx_word' id='word_1_260' title='bbox 263 3827 331 3892; x_wconf 89' lang='lat' dir='ltr'>loco</span> <span class='ocrx_word' id='word_1_261' title='bbox 360 3828 496 3891; x_wconf 91' lang='lat' dir='ltr'>nimium</span> <span class='ocrx_word' id='word_1_262' title='bbox 527 3845 639 3910; x_wconf 89' lang='lat' dir='ltr'>operae</span> <span class='ocrx_word' id='word_1_263' title='bbox 670 3825 868 3892; x_wconf 88' lang='lat' dir='ltr'>consumitur</span> <span class='ocrx_word' id='word_1_264' title='bbox 897 3842 916 3888; x_wconf 88' lang='lat' dir='ltr'>s</span> <span class='ocrx_word' id='word_1_265' title='bbox 941 3823 1070 3899; x_wconf 82' lang='lat' dir='ltr'>Stoicis,</span> <span class='ocrx_word' id='word_1_266' title='bbox 1098 3821 1236 3886; x_wconf 80' lang='lat' dir='ltr'>maxime</span> <span class='ocrx_word' id='word_1_267' title='bbox 1268 3837 1286 3883; x_wconf 93' lang='lat' dir='ltr'>a</span> 
     </span>
     <span class='ocr_line' id='line_1_34' title="bbox 166 3928 1286 4016; baseline -0.008 -17"><span class='ocrx_word' id='word_1_268' title='bbox 166 3933 359 4016; x_wconf 82' lang='lat' dir='ltr'>Chrysippo,</span> <span class='ocrx_word' id='word_1_269' title='bbox 401 3934 478 3997; x_wconf 91' lang='lat' dir='ltr'>dum</span> <span class='ocrx_word' id='word_1_270' title='bbox 510 3933 628 3996; x_wconf 90' lang='lat' dir='ltr'>morbis</span> <span class='ocrx_word' id='word_1_271' title='bbox 664 3951 830 4014; x_wconf 85' lang='lat' dir='ltr'>corporum</span> <span class='ocrx_word' id='word_1_272' title='bbox 865 3931 1069 4014; x_wconf 88' lang='lat' dir='ltr'>comparatur</span> <span class='ocrx_word' id='word_1_273' title='bbox 1102 3928 1286 3992; x_wconf 91' lang='lat' dir='ltr'>morborum</span> 
     </span>
     <span class='ocr_line' id='line_1_35' title="bbox 166 4035 1195 4124; baseline -0.005 -22"><span class='ocrx_word' id='word_1_274' title='bbox 166 4039 264 4102; x_wconf 90' lang='lat' dir='ltr'>animi</span> <span class='ocrx_word' id='word_1_275' title='bbox 288 4035 489 4103; x_wconf 76' lang='lat' dir='ltr'>similitudof.</span> <span class='ocrx_word' id='word_1_276' title='bbox 1193 4119 1195 4124; x_wconf 23' lang='grc' dir='ltr'>Ι</span> 
     </span>
    </p>

    <p class='ocr_par' dir='ltr' id='par_1_8' title="bbox 166 4137 1286 4390">
     <span class='ocr_line' id='line_1_36' title="bbox 238 4137 1286 4212; baseline -0.008 -14"><span class='ocrx_word' id='word_1_277' title='bbox 238 4159 266 4200; x_wconf 86' lang='lat' dir='ltr'>a.</span> <span class='ocrx_word' id='word_1_278' title='bbox 292 4143 370 4197; x_wconf 89' lang='lat' dir='ltr'>Hunc</span> <span class='ocrx_word' id='word_1_279' title='bbox 388 4143 473 4197; x_wconf 88' lang='lat' dir='ltr'>locum</span> <span class='ocrx_word' id='word_1_280' title='bbox 491 4143 543 4196; x_wconf 89' lang='lat' dir='ltr'>iarn</span> <span class='ocrx_word' id='word_1_281' title='bbox 561 4141 641 4212; x_wconf 90' lang='lat' dir='ltr'>primi</span> <span class='ocrx_word' id='word_1_282' title='bbox 659 4141 741 4195; x_wconf 82' lang='lat' dir='ltr'>Stoici</span> <span class='ocrx_word' id='word_1_283' title='bbox 759 4139 936 4206; x_wconf 83' lang='lat' dir='ltr'>excoluerunt,</span> <span class='ocrx_word' id='word_1_284' title='bbox 956 4139 1116 4209; x_wconf 84' lang='lat' dir='ltr'>scripserant</span> <span class='ocrx_word' id='word_1_285' title='bbox 1134 4137 1203 4191; x_wconf 89' lang='lat' dir='ltr'>anim</span> <span class='ocrx_word' id='word_1_286' title='bbox 1222 4140 1286 4209; x_wconf 81' lang='grc' dir='ltr'>περὶ</span> 
     </span>
     <span class='ocr_line' id='line_1_37' title="bbox 166 4225 1286 4302; baseline -0.006 -16"><span class='ocrx_word' id='word_1_287' title='bbox 166 4239 269 4287; x_wconf 78' lang='grc' dir='ltr'><strong><em>παθῶν</em></strong></span> <span class='ocrx_word' id='word_1_288' title='bbox 282 4233 359 4299; x_wconf 88' lang='lat' dir='ltr'>Zeno,</span> <span class='ocrx_word' id='word_1_289' title='bbox 373 4231 543 4302; x_wconf 80' lang='lat' dir='ltr'>Chrysippus,</span> <span class='ocrx_word' id='word_1_290' title='bbox 563 4229 617 4297; x_wconf 88' lang='lat' dir='ltr'>alii,</span> <span class='ocrx_word' id='word_1_291' title='bbox 636 4229 932 4298; x_wconf 81' lang='lat' dir='ltr'>v.Diog.V11110sq.;</span> <span class='ocrx_word' id='word_1_292' title='bbox 948 4227 1021 4281; x_wconf 82' lang='lat' dir='ltr'>Stob.</span> <span class='ocrx_word' id='word_1_293' title='bbox 1032 4225 1087 4281; x_wconf 76' lang='lat' dir='ltr'>ser.</span> <span class='ocrx_word' id='word_1_294' title='bbox 1101 4227 1128 4280; x_wconf 93' lang='grc' dir='ltr'>Π</span> <span class='ocrx_word' id='word_1_295' title='bbox 1141 4243 1166 4296; x_wconf 93' lang='lat' dir='ltr'>p.</span> <span class='ocrx_word' id='word_1_296' title='bbox 1178 4225 1230 4280; x_wconf 90' lang='grc'>166</span> <span class='ocrx_word' id='word_1_297' title='bbox 1238 4241 1286 4294; x_wconf 78' lang='lat' dir='ltr'>sq,</span> 
     </span>
     <span class='ocr_line' id='line_1_38' title="bbox 166 4319 727 4390; baseline -0.004 -16"><span class='ocrx_word' id='word_1_298' title='bbox 166 4322 212 4374; x_wconf 91' lang='lat' dir='ltr'>ubi</span> <span class='ocrx_word' id='word_1_299' title='bbox 229 4321 317 4375; x_wconf 82' lang='lat' dir='ltr'>nrulta</span> <span class='ocrx_word' id='word_1_300' title='bbox 333 4321 394 4374; x_wconf 89' lang='lat' dir='ltr'>iude</span> <span class='ocrx_word' id='word_1_301' title='bbox 411 4323 533 4390; x_wconf 82' lang='lat' dir='ltr'>excerpta</span> <span class='ocrx_word' id='word_1_302' title='bbox 550 4319 727 4390; x_wconf 86' lang='lat' dir='ltr'>reperiuntur.</span> 
     </span>
    </p>
   </div>
   <div class='ocr_carea' id='block_1_8' title="bbox 166 4406 1286 4572">
    <p class='ocr_par' dir='ltr' id='par_1_9' title="bbox 166 4406 1286 4572">
     <span class='ocr_line' id='line_1_39' title="bbox 236 4406 1286 4476; baseline -0.009 -12"><span class='ocrx_word' id='word_1_303' title='bbox 236 4409 268 4464; x_wconf 82' lang='lat' dir='ltr'>b.</span> <span class='ocrx_word' id='word_1_304' title='bbox 293 4409 369 4476; x_wconf 87' lang='lat' dir='ltr'>Diog.</span> <span class='ocrx_word' id='word_1_305' title='bbox 388 4409 439 4461; x_wconf 85' lang='lat' dir='ltr'>VII</span> <span class='ocrx_word' id='word_1_306' title='bbox 458 4409 510 4462; x_wconf 94' lang='lat'>110</span> <span class='ocrx_word' id='word_1_307' title='bbox 529 4410 587 4463; x_wconf 79' lang='grc' dir='ltr'><em>ἔστι</em></span> <span class='ocrx_word' id='word_1_308' title='bbox 606 4409 638 4462; x_wconf 73' lang='grc' dir='ltr'>δὲ</span> <span class='ocrx_word' id='word_1_309' title='bbox 657 4409 725 4461; x_wconf 83' lang='grc' dir='ltr'><strong><em>αὐτὸ</em></strong></span> <span class='ocrx_word' id='word_1_310' title='bbox 744 4409 775 4460; x_wconf 82' lang='grc' dir='ltr'>τὸ</span> <span class='ocrx_word' id='word_1_311' title='bbox 795 4408 908 4466; x_wconf 71' lang='grc' dir='ltr'><em>πάθος</em></span> <span class='ocrx_word' id='word_1_312' title='bbox 925 4407 995 4458; x_wconf 79' lang='grc' dir='ltr'><strong><em>κατὰ</em></strong></span> <span class='ocrx_word' id='word_1_313' title='bbox 1015 4406 1128 4470; x_wconf 84' lang='grc' dir='ltr'><strong><em>Ζήνωνα</em></strong></span> <span class='ocrx_word' id='word_1_314' title='bbox 1152 4407 1286 4473; x_wconf 69' lang='grc' dir='ltr'><em>ἢᾶλογος</em></span> 
     </span>
     <span class='ocr_line' id='line_1_40' title="bbox 166 4497 984 4572; baseline -0.007 -20"><span class='ocrx_word' id='word_1_315' title='bbox 166 4503 211 4552; x_wconf 82' lang='grc' dir='ltr'>καὶ</span> <span class='ocrx_word' id='word_1_316' title='bbox 231 4500 308 4572; x_wconf 77' lang='grc' dir='ltr'><em>παρὰ</em></span> <span class='ocrx_word' id='word_1_317' title='bbox 328 4500 414 4570; x_wconf 78' lang='grc' dir='ltr'><strong><em>φύσιν</em></strong></span> <span class='ocrx_word' id='word_1_318' title='bbox 432 4505 523 4568; x_wconf 74' lang='grc' dir='ltr'><strong><em>ψυχῆς</em></strong></span> <span class='ocrx_word' id='word_1_319' title='bbox 541 4503 645 4564; x_wconf 84' lang='grc' dir='ltr'><strong><em>κίνησις</em></strong></span> <span class='ocrx_word' id='word_1_320' title='bbox 663 4501 679 4563; x_wconf 75' lang='grc' dir='ltr'>ἢ</span> <span class='ocrx_word' id='word_1_321' title='bbox 698 4497 769 4570; x_wconf 80' lang='grc' dir='ltr'>ὁρμὴ</span> <span class='ocrx_word' id='word_1_322' title='bbox 788 4497 984 4556; x_wconf 76' lang='grc' dir='ltr'><em>πλεονάζουσα.</em></span> 
     </span>
    </p>
   </div>
   <div class='ocr_carea' id='block_1_9' title="bbox 1312 2774 1415 2816">
    <p class='ocr_par' dir='ltr' id='par_1_10' title="bbox 1312 2774 1415 2816">
     <span class='ocr_line' id='line_1_41' title="bbox 1312 2774 1415 2816; baseline -0.01 -1"><span class='ocrx_word' id='word_1_323' title='bbox 1312 2774 1335 2816; x_wconf 82' lang='lat' dir='ltr'>ot</span> <span class='ocrx_word' id='word_1_324' title='bbox 1347 2785 1415 2814; x_wconf 84' lang='lat' dir='ltr'>cauea</span> 
     </span>
    </p>
   </div>
   <div class='ocr_carea' id='block_1_10' title="bbox 1311 3199 1443 3241">
    <p class='ocr_par' dir='ltr' id='par_1_11' title="bbox 1311 3199 1443 3241">
     <span class='ocr_line' id='line_1_42' title="bbox 1311 3199 1443 3241; baseline -0.008 -1"><span class='ocrx_word' id='word_1_325' title='bbox 1311 3201 1335 3240; x_wconf 83' lang='lat' dir='ltr'>et</span> <span class='ocrx_word' id='word_1_326' title='bbox 1348 3199 1443 3241; x_wconf 76' lang='lat' dir='ltr'>effeetus</span> 
     </span>
    </p>
   </div>
   <div class='ocr_carea' id='block_1_11' title="bbox 0 0 1580 4982">
    <p class='ocr_par' dir='ltr' id='par_1_12' title="bbox 0 0 1580 4982">
     <span class='ocr_line' id='line_1_43' title="bbox 0 0 1580 4982; baseline 0 0"><span class='ocrx_word' id='word_1_327' title='bbox 0 0 1580 4982; x_wconf 95' lang='lat' dir='ltr'> </span> 
     </span>
    </p>
   </div>
  </div>
 </body>
</html>
