3156 4988
676 299 779 354 Ethiea.
1237 297 1291 358 315

171 471 287 545 γνῶσις
315 458 373 524 καῖ
403 455 596 546 προαίρεσις
625 458 755 544 ἀγαθοῦ
783 481 871 536 τινος
900 456 1060 546 ὀρέγεται,
1084 455 1118 524 τί
1139 454 1228 524 ἐστιν
1254 452 1294 525 οὐ

97 623 102 638 ,
171 564 304 652 λέγομεν
326 567 383 654 τὴν
406 567 579 654 πολιτικὴν
602 563 759 654 ἐφίεσθαι
782 565 838 631 καὶ
861 563 896 630 τί
910 567 948 631 τὸ
964 566 1097 631 πάντων
1112 565 1291 653 ἀκρότατον

171 685 236 737 τῶν
259 686 416 760 πρακτῶν
439 672 585 758 ἀγαθῶν.
632 670 768 756 ὀνόματι
803 671 862 754 μὲν
896 669 950 738 οὐν
983 673 1094 753 σχεδὸν
1128 673 1194 737 ὑπὸ
1227 685 1292 737 τῶν

171 763 334 844 πλείστων
364 779 588 864 ὁμολογεῖται·
634 781 691 867 τὴν
714 781 774 865 γδρ
798 774 1005 862 εὐδαιμονίαν
1034 776 1091 844 καί
1116 774 1146 844 οῖ
1170 775 1290 844 πολλοὶ

170 884 229 951 καὶ
259 881 289 950 οῖ
318 883 480 968 χαρίεντες
510 883 654 969 λέγουσι,
678 887 717 950 τὸ
741 873 773 950 δ>
791 882 825 950 εὐ
849 884 905 972 ζην
928 883 985 950 καί
1008 886 1046 950 τὸ
1070 881 1103 950 εὐ
1132 885 1291 972 πράττειν

170 990 288 1056 ταύτὸν
317 990 586 1076 ὑπολαμβάνουσι
615 992 664 1077 τηῖ
686 991 895 1075 εὐδαιμονεῖν.
941 989 1019 1078 περὶ
1043 988 1080 1055 δὲ
1102 1003 1159 1078 της
1181 989 1291 1056 εὐδαι-

170 1095 295 1180 μονίας,
329 1095 364 1162 τί
397 1097 493 1177 ἐστιν,
528 1097 772 1186 ἀμφισβητοῦσι
805 1096 863 1163 καὶ
887 1095 942 1179 οὐχ
972 1093 1092 1180 ὁμοίως
1116 1093 1146 1162 οῖ
1170 1093 1290 1162 πολλοί

170 1208 241 1282 τοῖς
263 1207 379 1293 σοφοῖς
401 1204 626 1270 ἀποδιδόασιν.

86 1415 160 1456 ⁸³90
238 1399 284 1463 Π).
304 1407 332 1464 6.
350 1397 457 1464 1097b
475 1407 526 1464 25.
566 1385 692 1486 ίὨσπερ
716 1399 776 1484 γὰρ
800 1396 923 1488 αὐλητῇ
945 1396 1002 1463 καὶ
1026 1393 1481 1498 ἀγαλματοποιηῖῢοηηηθηηῐηεῑε

170 1502 228 1570 καί
252 1502 354 1568 παντί
378 1501 511 1592 τεχνίτῃ,
540 1503 597 1569 καί
621 1504 704 1582 ὅλως
727 1499 772 1567 ὧν
794 1499 883 1570 ἐστιν
906 1499 998 1592 ἔργον
1020 1528 1053 1570 τι
1077 1500 1134 1568 καί
1158 1501 1288 1590 πρᾶξις,

171 1609 206 1676 ἐν
228 1601 275 1696 iq]
298 1606 381 1696 ἔργῳ
405 1611 494 1675 δοκεῖ
517 1609 666 1695 τάγαθὸν
688 1602 772 1674 εῖναι
796 1609 854 1675 καὶ
878 1611 916 1675 τὸ
938 1607 981 1690 εὖ,
1007 1611 1091 1676 οὕτω
1114 1608 1234 1687 δόξειεν
1250 1608 1289 1672 ἀν

170 1714 228 1782 καὶ
251 1715 429 1802 ἀνθρώπῳ,
453 1710 546 1802 εἴπερ
569 1711 638 1780 ἔστι
662 1740 694 1780 τι
718 1711 809 1803 ἔργον
832 1715 939 1782 αὐτοῦ.
957 1713 1050 1780 -τί
1072 1711 1127 1780 οὖν
1142 1715 1180 1802 δὴ
1196 1701 1285 1780 τοῦτ’

171 1817 281 1910 ἀνείη
305 1819 405 1902 ποτέ,·
427 1823 465 1886 τὸ
487 1820 546 1903 μὲν
569 1823 630 1908 γὰρ
655 1821 710 1909 ζην
733 1822 840 1887 κοινὸν
863 1814 1116 1910 εἶναιφαίνεται
1139 1818 1197 1886 καί
1219 1823 1290 1898 τοῖς

115 1949 116 1952 ’
170 1931 296 2015 φυτοῖς,
320 1927 464 2015 ζητεῖται
489 1925 525 1991 δὲ
547 1928 585 1992 τὸ
607 1921 700 1992 ίδιον.
747 1926 941 2014 ἀφοριστέον
971 1926 1035 2014 ἀρα
1065 1927 1123 2014 τὴν
1145 1931 1288 2012 θρεπτι-

169 2035 228 2121 κὴν
250 2033 306 2098 καί
330 2033 502 2122 αὐξητικὴν
524 2033 617 2121 ζωήν.
664 2029 805 2120 ἑπομένη
829 2032 865 2098 δὲ
888 2030 1068 2122 αἰσθητική
1091 2057 1143 2110 τις
1160 2033 1205 2096 ἀν
1227 2027 1289 2120 ε’ίη,

170 2137 323 2227 φαίνεται
353 2139 389 2204 δὲ
420 2138 476 2204 καί
507 2141 588 2226 αὐτη
618 2141 709 2227 κοινὴ
744 2138 800 2204 καί
823 2141 924 2225 ἵππῳ
947 2138 1005 2204 καὶ
1027 2139 1085 2222 βοῒ
1106 2137 1163 2203 καί
1187 2138 1289 2206 παντί
1359 2125 1363 2132 ’

170 2241 252 2332 ζηίῳ.
298 2243 447 2312 λείπεται
471 2247 510 2334 δη
534 2246 701 2334 πρακτική
724 2270 776 2323 τις
798 2257 856 2310 τοῦ
879 2246 971 2331 λόγον
999 2242 1126 2326 ῖγοντος
1161 2245 1289 2329 (τούτου

170 2350 207 2416 δὲ
237 2353 275 2417 τὸ
304 2351 363 2435 μὲν
386 2353 430 2429 ὡς
453 2351 633 2430 ἐπιπειθὲς
656 2352 756 2438 λόγῳ,
787 2354 825 2417 τὸ
848 2341 881 2417 δ)
897 2353 943 2430 ’ὡς
966 2348 1036 2433 ἔχον
1058 2350 1116 2417 καῖ
1140 2352 1288 2417 διανοού-

168 2459 284 2542 μενον).
332 2458 448 2535 διττῶς
471 2455 587 2523 δὲκαὶ
610 2458 729 2546 ταύτης
758 2455 928 2546 λεγομένης
951 2460 1008 2546 την
1034 2446 1110 2523 ιιατ>
1129 2455 1289 2544 ἐνέργειαν

168 2563 298 2630 θετέον·
322 2565 515 2652 κυριώτερον
533 2567 593 2651 γάρ
618 2566 699 2652 αὐτη
723 2565 812 2630 δοκεῖ
835 2563 1000 2649 λέγεσθαι.
1025 2601 1070 2611 —-
1093 2561 1122 2629 εἰ
1145 2552 1177 2629 δ’
1196 2565 1286 2645 οὐτω,

168 2671 208 2736 τδ
230 2669 442 2757 ἀνθρώπινον
458 2671 586 2756 ἀγαθὸν
609 2683 714 2760 φοχῆς
737 2667 878 2757 ἐνέργεια
901 2669 1043 2756 γίγνεται
1066 2659 1145 2736 κατ’
1164 2670 1286 2760 ἀρετήν,

169 2771 198 2840 εἰ
221 2775 257 2841 δὲ
280 2774 412 2855 πλείους
435 2773 470 2842 αῖ
494 2774 617 2863 ἀρεταί,
641 2779 726 2842 κατὰ
749 2779 806 2866 την
821 2775 954 2866 ἀρίστην
976 2777 1033 2843 καί
1056 2776 1286 2865 τελειοτάτηνθ.

169 2877 273 2948 {aff
293 2883 326 2948 ἐν
356 2880 419 2969 βίῳ
448 2881 568 2969 τελείῳ.
614 2881 677 2966 μία
700 2885 762 2970 γάρ
783 2885 919 2965 χελιδὼν
942 2881 999 2971 ἔαρ
1024 2883 1060 2950 οὐ
1083 2887 1189 2966 ποιεῖ,
1214 2881 1287 2949 οὐδὲ

167 2977 230 3071 μία
265 2988 386 3076 ἡμέρα·
432 2991 515 3054 οὐτω
550 2988 586 3054 δὲ
621 2988 694 3054 οὐδὲ
728 2989 890 3076 μακάριον
924 2989 981 3056 καί
1015 2987 1191 3074 εὐδαίμονα
1225 2986 1286 3072 μία

167 3092 273 3180 ἡμέρα
297 3084 367 3159 οὐδ’
386 3093 494 3180 ὀλίγος
514 3095 652 3183 χρόνοςί.

240 3267 268 3312 a.
295 3254 413 3308 Perfecta
435 3255 547 3308 felicitas
571 3272 654 3324 neque
680 3247 802 3308 solitaria*
823 3272 881 3310 esse
899 3273 983 3326 neque
1002 3257 1116 3308 externis
1134 3256 1204 3309 vitae
1227 3257 1287 3309 sub-

168 3341 243 3394 sidiis
268 3359 355 3396 carere
379 3346 482 3412 potest:
509 3343 570 3396 Eth.
589 3344 648 3398 Nic.
667 3344 724 3398 15.
751 3343 876 3399 109798
904 3347 936 3398 τὸ
965 3347 1018 3420 γὰρ
1046 3349 1148 3398 τέλειον
1176 3347 1287 3414 ἀγαθὸν

169 3434 299 3505 αὔταρκες
317 3433 387 3486 εἶναι
407 3433 491 3486 δοκεῖ.
528 3435 560 3486 τὸ
574 3429 602 3486 δ’
622 3437 753 3506 αὔταρκες
771 3437 888 3506 λέγομεν
907 3437 955 3488 οὐκ
975 3437 1048 3503 αὐτῷ
1061 3436 1139 3506 μόνῳ
1158 3437 1194 3502 τῷ
1209 3436 1286 3494 ζῶντι

167 3524 231 3586 βίον
248 3523 388 3591 μονώτην,
417 3523 485 3574 ἀλλά
505 3526 550 3574 καὶ
570 3533 682 3591 γονεῦσι
700 3527 744 3574 καὶ
765 3527 867 3584 τεκνοις
885 3528 930 3576 καὶ
950 3527 1124 3592 γυναικίκαὶ
1144 3523 1210 3584 ὅλως
1229 3529 1287 3584 τοῖς

168 3612 261 3678 φίλοις
289 3613 497 3672 καὶπολίταις,
525 3610 622 3676 ἐπειδὴ
650 3612 734 3681 φύσει
763 3614 902 3671 πολιτικὸς
930 3615 1085 3685 ἅνθρωπος.
1128 3609 1196 3663 Ibid.
1222 3609 1236 3663 I
1260 3611 1284 3664 9.

168 3695 258 3750 1099ιι
276 3697 309 3752 31
341 3703 471 3768 φαίνεται
497 3695 526 3750 δ’
545 3699 619 3770 ὅμως
645 3702 692 3750 καὶ
717 3709 772 3750 τῶν
795 3701 871 3760 ίκτδς
895 3703 1012 3770 ἀγαθῶν
1039 3700 1232 3772 προσδεομένη
1260 3701 1286 3766 (ἡ

167 3785 359 3854 εὐδαιμονία),
387 3789 517 3861 καθάπερ
536 3791 665 3858 εἴπομεν·
703 3787 844 3842 ἀδύνατον
868 3791 922 3862 γάρ
946 3794 962 3855 ἢ
987 3791 1020 3842 οὐ
1045 3785 1144 3861 ῥηίδιον
1162 3791 1196 3840 τὰ
1215 3791 1286 3841 καλοῖ

167 3876 300 3948 πράττειν
318 3877 491 3949 ἀχορήγητον
504 3879 577 3936 ὄντα,
608 3877 696 3930 πολλὰ
714 3878 839 3951 μὲνγὰρ
858 3881 1014 3950 πράττεται,
1034 3879 1162 3949 καθάπερ
1181 3874 1222 3930 δι’
1240 3879 1285 3949 ὀρ-

166 3965 274 4030 γάνων,
298 3963 347 4016 διὰ
367 3967 455 4034 φίλων
472 3968 518 4016 καὶ
537 3967 660 4018 πλούτου
678 3969 724 4018 καὶ
744 3968 882 4034 πολιτικῆς
901 3967 1054 4038 δυνάμεως·
1092 3968 1171 4019 ίνίων
1189 3965 1221 4020 δὲ
1240 3985 1285 4033 τη-

166 4052 285 4122 τώμενοι
303 4053 471 4125 ῥοπιιίνουσι
489 4055 521 4105 τὸ
539 4056 685 4128 μακάριον,
707 4049 767 4106 οἷον
780 4056 923 4124 εὐγενείας,
943 4057 1086 4117 εὐτεκνίας,
1104 4057 1232 4115 κάλλους·
1253 4057 1285 4108 οὐ

167 4141 244 4191 ποίνιι
262 4141 316 4212 γὰρ
335 4141 528 4212 εὐδαιμονικὸς
554 4143 636 4207 ὁτὴν
654 4143 736 4195 ἰδέαν
755 4147 912 4212 παναίσχης
935 4143 1104 4212 ἢδυσγενὴς
1128 4146 1286 4216 ἢμονώτης

166 4231 213 4279 καὶ
232 4231 350 4290 ίίτεκνος,
370 4229 410 4281 ἔτι
429 4225 457 4282 δ’
476 4233 542 4290 ἴσως
561 4224 649 4296 ἧττον,
669 4235 695 4282 εἴ
712 4249 749 4298 τῳ
768 4233 907 4298 ποίγκακοι
926 4231 1026 4290 παῖδες
1045 4231 1098 4284 εἷεν
1117 4235 1132 4298 ἢ
1151 4235 1241 4302 φίλοι,
1269 4235 1285 4298 ἢ

167 4317 273 4384 ἀγαθοὶ
290 4319 364 4378 ὄντες
381 4325 519 4371 τεθνᾶσιν.
538 4317 626 4370 Etiam
635 4318 763 4387 voluptas,
779 4334 837 4370 eum
847 4322 889 4370 est
898 4319 1017 4372 derebus
1026 4319 1151 4388 pulchris,
1166 4320 1199 4373 ad
1208 4321 1285 4374 beate
1312 4335 1418 4388 voluptas

165 4403 304 4461 vivendum
327 4405 457 4474 pertinet:
484 4405 547 4458 Eth.
566 4405 624 4460 Nic.
643 4406 700 4460 19.
727 4405 850 4460 109927
879 4409 937 4462 ἔστι
962 4408 1057 4462 δὲκαὶ
1084 4410 1286 4478 ὁβίοςαύτῶν
