3140 4990
667 309 741 367 Zeno.
1212 309 1264 372 1⁰1

147 469 249 538 unicus)
282 471 409 539 Zenonem
440 473 526 542 ipsum
555 471 735 541 disputantem
764 471 831 525 faoit
858 471 929 526 Plat.
948 471 1036 526 Parm.
1062 472 1114 526 128
1130 472 1160 527 O.
1192 468 1264 524 ’Ἐστι

147 557 180 611 δὲ
203 557 235 611 τό
260 577 292 629 γε
311 559 412 624 τάληθὲς
430 559 544 630 βοήθειά
562 580 602 620 τις
620 564 704 613 ταῦτα
723 559 756 613 τά
774 561 926 632 γράμματα
944 565 983 634 τῷ
1002 559 1172 631 Παρμενίδου
1191 558 1263 634 λόγῳ

147 645 216 716 πρός
235 645 299 709 τοδς
317 649 523 718 ἐπιχειροῦντας
543 645 629 703 αότδν
647 648 800 722 κωμῳδεῖν,
828 644 881 714 ὦς,
908 651 934 701 ελ
959 647 990 702 ἐν
1010 646 1082 718 ἔστι,
1108 648 1193 702 πολλά
1218 651 1263 702 καλ

147 737 240 806 γελοῖα
259 743 401 810 συμβαίνει
419 733 536 809 πάσχειν
555 743 592 812 τῷ
611 735 687 810 λόγῳ
706 740 751 791 καλ
771 738 884 791 ἐναντία
903 740 985 811 αὐτῷ.
1004 735 1141 808 α’ντιλέγει
1159 735 1194 804 δή
1212 729 1263 792 οὖν

147 831 227 880 τοῦτο
245 827 277 880 τό
294 827 416 900 γράμμα
429 827 500 898 πρός
516 827 579 888 τοδς
597 824 631 880 τά
648 826 735 880 πολλά
753 827 885 897 λέγοντας
899 830 944 880 καλ
957 825 1163 880 άνταποδίδωσι
1177 825 1263 881 ταδτά

146 919 192 968 καὶ
209 916 302 985 πλείω,
316 919 397 971 τοῦτο
416 917 582 988 βουλόμενον
596 917 706 982 δηλοῦν,
725 918 761 977 oie
773 913 812 970 ἔτι
825 915 987 987 γελοιότερα
1001 915 1105 987 πάσχοι
1118 916 1154 970 άν
1168 914 1263 972 αότυῖν

147 1006 161 1069 ἦ
181 1004 325 1076 ὑπόθεσις,
344 1007 359 1073 ή
378 1011 404 1060 εί
420 1006 505 1059 πολλὰ
524 1003 598 1060 ἔστιν
616 1003 635 1072 ἢ
654 1006 669 1070 ἤ
687 1010 734 1059 τοῦ
753 1006 784 1059 ἓν
808 993 896 1071 εἶναι,
921 1009 947 1059 εί
969 1025 1009 1066 τις
1033 1011 1132 1064 ἱκαναῖς
1154 1006 1264 1072 ἐπεξίοι.

147 1094 195 1147 διά
212 1096 339 1159 τοιαύτην
358 1093 393 1161 δή
411 1097 580 1166 φιλονεικίαν
598 1095 653 1149 όπδ
670 1096 733 1148 νέου
751 1093 831 1156 όντος
849 1095 918 1166 ἐμοῦ
937 1093 1058 1166 ἐγράφη,
1076 1100 1124 1148 καί
1139 1115 1180 1156 τις
1194 1094 1264 1150 αδτδ

146 1180 241 1252 ἔκλεψε
259 1187 379 1256 γραφέν,
403 1183 473 1240 ὥστε
491 1181 557 1240 οὐδὲ
575 1184 772 1255 βουλεύσασθαι
791 1183 944 1256 ἐξεγένετο,
968 1184 1018 1238 εἴτ’
1035 1184 1169 1248 ἐξοιστέον
1191 1181 1262 1238 αότδ

146 1277 185 1335 είς
203 1273 235 1328 τό
253 1279 312 1345 φώς
333 1278 389 1328 εἴτε
405 1274 452 1348 μή.

217 1397 244 1440 ο.
272 1383 437 1454 Angumenta
464 1387 584 1439 traotata
611 1383 747 1453 signifieat
770 1383 841 1438 Plat.
865 1382 976 1438 Phaedr.
1000 1383 1051 1440 261
1067 1383 1099 1438 D.
1136 1380 1187 1435 τόν
1214 1373 1264 1438 οὖν
1278 1437 1299 1478 d,
1313 1383 1368 1478 ”hig
1383 1437 1404 1478 d,

145 1467 295 1524 hisauxo'r
314 1472 480 1544 Παλαμήδην
499 1472 617 1542 λέγοντα
641 1469 690 1525 onix
718 1474 799 1541 ἴσμεν
817 1471 915 1542 τέχνη,
940 1467 1010 1524 ὥστε
1035 1475 1261 1542 φαίνεσθαιτοῖς
1293 1448 1343 1489 ¹⁸⁹³
1368 1450 1406 1478 Ἡ

145 1557 270 1613 α’κοάουσι
289 1563 322 1613 τά
341 1557 409 1613 αδτά
428 1558 511 1630 όμοια
537 1565 582 1613 καὶ
607 1557 738 1632 άνόμοια,
764 1562 810 1612 καλ
835 1559 866 1613 ἓν
890 1563 935 1612 καλ
962 1552 1062 1627 πολλά,
1089 1558 1208 1633 μένοντά
1233 1577 1262 1613 τε

146 1637 182 1702 αδ
201 1652 245 1701 καὶ
263 1647 420 1720 φερόμενα;
448 1650 520 1705 Plus.
540 1650 633 1705 Periol.
653 1652 683 1703 4:
714 1647 843 1716 διήκουσε
870 1648 903 1703 δὲ
927 1649 1052 1720 Περικλῆς
1074 1652 1119 1702 καὶ
1137 1647 1263 1714 Ζήνωνος

145 1743 192 1790 τοῦ
207 1735 336 1802 Ἐλεάτου,
353 1739 618 1810 πραγματευομένου
642 1741 705 1808 περὶ
729 1737 818 1808 φόσιν
836 1736 873 1799 oie
892 1738 1080 1810 Παρμενίδης,
1108 1739 1263 1809 ἐλεγκτικιζν

146 1828 181 1882 δέ
195 1847 256 1881 τινα
274 1831 319 1880 καὶ
338 1824 379 1880 δι’
398 1825 602 1897 ἐναντιολογίας
626 1830 664 1888 εἰς
682 1824 801 1898 άπορίαν
823 1828 1037 1882 κατακλείουσαν
1060 1827 1261 1895 ἐξασκήσαντος

145 1917 207 1982 ἕξιν.
227 1913 319 1986 ὥσπερ
337 1919 382 1970 καλ
404 1923 494 1990 Τίμων
513 1919 528 1970 o‘
546 1915 672 1978 Φλιάσιος
690 1920 778 1990 εἴρηκε
796 1916 842 1969 διά
859 1915 981 1970 τούτων·

305 2002 575 2076 ἀμφοτερογλώσσου
593 2024 624 2060 τε
641 2007 715 2077 μέγα
734 2007 835 2067 σθένος
853 2002 903 2059 υυίι
920 2002 1084 2061 α’λαπαδνδν

306 2094 427 2159 Ζήνωνος
447 2096 558 2149 πάντων
576 2094 764 2167 ἐπιλήπτορος.

146 2186 216 2252 Quos
234 2186 351 2240 Timonis
369 2187 509 2242 versiculos
528 2187 556 2241 hi
575 2187 715 2256 excipiunt,
735 2185 805 2256 apud
823 2186 900 2256 Diog.
919 2187 959 2240 IX
978 2186 1021 2252 25,

801 2271 850 2340 ἡδὲ
869 2274 1003 2328 Μελίσσου

304 2345 413 2398 πολλῶν
432 2352 608 2418 φαντασμῶν
626 2345 727 2413 ἐπάνω,
746 2345 864 2416 παόρων
881 2363 916 2415 γε
932 2350 987 2416 μὲν
1005 2348 1079 2402 εἴσω.

216 2453 239 2506 i.
267 2451 432 2523 Scripserunt
451 2454 481 2508 de
499 2470 528 2508 eo
546 2454 663 2524 Gerling,
682 2453 713 2509 do
732 2454 842 2508 Zenonis
865 2453 1051 2524 paralogismis
1070 2458 1171 2509 motum
1190 2471 1262 2525 speo-

145 2541 274 2607 tantibus‚
293 2542 427 2612 Mnrbnrg.
448 2545 526 2599 1825.
563 2543 611 2598 Ed.
631 2544 788 2609 Wellmann,
809 2543 898 2599 Zenon
912 2544 1035 2599 Beweiae
1052 2561 1138 2614 ριρινι
1152 2545 1195 2600 dia
1208 2545 1261 2598 Be-

144 2647 270 2700 ιοεριιιιρ,
289 2631 383 2700 Ρτορν.
402 2631 560 2698 Fraotfurt
577 2650 602 2688 ο.
623 2632 652 2687 0.
673 2636 752 2687 1870.
789 2633 819 2686 Π.
839 2631 993 2698 Schneider,
1012 2633 1039 2686 in
1058 2632 1191 2706 Philologi
1210 2633 1260 2687 vol.

145 2719 254 2785 XXXV,
275 2719 351 2786 1876,
370 2738 394 2790 p.
415 2722 474 2776 612.

89 2981 127 3021 noo
213 2953 351 3038 Simplio
382 2954 477 3038 Phys.
502 2962 564 3021 255
580 2965 601 3017 ¹.
646 2954 710 3021 Διὰ
739 2961 830 3029 τοῦτο
861 2950 923 3022 λόει
952 2950 1183 3040 (Ἀριστοτέλης)
1212 2961 1260 3021 καὶ
1274 2984 1364 3025 καιτοι
1378 2975 1402 3015 ot

144 3060 198 3127 τὸν
227 3059 370 3142 Ζήνωνος
398 3063 455 3127 τοῦ
477 3057 614 3128 Ἐλεάτου
642 3058 743 3146 λόγον,
775 3057 809 3128 όν
832 3055 920 3150 ἤρετο
936 3073 949 3100 ⁸
971 3056 1183 3149 Πρωταγόραν
1206 3057 1260 3128 τὸν
1292 3037 1383 3069 »servus

144 3163 304 3253 σοφιστήν.
349 3169 423 3234 Εἰπὲ
451 3163 509 3254 γάρ
531 3196 599 3253 μοι,
622 3167 697 3255 ἐφη,
727 3162 982 3257 ὦΠρωταγόρα,
1012 3162 1070 3256 ἆρα
1093 3163 1109 3234 ὅ
1133 3166 1172 3248 εἷς
1194 3171 1261 3254 κέγ-

139 3300 216 3362 χρος
238 3271 415 3342 καταπεσών
437 3273 545 3363 ψόφον
568 3274 683 3358 ποιεΐῆ
705 3275 740 3343 τὸ
763 3275 932 3364 μυριοστὸν
954 3284 1011 3343 τοῦ
1032 3276 1178 3364 κε’γχρου,
1205 3277 1261 3342 τοά

145 3386 179 3449 δὲ
201 3378 337 3458 εἰπόντος
358 3382 401 3469 μὴ
425 3395 528 3464 ποιεῖν,
550 3379 584 3450 ‘0
607 3385 641 3450 che*
662 3387 815 3468 μέδιμνος,
839 3384 907 3471 λ’φη,
931 3384 993 3450 τῶν
1011 3384 1145 3470 κέγχρων
1167 3411 1261 3450 κατα-

144 3487 244 3554 πεσὼν
266 3501 347 3556 ποιεῖ
364 3487 471 3577 ψόφον
486 3484 504 3570 ἦ
519 3483 575 3570 σός
598 3497 656 3556 τοῦ
679 3494 713 3557 δὲ
734 3503 848 3578 ψοφεῖν
870 3485 1004 3568 εἰπόντος
1025 3486 1079 3556 τὸν
1101 3496 1257 3575 μέδιμνον,

150 3601 191 3661 Τί
211 3589 273 3678 οὗν,
298 3597 356 3682 λ’φη
379 3592 395 3662 ὅ
418 3595 537 3684 Ζήνων,
562 3594 616 3663 οὖν
639 3598 701 3664 ἐστι
725 3596 812 3684 λόγος
835 3599 892 3664 τοῦ
920 3601 1070 3682 μεδίμνου
1100 3599 1162 3664 τῶν
1191 3603 1260 3683 κέγ·

145 3731 226 3788 χρων
248 3701 321 3789 πρὸς
342 3699 396 3768 τόν
419 3705 469 3770 ἕνα
492 3710 541 3770 καὶ
564 3703 599 3770 τὸ
622 3700 788 3791 μυριοστὸν
810 3706 869 3771 τοῦ
882 3703 963 3784 ἕνόςς
985 3705 1041 3771 τοῦ
1057 3707 1090 3770 δὲ
1106 3703 1261 3791 φήσαντος

144 3808 225 3890 εἶναι,
252 3815 294 3875 Τι’
315 3803 378 3891 οὖν,
402 3813 461 3900 ἐφη
484 3805 500 3877 ὅ
522 3810 642 3897 Ζήνων,
673 3808 708 3878 οὗ
733 3817 782 3878 καὶ
804 3812 866 3877 τῶν
888 3809 1005 3898 ψόφων
1033 3813 1151 3878 ἔσονται
1180 3810 1261 3900 λόγοι

145 3913 218 4004 πρὸς
241 3914 389 4002 ἀλλήλους
412 3919 439 3982 οἱ
462 3906 567 4000 αὐτας
602 3912 642 3994 ὡς
665 3917 722 4006 γὰρ
745 3917 783 3984 τὰ
804 3919 984 4006 ψοφοῦντα,
1015 3923 1065 3984 καὶ
1094 3921 1121 3984 οἱ
1150 3917 1257 4008 ψόφοι.

144 4018 256 4089 τοότου
291 4027 325 4088 δὲ
359 4023 454 4102 οὕτως
485 4017 622 4109 ἔχοντος,
657 4031 683 4091 εἰ
705 4021 720 4092 ὅ
743 4027 891 4110 μέδιμνος
921 4025 976 4092 τοῦ
1004 4026 1129 4111 κέγχρου
1151 4036 1258 4124 ψοφεῖ,

143 4127 278 4218 ψοφήσει
301 4137 350 4196 καὶ
373 4125 389 4197 ὁ
412 4128 452 4210 εἷς
474 4137 598 4219 κέγχρος
620 4137 668 4199 καὶ
691 4128 726 4200 τό
749 4127 915 4218 μυριοστὸν
937 4133 995 4198 τοῦ
1016 4133 1153 4219 κέγχρου.
1199 4129 1200 4134 ’

215 4287 244 4328 a.
273 4272 402 4328 Sinone
422 4274 490 4328 libro
510 4274 619 4329 Zenonis
644 4275 729 4328 omnis
748 4274 813 4330 haeo
837 4274 1031 4343 argumentatio
1056 4276 1086 4330 at
1108 4273 1178 4329 ratio
1201 4275 1260 4344 ipsa

143 4377 173 4415 ox
203 4363 335 4416 sententia
362 4363 419 4418 eins
446 4363 545 4418 hausta
572 4367 621 4417 est.
657 4363 745 4417 Testis
763 4362 845 4417 Arist.
864 4362 942 4432 Phys.
962 4363 1016 4416 VII
1034 4363 1059 4418 5.
1079 4363 1150 4419 250·
1173 4365 1217 4420 20.
1245 4357 1260 4415 ’ὁ

145 4446 268 4514 Ζήνωνος
287 4447 370 4520 λόγος
388 4447 438 4504 ου’κ
455 4449 569 4522 α’ληθής,
589 4453 625 4512 τός
644 4458 735 4521 ψοφεῖ
750 4456 796 4516 τῆς
814 4451 935 4522 κέγχρου
954 4450 1048 4504 ότιοιῖν
1065 4453 1150 4524 μέρος
1168 4456 1217 4510 oet.
