3156 4988
698 326 816 394 Physica.
1261 324 1316 397 329

190 481 251 570 τὴν
279 477 417 571 κίνησιν,
452 484 490 548 τὸ
520 482 677 570 πρότερον
706 483 764 550 καί
787 487 917 572 ὕστερον
940 482 1114 571 ὁρίζοντες·
1161 484 1218 550 καὶ
1241 485 1315 552 τότε

192 587 303 677 φαμὲν
333 587 493 674 χεχονέναι
521 590 646 677 χρόνον,
677 590 754 655 ὅταν
781 601 840 657 τοῦ
862 590 1022 678 προτέρου
1046 591 1103 657 καὶ
1126 590 1258 677 ὑστέρου
1282 589 1316 658 έν

191 695 236 784 τῇ
269 696 391 783 κινήσει
427 692 584 783 αἴσθησιν
619 695 774 779 λάβωμεν.
821 695 968 783 ὁρίζομεν
1001 696 1038 763 δέ
1066 705 1114 784 τῴ
1143 697 1222 763 ἀλλο
1257 697 1314 762 καί

191 799 273 866 άλλο
303 801 481 885 ὑπολαβεῖν
511 800 610 881 αάτά,
646 801 702 867 καί
731 803 855 885 μεταξύ
884 828 917 869 τι
940 803 1046 868 αὐτῶν
1069 802 1190 890 ἕτερον·
1236 804 1315 868 όταν

192 908 254 993 γάρ
289 904 383 994 ἕτερα
417 909 459 972 τὰ
489 907 573 995 άκρα
600 918 660 973 τοῦ
687 907 787 991 μέσον
816 903 993 997 νοήσωμεν,
1028 908 1086 975 καὶ
1114 910 1170 974 ἀόο
1193 907 1271 998 είπρ
1295 911 1314 997 η

193 1015 281 1100 ψιχὴ
304 1015 346 1077 τά
369 1023 436 1093 νῦν,
453 1015 492 1078 τὸ
513 1012 573 1096 μὲν
596 1003 815 1101 πρότεροντὸ
838 1003 871 1081 δ’
890 1017 1029 1102 ὕστερον,
1053 1015 1126 1081 τότε
1141 1014 1198 1081 καί
1218 1014 1314 1080 τοῦτό

190 1142 301 1206 φαμεν
323 1111 406 1184 εἶναι
428 1119 549 1206 χρόνον.
595 1121 633 1185 τὸ
656 1121 717 1206 χάρ
741 1121 925 1208 ὁριζόμενον
951 1120 1000 1208 τῷ
1021 1132 1074 1186 νῦν
1095 1122 1208 1208 χρόνος
1230 1113 1313 1186 εἶναι

191 1226 298 1291 ἀσκεῖ·
344 1224 399 1290 καί
424 1223 623 1291 ὑποκείσθω.
670 1226 748 1292 όταν
770 1225 830 1310 μέν
853 1223 906 1293 οὖν
929 1229 973 1306 ὡς
995 1224 1029 1294 ἓν
1050 1229 1089 1293 τὸ
1111 1239 1165 1292 νῦν
1188 1224 1313 1293 αἰσθα-

190 1333 339 1414 νώμεθα,
360 1329 418 1397 καί
441 1333 485 1419 μὴ
509 1331 581 1419 ἤτοι
605 1333 648 1410 ὡς
671 1332 829 1421 πρότερον
850 1333 908 1399 καί
927 1335 1055 1420 ὕστερον
1078 1333 1111 1402 έν
1133 1333 1176 1422 τῇ
1190 1335 1314 1422 κινήσει

192 1438 213 1525 ἢ
237 1439 280 1516 ὡς
302 1439 341 1502 τό
364 1435 443 1503 αὐτὸ
472 1437 532 1520 μέν
554 1437 716 1525 προτέρου
739 1438 776 1504 δὲ
798 1438 855 1504 καί
873 1431 1010 1527 όστέροο
1033 1441 1135 1520 τινός,
1166 1438 1202 1504 οά
1226 1440 1315 1505 δοκεῖ

189 1541 304 1631 χρόνος
327 1543 487 1629 γεγονέναι
512 1542 632 1625 οὐθείς,
656 1546 707 1610 ὅτι
731 1545 805 1611 οάἀέ
826 1544 960 1634 κίνησις.
1007 1545 1086 1612 όταν
1108 1545 1145 1611 ἀέ
1167 1547 1205 1610 τὸ
1227 1545 1313 1631 πρό-

190 1673 284 1738 τερον
307 1647 364 1714 καὶ
387 1651 526 1736 ὕστερον,
550 1649 625 1716 τότε
647 1650 779 1736 λέγομεν
799 1652 926 1738 χρόνον·
973 1663 1091 1718 τοῦτο
1115 1650 1190 1738 χάρ
1207 1651 1313 1716 ἐστιν

190 1755 211 1820 ό
243 1756 402 1843 χρόνος,
437 1756 625 1843 ἀριθμὸς
658 1760 855 1847 κινήσεως
889 1761 996 1824 κατὰ
1033 1760 1078 1824 τὸ
1112 1757 1313 1844 πρότερον

190 1861 263 1926 καὶ
285 1862 464 1949 ίίστερον.
511 1861 569 1928 οάκ
598 1862 662 1949 άρα
685 1861 809 1951 κίνησις
839 1865 856 1929 ό
883 1864 995 1951 χρόνος
1024 1853 1100 1928 ἀλλ’
1124 1847 1146 1951 ᾗ
1170 1863 1314 1949 ἀριθμόν

190 1963 299 2054 ἔχειὴ
321 1965 453 2055 κίνησις.
500 1972 632 2056 σημεῖον
661 1968 712 2034 ἀέ·
759 1969 878 2053 τὸμὲν
907 1972 968 2057 χάρ
992 1971 1107 2036 πλεῖον
1135 1967 1192 2033 καί
1215 1965 1312 2033 ἐλατ-

181 2097 248 2140 .τον
266 2070 418 2160 Ικρίνομεν
440 2074 589 2160 ἀριθμῷ,
618 2071 742 2163 κίνησιν
772 2074 808 2141 δέ
831 2073 935 2141 πλείω
965 2075 1022 2140 καί
1046 2074 1171 2140 έλάττω
1192 2073 1311 2160 χρόνῳ·

190 2178 336 2264 ἀριθμὸς
359 2179 423 2267 ἀίρα
446 2204 497 2257 τις
520 2180 537 2245 ό
558 2179 686 2266 χρόνος·
718 2179 793 2246 ἐπεὶ
816 2169 849 2245 δ’
868 2180 1012 2266 ἀριθμός
1035 2179 1106 2246 ἐστι
1129 2181 1226 2261 διχῶς
1242 2176 1313 2262 (καί

190 2287 253 2370 γάρ
287 2286 325 2350 τὸ
360 2284 598 2370 ἀριθμούμενον
632 2284 689 2350 καί
724 2287 762 2351 τὸ
793 2285 978 2373 ἀριθμητὸν
1005 2285 1150 2372 ἀριθμὸν
1171 2282 1311 2369 λέγομεν,

188 2389 250 2454 καί
274 2374 300 2475 ᾧ
323 2390 552 2477 ἀριθμοῦμεν),
588 2391 606 2456 ὁ
637 2389 806 2477 ἀέχρόνος
834 2389 904 2457 ἐστὶ
933 2393 972 2457 τὸ
995 2391 1231 2477 ἀριθμούμενον
1254 2388 1312 2454 καὶ

188 2494 247 2576 οάχ
271 2481 298 2581 ᾦ
320 2497 548 2583 ἀριθμοῦμενλ.

106 2672 122 2692 f
265 2651 293 2692 τι.
312 2637 381 2706 Ergo
401 2641 504 2708 ‘oempus
523 2639 592 2692 siout
610 2642 698 2692 motus
715 2655 768 2692 non
782 2639 884 2706 singulo
899 2639 1010 2708 quodam
1025 2638 1070 2692 sed
1085 2639 1215 2691 communi
1234 2655 1312 2692 sensu

1 2771 2 2816 η
190 2743 208 2779 ε
226 2726 302 2779 nobis
320 2727 534 2797 apprehenditur,
553 2726 773 2781 cf.DeAn.116.
793 2728 866 2780 4182
883 2729 913 2792 8;
932 2727 1008 2780 1111.
1027 2726 1100 2780 425⁹
1119 2728 1153 2780 13
1174 2727 1238 2780 οὐδὲ
1258 2738 1312 2779 τῶν

188 2827 290 2868 κοινῶν
310 2809 369 2868 οἶόν
387 2811 413 2868 τ’
435 2816 505 2868 εἶναι
524 2817 703 2890 αἰοθητήριόν
722 2835 748 2868 τι
763 2816 844 2879 ἴάιον,
865 2810 902 2868 ὧν
915 2816 1013 2887 ἑκάστη
1033 2817 1162 2881 αἰσθήσει
1177 2817 1311 2869 αἰσθανό-

187 2911 268 2976 μεθα
288 2905 358 2957 κατὰ
378 2906 561 2976 συμβεβηκός,
587 2899 646 2957 οἷον
670 2897 810 2970 κινήσεως,
838 2908 972 2970 στάσεως,
993 2906 1147 2976 σχήματος,
1165 2909 1310 2976 μεγέθους,

188 2994 318 3064 ἀριθμοῦ
335 2992 407 3052 ἑνός’
445 3002 532 3046 ταῦτα
550 2995 604 3062 χάρ
623 2995 715 3046 πάντα
734 2995 838 3058 κινήσει
858 2994 1062 3064 αἰσθανόμεθα.
1099 2990 1137 3046 Cf.
1151 2992 1292 3046 Br3l3d.

263 3114 294 3170 b.
314 3104 393 3184 Phys.
412 3115 450 3168 IV
469 3115 511 3169 14.
531 3115 603 3170 223⁵
621 3114 655 3168 25
684 3120 708 3170 εἰ
728 3115 759 3169 ἀὲ
777 3115 867 3188 μηδὲν
895 3118 961 3168 ἄλλο
989 3119 1110 3186 πέφυκεν
1137 3117 1269 3188 ἀριθμεῖν
1296 3120 1312 3181 ἢ

191 3206 269 3275 ψυχὴ
287 3209 334 3258 καὶ
353 3214 443 3275 ψιχῆς
461 3215 532 3267 νοῦς,
553 3204 694 3258 ἀδύνατον
713 3205 784 3258 εἶναι
799 3206 903 3278 χρόνον
929 3212 1020 3273 ψιχῆς
1037 3204 1076 3275 μὴ
1096 3207 1185 3270 οὔσης,
1212 3201 1273 3256 ἀλλ’
1295 3208 1312 3269 ἢ

190 3294 310 3346 τοῦτοὸ
328 3312 396 3346 ποτε
415 3297 447 3345 άν
465 3296 541 3347 ἔστιν
560 3295 705 3364 ὁχρόνος,
732 3287 793 3346 οἷον
811 3298 836 3346 εὶ
853 3293 995 3362 ἐνδέχεται
1018 3297 1125 3358 κίνησιν
1150 3292 1220 3345 εἶναι
1246 3296 1311 3346 ἀνευ

191 3391 292 3452 ψυχῆς·

135 3569 181 3611 ⁸2⁹
258 3558 355 3641 Phys.
379 3559 409 3620 V
435 3568 463 3623 1.
490 3557 649 3624 2241135.
695 3545 787 3622 Ἐπεὶ
810 3555 846 3620 ἀὲ
868 3565 962 3620 πάσα
984 3555 1148 3644 μεταβολή
1172 3555 1259 3621 ἐστιν
1274 3551 1310 3621 έκ
1337 3555 1476 3651 ‘'zm‘'

191 3687 278 3742 τινος
306 3660 354 3742 είς
376 3689 409 3729 τι
439 3664 547 3751 (δηλοῖ
569 3663 607 3728 δέ
636 3662 694 3728 καί
716 3661 873 3745 τοόνομα·
918 3650 1091 3744 μετ’άλλο
1114 3662 1231 3748 γάρτι
1254 3660 1312 3727 καὶ

190 3771 229 3836 τὸ
257 3769 317 3853 μέν
345 3771 503 3856 πρότερον
532 3770 640 3858 ἀηλοῖ,
675 3771 714 3838 τὸ
744 3757 777 3834 δ’
795 3771 951 3854 ὕστερον),
986 3767 1189 3850 μεταβάλλοι
1213 3768 1252 3832 ἀν
1273 3770 1312 3833 τὸ

190 3875 396 3961 μεταβάλλον
418 3889 594 3962 τετραχῶς·
640 3877 744 3963 ἢχάρ
769 3874 804 3954 ἐξ
826 3871 1039 3957 ὑποκειμένου
1068 3869 1115 3951 είς
1137 3869 1312 3955 ὑποκείμε-

190 4007 253 4063 νον,
278 3984 298 4070 ἢ
321 3981 357 4061 ἐξ
379 3981 591 4065 ὑποκειμένου
615 3979 662 4060 είς
684 3983 729 4069 μὴ
752 3977 971 4063 ὑποκείμενον,
996 3981 1015 4068 ἢ
1039 3978 1097 4044 οὐκ
1120 3977 1155 4057 ἐξ
1177 3979 1312 4044 ὑποκει-

188 4087 288 4172 μένου
311 4085 358 4165 εἱς
379 4085 596 4170 ὑποκείμενον,
620 4089 640 4176 ἢ
664 4085 721 4152 οὐκ
744 4085 779 4165 ἐξ
801 4084 1012 4168 ὑποκειμένου
1042 4082 1088 4162 εὶς
1110 4087 1155 4172 μὴ
1178 4081 1312 4150 ὑποκεί-

189 4216 301 4278 μενον·
325 4193 407 4279 λέγω
430 4192 467 4259 ἀὲ
489 4190 699 4274 ὑποκείμενον
721 4193 758 4256 τὸ
781 4190 968 4279 καταφάσει
990 4191 1189 4278 δηλούμενον.
1229 4192 1312 4256 ὥστε

191 4301 314 4389 ἀνάγκη
345 4300 381 4366 έκ
410 4314 474 4366 τῶν
503 4296 676 4387 εἰρημένων
705 4302 791 4386 τρεῖς
814 4289 898 4363 εἶναι
920 4296 1115 4381 μεταβολάς,
1140 4297 1196 4384 τήν
1219 4321 1254 4362 τε
1277 4295 1313 4376 ἐξ

192 4404 404 4488 ἀποκειμένου
427 4403 473 4484 είς
496 4403 723 4489 ὑποκείμενον,
746 4403 803 4470 καί
826 4405 883 4491 την
905 4402 941 4482 ἐξ
963 4401 1174 4486 ὑποκειμένου
1197 4400 1244 4481 εὶς
1266 4405 1310 4491 μὴ
