<?xml version="1.0" encoding="UTF-8"?>
<!DOCTYPE html PUBLIC "-//W3C//DTD XHTML 1.0 Transitional//EN"
    "http://www.w3.org/TR/xhtml1/DTD/xhtml1-transitional.dtd">
<html xmlns="http://www.w3.org/1999/xhtml" xml:lang="en" lang="en">
 <head>
  <title>
</title>
<meta http-equiv="Content-Type" content="text/html;charset=utf-8" />
  <meta name='ocr-system' content='tesseract 3.04.00' />
  <meta name='ocr-capabilities' content='ocr_page ocr_carea ocr_par ocr_line ocrx_word'/>
</head>
<body>
  <div class='ocr_page' id='page_1' title='image "./historiaphiloso00rittgoog_0494.png"; bbox 0 0 3146 4982; ppageno 0'>
   <div class='ocr_carea' id='block_1_1' title="bbox 291 308 997 382">
    <p class='ocr_par' dir='ltr' id='par_1_1' title="bbox 291 308 997 382">
     <span class='ocr_line' id='line_1_1' title="bbox 291 308 997 382; baseline 0 -14"><span class='ocrx_word' id='word_1_1' title='bbox 291 308 344 368; x_wconf 70' lang='lat'><em>48¹5</em></span> <span class='ocrx_word' id='word_1_2' title='bbox 704 313 814 382; x_wconf 64' lang='grc' dir='ltr'><em>διορθοῖ</em></span> <span class='ocrx_word' id='word_1_3' title='bbox 832 315 997 368; x_wconf 76' lang='lat' dir='ltr'><strong>reeentieree.</strong></span> 
     </span>
    </p>
   </div>
   <div class='ocr_carea' id='block_1_2' title="bbox 291 467 1415 876">
    <p class='ocr_par' dir='ltr' id='par_1_2' title="bbox 291 467 1415 876">
     <span class='ocr_line' id='line_1_2' title="bbox 292 467 1413 560; baseline 0.004 -24"><span class='ocrx_word' id='word_1_4' title='bbox 292 467 388 554; x_wconf 82' lang='grc' dir='ltr'><em>μένου</em></span> <span class='ocrx_word' id='word_1_5' title='bbox 417 469 567 551; x_wconf 77' lang='grc' dir='ltr'><strong><em>πάσχειν,</em></strong></span> <span class='ocrx_word' id='word_1_6' title='bbox 602 471 704 549; x_wconf 66' lang='grc' dir='ltr'><em>οὕτως</em></span> <span class='ocrx_word' id='word_1_7' title='bbox 732 470 807 539; x_wconf 76' lang='grc' dir='ltr'><em>οὐδὲ</em></span> <span class='ocrx_word' id='word_1_8' title='bbox 836 475 873 538; x_wconf 87' lang='grc' dir='ltr'><em>τὸ</em></span> <span class='ocrx_word' id='word_1_9' title='bbox 911 475 1077 560; x_wconf 86' lang='grc' dir='ltr'><em>λεγόμενον</em></span> <span class='ocrx_word' id='word_1_10' title='bbox 1113 475 1250 556; x_wconf 78' lang='grc' dir='ltr'><em>πάσχειν</em></span> <span class='ocrx_word' id='word_1_11' title='bbox 1277 476 1413 542; x_wconf 75' lang='grc' dir='ltr'><em>δύναται</em></span> 
     </span>
     <span class='ocr_line' id='line_1_3' title="bbox 291 571 1415 665; baseline 0.004 -23"><span class='ocrx_word' id='word_1_12' title='bbox 291 574 389 663; x_wconf 84' lang='grc' dir='ltr'><em>χωρίς</em></span> <span class='ocrx_word' id='word_1_13' title='bbox 411 587 469 663; x_wconf 85' lang='grc' dir='ltr'><em>τής</em></span> <span class='ocrx_word' id='word_1_14' title='bbox 492 573 613 642; x_wconf 79' lang='grc' dir='ltr'><em>ἐκείνου</em></span> <span class='ocrx_word' id='word_1_15' title='bbox 636 576 823 665; x_wconf 83' lang='grc' dir='ltr'><strong><em>παρουσίας</em></strong></span> <span class='ocrx_word' id='word_1_16' title='bbox 846 579 991 662; x_wconf 78' lang='grc' dir='ltr'><em>πάσχειν.</em></span> <span class='ocrx_word' id='word_1_17' title='bbox 1039 589 1112 646; x_wconf 82' lang='grc'><em>241.</em></span> <span class='ocrx_word' id='word_1_18' title='bbox 1136 571 1223 646; x_wconf 78' lang='grc' dir='ltr'><em>ὥσθ’</em></span> <span class='ocrx_word' id='word_1_19' title='bbox 1242 579 1359 646; x_wconf 75' lang='grc' dir='ltr'><em>ἕπεται</em></span> <span class='ocrx_word' id='word_1_20' title='bbox 1375 583 1415 647; x_wconf 89' lang='grc' dir='ltr'><em>τδ</em></span> 
     </span>
     <span class='ocr_line' id='line_1_4' title="bbox 292 681 1413 775; baseline 0.007 -29"><span class='ocrx_word' id='word_1_21' title='bbox 292 685 337 770; x_wconf 82' lang='grc' dir='ltr'><em>μή</em></span> <span class='ocrx_word' id='word_1_22' title='bbox 359 683 484 765; x_wconf 82' lang='grc' dir='ltr'><em>μᾶλλον</em></span> <span class='ocrx_word' id='word_1_23' title='bbox 506 681 540 748; x_wconf 76' lang='grc' dir='ltr'><em>ἀν</em></span> <span class='ocrx_word' id='word_1_24' title='bbox 563 682 653 770; x_wconf 77' lang='grc' dir='ltr'><em>αὐτῷ</em></span> <span class='ocrx_word' id='word_1_25' title='bbox 675 686 695 772; x_wconf 79' lang='grc' dir='ltr'>ἢ</span> <span class='ocrx_word' id='word_1_26' title='bbox 718 685 752 750; x_wconf 83' lang='grc' dir='ltr'><em>ἐν</em></span> <span class='ocrx_word' id='word_1_27' title='bbox 773 684 821 771; x_wconf 76' lang='grc' dir='ltr'><em>τῷ</em></span> <span class='ocrx_word' id='word_1_28' title='bbox 845 687 1005 768; x_wconf 89' lang='grc' dir='ltr'><em>πάσχοντι</em></span> <span class='ocrx_word' id='word_1_29' title='bbox 1027 688 1230 754; x_wconf 69' lang='grc' dir='ltr'><em>ὑποκεῖσθαι</em></span> <span class='ocrx_word' id='word_1_30' title='bbox 1252 690 1310 775; x_wconf 79' lang='grc' dir='ltr'><em>τήν</em></span> <span class='ocrx_word' id='word_1_31' title='bbox 1332 689 1413 775; x_wconf 87' lang='grc' dir='ltr'><em>δρα-</em></span> 
     </span>
     <span class='ocr_line' id='line_1_5' title="bbox 292 787 973 876; baseline 0.006 -22"><span class='ocrx_word' id='word_1_32' title='bbox 292 789 422 876; x_wconf 87' lang='grc' dir='ltr'><em>στήριον</em></span> <span class='ocrx_word' id='word_1_33' title='bbox 443 799 501 856; x_wconf 87' lang='grc' dir='ltr'><em>τοῦ</em></span> <span class='ocrx_word' id='word_1_34' title='bbox 524 787 789 872; x_wconf 79' lang='grc' dir='ltr'><em>ἀποτελέσματος</em></span> <span class='ocrx_word' id='word_1_35' title='bbox 812 792 973 876; x_wconf 52' lang='grc' dir='ltr'><em>δύναμινῦ.</em></span> 
     </span>
    </p>
   </div>
   <div class='ocr_carea' id='block_1_3' title="bbox 293 903 1421 1070">
    <p class='ocr_par' dir='ltr' id='par_1_3' title="bbox 293 903 1421 1070">
     <span class='ocr_line' id='line_1_6' title="bbox 364 903 1413 983; baseline 0.007 -25"><span class='ocrx_word' id='word_1_36' title='bbox 364 917 392 959; x_wconf 72' lang='lat' dir='ltr'><em>fl.</em></span> <span class='ocrx_word' id='word_1_37' title='bbox 412 903 451 958; x_wconf 66' lang='lat' dir='ltr'><em>Cf.</em></span> <span class='ocrx_word' id='word_1_38' title='bbox 471 903 541 958; x_wconf 83' lang='lat' dir='ltr'><strong>Sext.</strong></span> <span class='ocrx_word' id='word_1_39' title='bbox 561 904 653 973; x_wconf 77' lang='lat' dir='ltr'>Pyrrh.</span> <span class='ocrx_word' id='word_1_40' title='bbox 673 905 714 960; x_wconf 91' lang='lat' dir='ltr'><em>HI</em></span> <span class='ocrx_word' id='word_1_41' title='bbox 732 907 766 960; x_wconf 81' lang='lat'><em>27</em></span> <span class='ocrx_word' id='word_1_42' title='bbox 786 909 920 983; x_wconf 79' lang='grc' dir='ltr'><em>πρότερον</em></span> <span class='ocrx_word' id='word_1_43' title='bbox 944 909 990 962; x_wconf 87' lang='grc' dir='ltr'><em>δεῖ</em></span> <span class='ocrx_word' id='word_1_44' title='bbox 1007 912 1039 962; x_wconf 88' lang='grc' dir='ltr'><em>τὸ</em></span> <span class='ocrx_word' id='word_1_45' title='bbox 1058 914 1147 962; x_wconf 80' lang='grc' dir='ltr'><em>αῖτιον</em></span> <span class='ocrx_word' id='word_1_46' title='bbox 1164 913 1296 978; x_wconf 76' lang='grc' dir='ltr'><em>γενέσθαι</em></span> <span class='ocrx_word' id='word_1_47' title='bbox 1315 915 1413 976; x_wconf 81' lang='grc' dir='ltr'><em>αἴτιον,</em></span> 
     </span>
     <span class='ocr_line' id='line_1_7' title="bbox 293 990 1421 1070; baseline 0.001 -22"><span class='ocrx_word' id='word_1_48' title='bbox 293 990 348 1048; x_wconf 65' lang='lat' dir='ltr'><em>eze*</em></span> <span class='ocrx_word' id='word_1_49' title='bbox 367 994 452 1056; x_wconf 75' lang='grc' dir='ltr'><em>οὕτως</em></span> <span class='ocrx_word' id='word_1_50' title='bbox 470 999 562 1048; x_wconf 83' lang='grc' dir='ltr'><em>ποιεῖν</em></span> <span class='ocrx_word' id='word_1_51' title='bbox 581 997 612 1048; x_wconf 86' lang='grc' dir='ltr'><em>τὸ</em></span> <span class='ocrx_word' id='word_1_52' title='bbox 631 996 816 1070; x_wconf 81' lang='grc' dir='ltr'><em>ἀποτέλεσμα.</em></span> <span class='ocrx_word' id='word_1_53' title='bbox 1419 1019 1421 1022; x_wconf 95' lang='grc'><strong><em>·</em></strong></span> 
     </span>
    </p>
   </div>
   <div class='ocr_carea' id='block_1_4' title="bbox 292 1099 1414 1262">
    <p class='ocr_par' dir='ltr' id='par_1_4' title="bbox 292 1099 1414 1262">
     <span class='ocr_line' id='line_1_8' title="bbox 363 1099 1414 1172; baseline 0.002 -17"><span class='ocrx_word' id='word_1_54' title='bbox 363 1099 394 1155; x_wconf 80' lang='lat' dir='ltr'><em>b.</em></span> <span class='ocrx_word' id='word_1_55' title='bbox 414 1099 471 1154; x_wconf 86' lang='lat' dir='ltr'><em>Hoc</em></span> <span class='ocrx_word' id='word_1_56' title='bbox 490 1117 519 1155; x_wconf 89' lang='lat' dir='ltr'><em>eo</em></span> <span class='ocrx_word' id='word_1_57' title='bbox 538 1099 660 1154; x_wconf 78' lang='lat' dir='ltr'><strong>firmetur</strong></span> <span class='ocrx_word' id='word_1_58' title='bbox 678 1101 748 1172; x_wconf 90' lang='lat' dir='ltr'>quod</span> <span class='ocrx_word' id='word_1_59' title='bbox 766 1103 883 1156; x_wconf 82' lang='lat' dir='ltr'><strong>eiusdem</strong></span> <span class='ocrx_word' id='word_1_60' title='bbox 901 1119 994 1157; x_wconf 80' lang='lat' dir='ltr'><strong>causae</strong></span> <span class='ocrx_word' id='word_1_61' title='bbox 1012 1104 1098 1158; x_wconf 82' lang='lat' dir='ltr'><strong>varies</strong></span> <span class='ocrx_word' id='word_1_62' title='bbox 1123 1104 1219 1172; x_wconf 82' lang='lat' dir='ltr'><strong>agendi</strong></span> <span class='ocrx_word' id='word_1_63' title='bbox 1236 1105 1352 1158; x_wconf 79' lang='lat' dir='ltr'><strong>rationes</strong></span> <span class='ocrx_word' id='word_1_64' title='bbox 1371 1105 1414 1157; x_wconf 86' lang='lat' dir='ltr'><em>de·</em></span> 
     </span>
     <span class='ocr_line' id='line_1_9' title="bbox 292 1189 1261 1262; baseline 0.002 -20"><span class='ocrx_word' id='word_1_65' title='bbox 292 1189 404 1260; x_wconf 88' lang='lat' dir='ltr'><strong>pendere</strong></span> <span class='ocrx_word' id='word_1_66' title='bbox 424 1190 489 1242; x_wconf 79' lang='lat' dir='ltr'><strong>dicit</strong></span> <span class='ocrx_word' id='word_1_67' title='bbox 507 1207 537 1242; x_wconf 80' lang='lat' dir='ltr'><em>ex</em></span> <span class='ocrx_word' id='word_1_68' title='bbox 556 1191 674 1257; x_wconf 75' lang='lat' dir='ltr'><strong>materia,</strong></span> <span class='ocrx_word' id='word_1_69' title='bbox 693 1191 721 1244; x_wconf 94' lang='lat' dir='ltr'><em>in</em></span> <span class='ocrx_word' id='word_1_70' title='bbox 740 1207 792 1260; x_wconf 87' lang='lat' dir='ltr'><em>qua</em></span> <span class='ocrx_word' id='word_1_71' title='bbox 810 1194 890 1259; x_wconf 80' lang='lat' dir='ltr'><strong>aget:</strong></span> <span class='ocrx_word' id='word_1_72' title='bbox 909 1191 979 1246; x_wconf 80' lang='lat' dir='ltr'><strong>Sext.</strong></span> <span class='ocrx_word' id='word_1_73' title='bbox 998 1193 1083 1246; x_wconf 66' lang='grc' dir='ltr'><em>Μυῖα.</em></span> <span class='ocrx_word' id='word_1_74' title='bbox 1103 1192 1141 1245; x_wconf 89' lang='lat' dir='ltr'><em>IX</em></span> <span class='ocrx_word' id='word_1_75' title='bbox 1159 1193 1212 1246; x_wconf 85' lang='grc'><em>246</em></span> <span class='ocrx_word' id='word_1_76' title='bbox 1223 1210 1261 1262; x_wconf 82' lang='lat' dir='ltr'><em>sq.</em></span> 
     </span>
    </p>
   </div>
   <div class='ocr_carea' id='block_1_5' title="bbox 293 1295 1414 1812">
    <p class='ocr_par' dir='ltr' id='par_1_5' title="bbox 293 1295 1414 1812">
     <span class='ocr_line' id='line_1_10' title="bbox 365 1295 1414 1368; baseline 0.002 -17"><span class='ocrx_word' id='word_1_77' title='bbox 365 1309 392 1351; x_wconf 89' lang='lat' dir='ltr'><em>e.</em></span> <span class='ocrx_word' id='word_1_78' title='bbox 412 1295 470 1349; x_wconf 82' lang='lat' dir='ltr'><em>Hoc</em></span> <span class='ocrx_word' id='word_1_79' title='bbox 487 1297 655 1366; x_wconf 76' lang='lat' dir='ltr'><strong>persequitur</strong></span> <span class='ocrx_word' id='word_1_80' title='bbox 673 1313 704 1350; x_wconf 83' lang='lat' dir='ltr'><em>ea</em></span> <span class='ocrx_word' id='word_1_81' title='bbox 722 1298 924 1365; x_wconf 73' lang='lat' dir='ltr'>argumentatio,</span> <span class='ocrx_word' id='word_1_82' title='bbox 944 1315 1010 1368; x_wconf 81' lang='lat' dir='ltr'><strong>quae</strong></span> <span class='ocrx_word' id='word_1_83' title='bbox 1024 1298 1188 1352; x_wconf 77' lang='lat' dir='ltr'><strong>demonstrat</strong></span> <span class='ocrx_word' id='word_1_84' title='bbox 1205 1316 1289 1368; x_wconf 86' lang='lat' dir='ltr'><strong>neque</strong></span> <span class='ocrx_word' id='word_1_85' title='bbox 1307 1317 1414 1353; x_wconf 85' lang='lat' dir='ltr'><strong>movens</strong></span> 
     </span>
     <span class='ocr_line' id='line_1_11' title="bbox 293 1385 1413 1458; baseline 0.001 -18"><span class='ocrx_word' id='word_1_86' title='bbox 293 1402 369 1457; x_wconf 83' lang='lat' dir='ltr'><strong>pesse</strong></span> <span class='ocrx_word' id='word_1_87' title='bbox 387 1385 415 1438; x_wconf 89' lang='lat' dir='ltr'><em>id</em></span> <span class='ocrx_word' id='word_1_88' title='bbox 433 1385 502 1455; x_wconf 83' lang='lat' dir='ltr'>quod</span> <span class='ocrx_word' id='word_1_89' title='bbox 516 1388 652 1440; x_wconf 75' lang='lat' dir='ltr'><strong>moveatur</strong></span> <span class='ocrx_word' id='word_1_90' title='bbox 670 1401 771 1438; x_wconf 87' lang='lat' dir='ltr'><strong>movere</strong></span> <span class='ocrx_word' id='word_1_91' title='bbox 789 1403 873 1455; x_wconf 90' lang='lat' dir='ltr'><strong>neque</strong></span> <span class='ocrx_word' id='word_1_92' title='bbox 892 1387 1028 1456; x_wconf 73' lang='lat' dir='ltr'><strong>quiescens</strong></span> <span class='ocrx_word' id='word_1_93' title='bbox 1042 1388 1154 1440; x_wconf 80' lang='lat' dir='ltr'><strong>retinere</strong></span> <span class='ocrx_word' id='word_1_94' title='bbox 1172 1388 1200 1440; x_wconf 90' lang='lat' dir='ltr'><em>in</em></span> <span class='ocrx_word' id='word_1_95' title='bbox 1215 1391 1290 1440; x_wconf 83' lang='lat' dir='ltr'><strong>stetu</strong></span> <span class='ocrx_word' id='word_1_96' title='bbox 1303 1389 1330 1441; x_wconf 92' lang='lat' dir='ltr'><em>id</em></span> <span class='ocrx_word' id='word_1_97' title='bbox 1345 1388 1413 1458; x_wconf 89' lang='lat' dir='ltr'>quod</span> 
     </span>
     <span class='ocr_line' id='line_1_12' title="bbox 294 1469 1413 1551; baseline 0.002 -23"><span class='ocrx_word' id='word_1_98' title='bbox 294 1477 426 1546; x_wconf 73' lang='lat' dir='ltr'>quiescat:</span> <span class='ocrx_word' id='word_1_99' title='bbox 446 1473 611 1528; x_wconf 68' lang='lat' dir='ltr'><strong>SextMath.</strong></span> <span class='ocrx_word' id='word_1_100' title='bbox 622 1473 660 1526; x_wconf 84' lang='lat' dir='ltr'><em>IX</em></span> <span class='ocrx_word' id='word_1_101' title='bbox 674 1475 727 1528; x_wconf 88' lang='grc'><em>228</em></span> <span class='ocrx_word' id='word_1_102' title='bbox 747 1469 807 1528; x_wconf 83' lang='grc' dir='ltr'><em>οἷον</em></span> <span class='ocrx_word' id='word_1_103' title='bbox 825 1481 941 1529; x_wconf 84' lang='grc' dir='ltr'><em>κινεῖται</em></span> <span class='ocrx_word' id='word_1_104' title='bbox 958 1478 1011 1548; x_wconf 77' lang='grc' dir='ltr'><em>μὲν</em></span> <span class='ocrx_word' id='word_1_105' title='bbox 1030 1478 1045 1529; x_wconf 83' lang='grc' dir='ltr'>ὁ</span> <span class='ocrx_word' id='word_1_106' title='bbox 1064 1479 1168 1551; x_wconf 83' lang='grc' dir='ltr'><em>τροχός,</em></span> <span class='ocrx_word' id='word_1_107' title='bbox 1188 1483 1304 1530; x_wconf 83' lang='grc' dir='ltr'><em>κινεῖται</em></span> <span class='ocrx_word' id='word_1_108' title='bbox 1322 1478 1413 1531; x_wconf 78' lang='grc' dir='ltr'><em>δὲκαὶ</em></span> 
     </span>
     <span class='ocr_line' id='line_1_13' title="bbox 295 1559 1413 1639; baseline 0 -21"><span class='ocrx_word' id='word_1_109' title='bbox 295 1568 507 1638; x_wconf 82' lang='grc' dir='ltr'><em>ὀτροχηλάτης·</em></span> <span class='ocrx_word' id='word_1_110' title='bbox 541 1569 570 1616; x_wconf 80' lang='grc' dir='ltr'><em>τί</em></span> <span class='ocrx_word' id='word_1_111' title='bbox 593 1559 642 1616; x_wconf 79' lang='grc' dir='ltr'><em>οὖν</em></span> <span class='ocrx_word' id='word_1_112' title='bbox 658 1567 767 1635; x_wconf 73' lang='grc' dir='ltr'><em>μᾶλλον</em></span> <span class='ocrx_word' id='word_1_113' title='bbox 791 1565 840 1617; x_wconf 82' lang='grc' dir='ltr'><em>διὰ</em></span> <span class='ocrx_word' id='word_1_114' title='bbox 859 1567 907 1618; x_wconf 82' lang='grc' dir='ltr'><em>τὸν</em></span> <span class='ocrx_word' id='word_1_115' title='bbox 926 1567 1025 1639; x_wconf 76' lang='grc' dir='ltr'><em>τροχὸν</em></span> <span class='ocrx_word' id='word_1_116' title='bbox 1049 1568 1247 1637; x_wconf 79' lang='grc' dir='ltr'><em>ὁτροχηλάτης</em></span> <span class='ocrx_word' id='word_1_117' title='bbox 1265 1570 1413 1631; x_wconf 81' lang='grc' dir='ltr'><em>κινεῖταιῆ</em></span> 
     </span>
     <span class='ocr_line' id='line_1_14' title="bbox 296 1653 1412 1727; baseline 0.002 -21"><span class='ocrx_word' id='word_1_118' title='bbox 296 1656 436 1708; x_wconf 81' lang='grc' dir='ltr'><em>ἀνάπαλιν</em></span> <span class='ocrx_word' id='word_1_119' title='bbox 455 1653 504 1708; x_wconf 80' lang='grc' dir='ltr'><em>διὰ</em></span> <span class='ocrx_word' id='word_1_120' title='bbox 523 1655 572 1704; x_wconf 83' lang='grc' dir='ltr'><em>τὸν</em></span> <span class='ocrx_word' id='word_1_121' title='bbox 590 1655 759 1726; x_wconf 81' lang='grc' dir='ltr'><em>τροχηλάτην</em></span> <span class='ocrx_word' id='word_1_122' title='bbox 777 1656 793 1705; x_wconf 83' lang='grc' dir='ltr'><strong><em>ὀ</em></strong></span> <span class='ocrx_word' id='word_1_123' title='bbox 811 1655 923 1727; x_wconf 78' lang='grc' dir='ltr'><em>τροχός,·</em></span> <span class='ocrx_word' id='word_1_124' title='bbox 943 1658 970 1706; x_wconf 77' lang='grc' dir='ltr'><em>εἴ</em></span> <span class='ocrx_word' id='word_1_125' title='bbox 987 1659 1020 1722; x_wconf 76' lang='grc' dir='ltr'><em>γέ</em></span> <span class='ocrx_word' id='word_1_126' title='bbox 1032 1673 1076 1707; x_wconf 81' lang='grc' dir='ltr'><em>τοι</em></span> <span class='ocrx_word' id='word_1_127' title='bbox 1091 1657 1122 1707; x_wconf 84' lang='grc' dir='ltr'><em>τὸ</em></span> <span class='ocrx_word' id='word_1_128' title='bbox 1135 1654 1226 1724; x_wconf 72' lang='grc' dir='ltr'><em>ἕτερον</em></span> <span class='ocrx_word' id='word_1_129' title='bbox 1243 1655 1284 1726; x_wconf 85' lang='grc' dir='ltr'><em>μὴ</em></span> <span class='ocrx_word' id='word_1_130' title='bbox 1301 1661 1412 1718; x_wconf 84' lang='grc' dir='ltr'><em>κινοῖτο,</em></span> 
     </span>
     <span class='ocr_line' id='line_1_15' title="bbox 296 1743 758 1812; baseline -0.006 -16"><span class='ocrx_word' id='word_1_131' title='bbox 296 1744 362 1797; x_wconf 80' lang='grc' dir='ltr'><em>οὐδὲ</em></span> <span class='ocrx_word' id='word_1_132' title='bbox 381 1744 412 1796; x_wconf 87' lang='grc' dir='ltr'><em>τὸ</em></span> <span class='ocrx_word' id='word_1_133' title='bbox 430 1743 595 1812; x_wconf 81' lang='grc' dir='ltr'><em>λειπόμενον</em></span> <span class='ocrx_word' id='word_1_134' title='bbox 612 1743 758 1808; x_wconf 83' lang='grc' dir='ltr'><em>κινήσεται.</em></span> 
     </span>
    </p>
   </div>
   <div class='ocr_carea' id='block_1_6' title="bbox 242 1870 1467 2078">
    <p class='ocr_par' dir='ltr' id='par_1_6' title="bbox 242 1870 1467 2078">
     <span class='ocr_line' id='line_1_16' title="bbox 242 1870 1467 1970; baseline 0 -22"><span class='ocrx_word' id='word_1_135' title='bbox 242 1910 269 1938; x_wconf 71' lang='grc' dir='ltr'><em>σε</em></span> <span class='ocrx_word' id='word_1_136' title='bbox 365 1883 448 1949; x_wconf 77' lang='lat' dir='ltr'><strong>Sext.</strong></span> <span class='ocrx_word' id='word_1_137' title='bbox 472 1883 572 1946; x_wconf 82' lang='lat' dir='ltr'><strong>Math.</strong></span> <span class='ocrx_word' id='word_1_138' title='bbox 597 1881 678 1946; x_wconf 87' lang='lat' dir='ltr'><em>VIH</em></span> <span class='ocrx_word' id='word_1_139' title='bbox 703 1891 776 1948; x_wconf 80' lang='grc'><strong>156.</strong></span> <span class='ocrx_word' id='word_1_140' title='bbox 821 1870 923 1948; x_wconf 70' lang='grc' dir='ltr'><em>Ἀλλά</em></span> <span class='ocrx_word' id='word_1_141' title='bbox 946 1883 1008 1968; x_wconf 89' lang='grc' dir='ltr'><em>γάρ</em></span> <span class='ocrx_word' id='word_1_142' title='bbox 1031 1883 1120 1948; x_wconf 80' lang='grc' dir='ltr'><em>δυοῖν</em></span> <span class='ocrx_word' id='word_1_143' title='bbox 1142 1879 1242 1948; x_wconf 64' lang='grc' dir='ltr'><em>ὄντων</em></span> <span class='ocrx_word' id='word_1_144' title='bbox 1265 1881 1467 1970; x_wconf 66' lang='grc' dir='ltr'><em>σημείων,181</em></span> 
     </span>
     <span class='ocr_line' id='line_1_17' title="bbox 294 1987 1414 2078; baseline -0.001 -23"><span class='ocrx_word' id='word_1_145' title='bbox 294 1999 352 2056; x_wconf 91' lang='grc' dir='ltr'><em>τοῦ</em></span> <span class='ocrx_word' id='word_1_146' title='bbox 374 2013 409 2054; x_wconf 95' lang='grc' dir='ltr'><em>τε</em></span> <span class='ocrx_word' id='word_1_147' title='bbox 436 1989 746 2076; x_wconf 82' lang='grc' dir='ltr'><em>ὑπομνηστικοῦ</em></span> <span class='ocrx_word' id='word_1_148' title='bbox 774 1987 832 2054; x_wconf 85' lang='grc' dir='ltr'><em>καί</em></span> <span class='ocrx_word' id='word_1_149' title='bbox 855 1987 914 2054; x_wconf 79' lang='grc' dir='ltr'><em>ἐπὶ</em></span> <span class='ocrx_word' id='word_1_150' title='bbox 943 2001 1008 2053; x_wconf 86' lang='grc' dir='ltr'><em>τῶν</em></span> <span class='ocrx_word' id='word_1_151' title='bbox 1037 1990 1122 2075; x_wconf 88' lang='grc' dir='ltr'><em>πρὸς</em></span> <span class='ocrx_word' id='word_1_152' title='bbox 1152 1990 1265 2075; x_wconf 91' lang='grc' dir='ltr'><em>καιρὸν</em></span> <span class='ocrx_word' id='word_1_153' title='bbox 1288 1989 1414 2078; x_wconf 85' lang='grc' dir='ltr'><em>ἀδήλων</em></span> 
     </span>
    </p>
   </div>
   <div class='ocr_carea' id='block_1_7' title="bbox 272 2092 1524 4478">
    <p class='ocr_par' dir='ltr' id='par_1_7' title="bbox 272 2092 1524 4306">
     <span class='ocr_line' id='line_1_18' title="bbox 295 2092 1414 2182; baseline 0.001 -21"><span class='ocrx_word' id='word_1_154' title='bbox 295 2099 337 2161; x_wconf 86' lang='grc' dir='ltr'><em>τά</em></span> <span class='ocrx_word' id='word_1_155' title='bbox 352 2095 461 2161; x_wconf 83' lang='grc' dir='ltr'><em>πολλὰ</em></span> <span class='ocrx_word' id='word_1_156' title='bbox 474 2095 675 2182; x_wconf 81' lang='grc' dir='ltr'><em>χρησιμεύειν</em></span> <span class='ocrx_word' id='word_1_157' title='bbox 693 2095 863 2171; x_wconf 82' lang='grc' dir='ltr'><em>δοκοῦντος</em></span> <span class='ocrx_word' id='word_1_158' title='bbox 878 2092 936 2160; x_wconf 84' lang='grc' dir='ltr'><em>καὶ</em></span> <span class='ocrx_word' id='word_1_159' title='bbox 951 2105 1009 2160; x_wconf 88' lang='grc' dir='ltr'><em>τοῦ</em></span> <span class='ocrx_word' id='word_1_160' title='bbox 1032 2093 1309 2175; x_wconf 80' lang='grc' dir='ltr'><em>ἐνδεικτικοῦ,</em></span> <span class='ocrx_word' id='word_1_161' title='bbox 1333 2096 1414 2181; x_wconf 78' lang='grc' dir='ltr'><em>ὅπερ</em></span> 
     </span>
     <span class='ocr_line' id='line_1_19' title="bbox 295 2198 1413 2289; baseline -0.001 -21"><span class='ocrx_word' id='word_1_162' title='bbox 295 2201 353 2268; x_wconf 82' lang='grc' dir='ltr'><em>ε’πῖ</em></span> <span class='ocrx_word' id='word_1_163' title='bbox 383 2215 448 2267; x_wconf 89' lang='grc' dir='ltr'><em>τῶν</em></span> <span class='ocrx_word' id='word_1_164' title='bbox 470 2202 566 2288; x_wconf 79' lang='grc' dir='ltr'><em>φύσει</em></span> <span class='ocrx_word' id='word_1_165' title='bbox 597 2200 723 2288; x_wconf 80' lang='grc' dir='ltr'><em>ἀδήλων</em></span> <span class='ocrx_word' id='word_1_166' title='bbox 752 2198 948 2288; x_wconf 80' lang='grc' dir='ltr'><em>ἐγκρίνεται,</em></span> <span class='ocrx_word' id='word_1_167' title='bbox 978 2200 1177 2289; x_wconf 87' lang='grc' dir='ltr'><em>μελλήσομεν</em></span> <span class='ocrx_word' id='word_1_168' title='bbox 1199 2212 1312 2267; x_wconf 84' lang='grc' dir='ltr'><em>πᾶσαν</em></span> <span class='ocrx_word' id='word_1_169' title='bbox 1335 2226 1413 2268; x_wconf 91' lang='grc' dir='ltr'><em>ποι-</em></span> 
     </span>
     <span class='ocr_line' id='line_1_20' title="bbox 295 2305 1524 2396; baseline -0.001 -22"><span class='ocrx_word' id='word_1_170' title='bbox 295 2313 411 2374; x_wconf 85' lang='grc' dir='ltr'><em>εῖσθαι</em></span> <span class='ocrx_word' id='word_1_171' title='bbox 435 2308 567 2396; x_wconf 86' lang='grc' dir='ltr'><em>ζήτησιν</em></span> <span class='ocrx_word' id='word_1_172' title='bbox 590 2306 646 2372; x_wconf 85' lang='grc' dir='ltr'><em>καί</em></span> <span class='ocrx_word' id='word_1_173' title='bbox 670 2305 813 2394; x_wconf 79' lang='grc' dir='ltr'><em>ἀπορίαν</em></span> <span class='ocrx_word' id='word_1_174' title='bbox 829 2305 865 2372; x_wconf 80' lang='grc' dir='ltr'><em>οὐ</em></span> <span class='ocrx_word' id='word_1_175' title='bbox 881 2306 958 2394; x_wconf 81' lang='grc' dir='ltr'><em>περὶ</em></span> <span class='ocrx_word' id='word_1_176' title='bbox 973 2318 1032 2372; x_wconf 91' lang='grc' dir='ltr'><em>τοῦ</em></span> <span class='ocrx_word' id='word_1_177' title='bbox 1045 2308 1295 2395; x_wconf 81' lang='grc' dir='ltr'><em>ὑπομνηστικοῦ,</em></span> <span class='ocrx_word' id='word_1_178' title='bbox 1320 2317 1415 2374; x_wconf 86' lang='grc' dir='ltr'><em>τοῦτο</em></span> <span class='ocrx_word' id='word_1_179' title='bbox 1522 2332 1524 2336; x_wconf 93' lang='grc'><strong><em>·</em></strong></span> 
     </span>
     <span class='ocr_line' id='line_1_21' title="bbox 297 2411 1414 2502; baseline 0 -23"><span class='ocrx_word' id='word_1_180' title='bbox 297 2417 356 2502; x_wconf 87' lang='grc' dir='ltr'><em>γάρ</em></span> <span class='ocrx_word' id='word_1_181' title='bbox 380 2415 474 2500; x_wconf 83' lang='grc' dir='ltr'><em>παρὰ</em></span> <span class='ocrx_word' id='word_1_182' title='bbox 497 2423 583 2478; x_wconf 82' lang='grc' dir='ltr'><em>πάσι</em></span> <span class='ocrx_word' id='word_1_183' title='bbox 607 2426 724 2490; x_wconf 79' lang='grc' dir='ltr'><em>κοινῶς</em></span> <span class='ocrx_word' id='word_1_184' title='bbox 746 2417 818 2490; x_wconf 85' lang='grc' dir='ltr'><em>τοῖς</em></span> <span class='ocrx_word' id='word_1_185' title='bbox 841 2412 878 2479; x_wconf 78' lang='grc' dir='ltr'><em>ἐκ</em></span> <span class='ocrx_word' id='word_1_186' title='bbox 900 2425 958 2479; x_wconf 86' lang='grc' dir='ltr'><em>τοῦ</em></span> <span class='ocrx_word' id='word_1_187' title='bbox 972 2411 1046 2498; x_wconf 78' lang='grc' dir='ltr'><em>βίου</em></span> <span class='ocrx_word' id='word_1_188' title='bbox 1062 2412 1281 2479; x_wconf 84' lang='grc' dir='ltr'><em>πεπίστευται</em></span> <span class='ocrx_word' id='word_1_189' title='bbox 1302 2436 1414 2502; x_wconf 90' lang='grc' dir='ltr'><em>χρησι-</em></span> 
     </span>
     <span class='ocr_line' id='line_1_22' title="bbox 295 2518 1413 2606; baseline 0 -20"><span class='ocrx_word' id='word_1_190' title='bbox 295 2523 409 2604; x_wconf 77' lang='grc' dir='ltr'><em>μεύειν,</em></span> <span class='ocrx_word' id='word_1_191' title='bbox 434 2520 518 2586; x_wconf 88' lang='grc' dir='ltr'><em>ἀλλά</em></span> <span class='ocrx_word' id='word_1_192' title='bbox 541 2518 618 2606; x_wconf 87' lang='grc' dir='ltr'><em>περῖ</em></span> <span class='ocrx_word' id='word_1_193' title='bbox 640 2529 699 2586; x_wconf 89' lang='grc' dir='ltr'><em>τοῦ</em></span> <span class='ocrx_word' id='word_1_194' title='bbox 722 2518 935 2586; x_wconf 80' lang='grc' dir='ltr'><em>ἐνδεικτικοῦ·</em></span> <span class='ocrx_word' id='word_1_195' title='bbox 962 2531 1057 2586; x_wconf 87' lang='grc' dir='ltr'><em>τοῦτο</em></span> <span class='ocrx_word' id='word_1_196' title='bbox 1081 2521 1141 2606; x_wconf 87' lang='grc' dir='ltr'><em>γάρ</em></span> <span class='ocrx_word' id='word_1_197' title='bbox 1164 2521 1231 2586; x_wconf 81' lang='grc' dir='ltr'><em>ῦπδ</em></span> <span class='ocrx_word' id='word_1_198' title='bbox 1253 2534 1317 2585; x_wconf 88' lang='grc' dir='ltr'><em>τῶν</em></span> <span class='ocrx_word' id='word_1_199' title='bbox 1340 2522 1413 2605; x_wconf 85' lang='grc' dir='ltr'><em>δογ·</em></span> 
     </span>
     <span class='ocr_line' id='line_1_23' title="bbox 294 2622 1415 2714; baseline -0.002 -22"><span class='ocrx_word' id='word_1_200' title='bbox 294 2639 443 2710; x_wconf 88' lang='grc' dir='ltr'><em>ματικῶν</em></span> <span class='ocrx_word' id='word_1_201' title='bbox 465 2625 655 2714; x_wconf 79' lang='grc' dir='ltr'><em>φιλοσόφων</em></span> <span class='ocrx_word' id='word_1_202' title='bbox 685 2625 742 2690; x_wconf 88' lang='grc' dir='ltr'><em>καὶ</em></span> <span class='ocrx_word' id='word_1_203' title='bbox 765 2639 830 2690; x_wconf 87' lang='grc' dir='ltr'><em>τῶν</em></span> <span class='ocrx_word' id='word_1_204' title='bbox 853 2627 990 2711; x_wconf 76' lang='grc' dir='ltr'><em>λογικῶν</em></span> <span class='ocrx_word' id='word_1_205' title='bbox 1019 2622 1141 2712; x_wconf 81' lang='grc' dir='ltr'><em>ἰατρῶν</em></span> <span class='ocrx_word' id='word_1_206' title='bbox 1171 2627 1215 2704; x_wconf 87' lang='grc' dir='ltr'><em>ὡς</em></span> <span class='ocrx_word' id='word_1_207' title='bbox 1243 2626 1415 2708; x_wconf 85' lang='grc' dir='ltr'><em>δυνάμενον</em></span> 
     </span>
     <span class='ocr_line' id='line_1_24' title="bbox 296 2730 1413 2822; baseline 0 -24"><span class='ocrx_word' id='word_1_208' title='bbox 296 2736 353 2822; x_wconf 86' lang='grc' dir='ltr'><em>τήν</em></span> <span class='ocrx_word' id='word_1_209' title='bbox 386 2731 647 2820; x_wconf 76' lang='grc' dir='ltr'><em>ἀναγκαιοτάτην</em></span> <span class='ocrx_word' id='word_1_210' title='bbox 676 2731 789 2808; x_wconf 79' lang='grc' dir='ltr'><em>αι’τοῖς</em></span> <span class='ocrx_word' id='word_1_211' title='bbox 818 2731 971 2820; x_wconf 83' lang='grc' dir='ltr'><em>παρέχειν</em></span> <span class='ocrx_word' id='word_1_212' title='bbox 1001 2730 1113 2819; x_wconf 88' lang='grc' dir='ltr'><em>χρείαν</em></span> <span class='ocrx_word' id='word_1_213' title='bbox 1142 2730 1347 2798; x_wconf 82' lang='grc' dir='ltr'><em>πέπλασται.</em></span> <span class='ocrx_word' id='word_1_214' title='bbox 1373 2773 1413 2780; x_wconf 99' lang='grc'>-</span> 
     </span>
     <span class='ocr_line' id='line_1_25' title="bbox 298 2837 1414 2926; baseline -0.002 -19"><span class='ocrx_word' id='word_1_215' title='bbox 298 2851 370 2909; x_wconf 81' lang='grc'><strong>157.</strong></span> <span class='ocrx_word' id='word_1_216' title='bbox 394 2841 473 2905; x_wconf 83' lang='grc' dir='ltr'><em>ὅθεν</em></span> <span class='ocrx_word' id='word_1_217' title='bbox 496 2837 571 2904; x_wconf 77' lang='grc' dir='ltr'><em>οὐδὲ</em></span> <span class='ocrx_word' id='word_1_218' title='bbox 591 2837 768 2921; x_wconf 73' lang='grc' dir='ltr'><em>μαχόμεθα</em></span> <span class='ocrx_word' id='word_1_219' title='bbox 791 2842 865 2915; x_wconf 88' lang='grc' dir='ltr'><em>ταῖς</em></span> <span class='ocrx_word' id='word_1_220' title='bbox 887 2842 1012 2916; x_wconf 88' lang='grc' dir='ltr'><em>κοιναῖς</em></span> <span class='ocrx_word' id='word_1_221' title='bbox 1034 2851 1098 2903; x_wconf 87' lang='grc' dir='ltr'><em>τῶν</em></span> <span class='ocrx_word' id='word_1_222' title='bbox 1120 2837 1308 2925; x_wconf 83' lang='grc' dir='ltr'><em>ἀνθρώπων</em></span> <span class='ocrx_word' id='word_1_223' title='bbox 1331 2864 1414 2926; x_wconf 88' lang='grc' dir='ltr'><em>προ-</em></span> 
     </span>
     <span class='ocr_line' id='line_1_26' title="bbox 297 2937 1414 3035; baseline -0.002 -23"><span class='ocrx_word' id='word_1_224' title='bbox 297 2949 435 3035; x_wconf 77' lang='grc' dir='ltr'><em>λήψεσιν</em></span> <span class='ocrx_word' id='word_1_225' title='bbox 465 2943 539 3010; x_wconf 76' lang='grc' dir='ltr'><em>οὐδὲ</em></span> <span class='ocrx_word' id='word_1_226' title='bbox 569 2942 739 3029; x_wconf 85' lang='grc' dir='ltr'><em>σογχέομεν</em></span> <span class='ocrx_word' id='word_1_227' title='bbox 769 2945 825 3009; x_wconf 86' lang='grc' dir='ltr'><em>τὸν</em></span> <span class='ocrx_word' id='word_1_228' title='bbox 854 2941 926 3027; x_wconf 84' lang='grc' dir='ltr'><em>βίον</em></span> <span class='ocrx_word' id='word_1_229' title='bbox 954 2942 1098 3028; x_wconf 82' lang='grc' dir='ltr'><em>λέγοντες</em></span> <span class='ocrx_word' id='word_1_230' title='bbox 1119 2943 1227 3032; x_wconf 82' lang='grc' dir='ltr'><em>μηθὲν</em></span> <span class='ocrx_word' id='word_1_231' title='bbox 1249 2937 1334 3010; x_wconf 83' lang='grc' dir='ltr'><em>εἶναι</em></span> <span class='ocrx_word' id='word_1_232' title='bbox 1357 2966 1414 3033; x_wconf 92' lang='grc' dir='ltr'><em>ση-</em></span> 
     </span>
     <span class='ocr_line' id='line_1_27' title="bbox 296 3047 1416 3138; baseline -0.004 -20"><span class='ocrx_word' id='word_1_233' title='bbox 296 3057 402 3137; x_wconf 86' lang='grc' dir='ltr'><em>μεῖον,</em></span> <span class='ocrx_word' id='word_1_234' title='bbox 433 3051 591 3137; x_wconf 88' lang='grc' dir='ltr'><em>καθάπερ</em></span> <span class='ocrx_word' id='word_1_235' title='bbox 614 3049 699 3128; x_wconf 80' lang='grc' dir='ltr'><em>τινὲς</em></span> <span class='ocrx_word' id='word_1_236' title='bbox 722 3053 806 3138; x_wconf 76' lang='grc' dir='ltr'><em>ἡμᾶς</em></span> <span class='ocrx_word' id='word_1_237' title='bbox 829 3061 1094 3138; x_wconf 82' lang='grc' dir='ltr'><em>συκοφαντοῦσιν.</em></span> <span class='ocrx_word' id='word_1_238' title='bbox 1129 3047 1159 3116; x_wconf 86' lang='grc' dir='ltr'><em>εὶ</em></span> <span class='ocrx_word' id='word_1_239' title='bbox 1180 3049 1240 3132; x_wconf 77' lang='grc' dir='ltr'><em>μὲν</em></span> <span class='ocrx_word' id='word_1_240' title='bbox 1263 3053 1324 3137; x_wconf 83' lang='grc' dir='ltr'><em>γὰρ</em></span> <span class='ocrx_word' id='word_1_241' title='bbox 1348 3062 1416 3115; x_wconf 79' lang='grc' dir='ltr'><em>πᾶν</em></span> 
     </span>
     <span class='ocr_line' id='line_1_28' title="bbox 297 3145 1416 3248; baseline -0.002 -25"><span class='ocrx_word' id='word_1_242' title='bbox 297 3160 471 3248; x_wconf 78' lang='grc' dir='ltr'><em>ἀνηροῦμεν</em></span> <span class='ocrx_word' id='word_1_243' title='bbox 501 3161 651 3245; x_wconf 88' lang='grc' dir='ltr'><em>σημεῖον,</em></span> <span class='ocrx_word' id='word_1_244' title='bbox 685 3145 761 3237; x_wconf 81' lang='grc' dir='ltr'><em>τάχ&gt;</em></span> <span class='ocrx_word' id='word_1_245' title='bbox 787 3153 869 3234; x_wconf 81' lang='grc' dir='ltr'><em>ἴσως</em></span> <span class='ocrx_word' id='word_1_246' title='bbox 903 3156 942 3221; x_wconf 78' lang='grc' dir='ltr'><em>δν</em></span> <span class='ocrx_word' id='word_1_247' title='bbox 975 3155 1033 3220; x_wconf 87' lang='grc' dir='ltr'><em>καὶ</em></span> <span class='ocrx_word' id='word_1_248' title='bbox 1062 3157 1110 3242; x_wconf 78' lang='grc' dir='ltr'><em>τῷ</em></span> <span class='ocrx_word' id='word_1_249' title='bbox 1139 3153 1202 3241; x_wconf 78' lang='grc' dir='ltr'><em>βίην</em></span> <span class='ocrx_word' id='word_1_250' title='bbox 1232 3155 1290 3221; x_wconf 87' lang='grc' dir='ltr'><em>καῖ</em></span> <span class='ocrx_word' id='word_1_251' title='bbox 1313 3167 1416 3222; x_wconf 82' lang='grc' dir='ltr'><em>πᾶσιν</em></span> 
     </span>
     <span class='ocr_line' id='line_1_29' title="bbox 298 3258 1416 3353; baseline -0.003 -22"><span class='ocrx_word' id='word_1_252' title='bbox 298 3266 490 3353; x_wconf 84' lang='grc' dir='ltr'><em>ἀνθρώποις</em></span> <span class='ocrx_word' id='word_1_253' title='bbox 513 3262 720 3346; x_wconf 74' lang='grc' dir='ltr'><em>ἐμαχόμεθα·</em></span> <span class='ocrx_word' id='word_1_254' title='bbox 752 3261 819 3327; x_wconf 86' lang='grc' dir='ltr'><em>νυνῖ</em></span> <span class='ocrx_word' id='word_1_255' title='bbox 842 3261 878 3327; x_wconf 80' lang='grc' dir='ltr'><em>δὲ</em></span> <span class='ocrx_word' id='word_1_256' title='bbox 901 3263 984 3327; x_wconf 81' lang='grc' dir='ltr'><em>οίίτω</em></span> <span class='ocrx_word' id='word_1_257' title='bbox 1007 3261 1065 3327; x_wconf 84' lang='grc' dir='ltr'><em>καί</em></span> <span class='ocrx_word' id='word_1_258' title='bbox 1099 3260 1191 3327; x_wconf 85' lang='grc' dir='ltr'><em>αάτοὶ</em></span> <span class='ocrx_word' id='word_1_259' title='bbox 1215 3258 1353 3346; x_wconf 75' lang='grc' dir='ltr'><em>ἔγνωμεν</em></span> <span class='ocrx_word' id='word_1_260' title='bbox 1380 3261 1416 3328; x_wconf 79' lang='grc' dir='ltr'><em>ἐκ</em></span> 
     </span>
     <span class='ocr_line' id='line_1_30' title="bbox 297 3367 1415 3456; baseline -0.004 -18"><span class='ocrx_word' id='word_1_261' title='bbox 297 3372 356 3456; x_wconf 83' lang='grc' dir='ltr'><em>μὲν</em></span> <span class='ocrx_word' id='word_1_262' title='bbox 379 3381 507 3437; x_wconf 89' lang='grc' dir='ltr'><em>καπνοῦ</em></span> <span class='ocrx_word' id='word_1_263' title='bbox 530 3380 609 3456; x_wconf 83' lang='grc' dir='ltr'><em>πῦρ,</em></span> <span class='ocrx_word' id='word_1_264' title='bbox 640 3368 677 3435; x_wconf 78' lang='grc' dir='ltr'><em>ἐκ</em></span> <span class='ocrx_word' id='word_1_265' title='bbox 700 3367 736 3434; x_wconf 78' lang='grc' dir='ltr'><em>δὲ</em></span> <span class='ocrx_word' id='word_1_266' title='bbox 759 3367 854 3456; x_wconf 85' lang='grc' dir='ltr'><em>οάλής</em></span> <span class='ocrx_word' id='word_1_267' title='bbox 887 3369 1153 3456; x_wconf 82' lang='grc' dir='ltr'><em>προηγησάμενον</em></span> <span class='ocrx_word' id='word_1_268' title='bbox 1181 3367 1290 3449; x_wconf 72' lang='grc' dir='ltr'><em>ἕλκος,</em></span> <span class='ocrx_word' id='word_1_269' title='bbox 1321 3367 1357 3435; x_wconf 77' lang='grc' dir='ltr'><em>ἐκ</em></span> <span class='ocrx_word' id='word_1_270' title='bbox 1380 3369 1415 3434; x_wconf 77' lang='grc' dir='ltr'><em>δὲ</em></span> 
     </span>
     <span class='ocr_line' id='line_1_31' title="bbox 298 3473 1415 3566; baseline -0.004 -22"><span class='ocrx_word' id='word_1_271' title='bbox 298 3475 542 3566; x_wconf 82' lang='grc' dir='ltr'><em>προηγουμένης</em></span> <span class='ocrx_word' id='word_1_272' title='bbox 565 3473 705 3563; x_wconf 89' lang='grc' dir='ltr'><em>καρδίας</em></span> <span class='ocrx_word' id='word_1_273' title='bbox 728 3476 877 3562; x_wconf 86' lang='grc' dir='ltr'><em>τρώσεως</em></span> <span class='ocrx_word' id='word_1_274' title='bbox 900 3474 1057 3556; x_wconf 81' lang='grc' dir='ltr'><em>θάνατον,</em></span> <span class='ocrx_word' id='word_1_275' title='bbox 1080 3473 1117 3540; x_wconf 79' lang='grc' dir='ltr'><em>ἐκ</em></span> <span class='ocrx_word' id='word_1_276' title='bbox 1141 3473 1177 3540; x_wconf 80' lang='grc' dir='ltr'><em>δὲ</em></span> <span class='ocrx_word' id='word_1_277' title='bbox 1201 3475 1415 3563; x_wconf 84' lang='grc' dir='ltr'><em>προκειμένης</em></span> 
     </span>
     <span class='ocr_line' id='line_1_32' title="bbox 297 3577 1416 3665; baseline -0.002 -16"><span class='ocrx_word' id='word_1_278' title='bbox 297 3581 426 3661; x_wconf 87' lang='grc' dir='ltr'><em>ταινίας</em></span> <span class='ocrx_word' id='word_1_279' title='bbox 460 3581 621 3665; x_wconf 76' lang='grc' dir='ltr'><em>άλειμμοι·</em></span> <span class='ocrx_word' id='word_1_280' title='bbox 644 3581 872 3665; x_wconf 80' lang='grc' dir='ltr'><em>λαμβάνοντες.</em></span> <span class='ocrx_word' id='word_1_281' title='bbox 921 3589 993 3648; x_wconf 83' lang='lat'>158.</span> <span class='ocrx_word' id='word_1_282' title='bbox 1028 3591 1080 3646; x_wconf 89' lang='grc' dir='ltr'><em>νῦν</em></span> <span class='ocrx_word' id='word_1_283' title='bbox 1115 3577 1170 3646; x_wconf 78' lang='grc' dir='ltr'><em>οὖν</em></span> <span class='ocrx_word' id='word_1_284' title='bbox 1199 3579 1274 3646; x_wconf 75' lang='grc' dir='ltr'><em>ἐπεὶ</em></span> <span class='ocrx_word' id='word_1_285' title='bbox 1296 3583 1335 3648; x_wconf 84' lang='grc' dir='ltr'><strong><em>τό</em></strong></span> <span class='ocrx_word' id='word_1_286' title='bbox 1357 3580 1416 3664; x_wconf 79' lang='grc' dir='ltr'><em>μὲν</em></span> 
     </span>
     <span class='ocr_line' id='line_1_33' title="bbox 298 3671 1417 3777; baseline -0.003 -23"><span class='ocrx_word' id='word_1_287' title='bbox 298 3690 537 3777; x_wconf 80' lang='grc' dir='ltr'><em>ὑπομνηστικὸν</em></span> <span class='ocrx_word' id='word_1_288' title='bbox 559 3691 691 3776; x_wconf 89' lang='grc' dir='ltr'><em>σημεῖον</em></span> <span class='ocrx_word' id='word_1_289' title='bbox 713 3684 855 3770; x_wconf 86' lang='grc' dir='ltr'><em>τίθεμεν,</em></span> <span class='ocrx_word' id='word_1_290' title='bbox 888 3671 915 3773; x_wconf 76' lang='grc' dir='ltr'><em>ᾦ</em></span> <span class='ocrx_word' id='word_1_291' title='bbox 935 3699 1052 3774; x_wconf 78' lang='grc' dir='ltr'><em>χρῆται</em></span> <span class='ocrx_word' id='word_1_292' title='bbox 1075 3687 1093 3752; x_wconf 85' lang='grc' dir='ltr'>ὁ</span> <span class='ocrx_word' id='word_1_293' title='bbox 1115 3684 1196 3770; x_wconf 78' lang='grc' dir='ltr'><em>βίος,</em></span> <span class='ocrx_word' id='word_1_294' title='bbox 1227 3686 1326 3753; x_wconf 78' lang='grc' dir='ltr'><em>τὸδὲ</em></span> <span class='ocrx_word' id='word_1_295' title='bbox 1351 3688 1417 3752; x_wconf 81' lang='grc' dir='ltr'><em>ὑπὸ</em></span> 
     </span>
     <span class='ocr_line' id='line_1_34' title="bbox 298 3792 1416 3880; baseline -0.003 -20"><span class='ocrx_word' id='word_1_296' title='bbox 298 3810 362 3861; x_wconf 85' lang='grc' dir='ltr'><em>τῶν</em></span> <span class='ocrx_word' id='word_1_297' title='bbox 385 3796 590 3879; x_wconf 86' lang='grc' dir='ltr'><em>δογματικῶν</em></span> <span class='ocrx_word' id='word_1_298' title='bbox 614 3794 744 3880; x_wconf 82' lang='grc' dir='ltr'><em>ψευδῶς</em></span> <span class='ocrx_word' id='word_1_299' title='bbox 768 3792 931 3872; x_wconf 75' lang='grc' dir='ltr'><em>δοξασθέν</em></span> <span class='ocrx_word' id='word_1_300' title='bbox 954 3793 1153 3880; x_wconf 88' lang='grc' dir='ltr'><em>ἀναιροῦμεν,</em></span> <span class='ocrx_word' id='word_1_301' title='bbox 1177 3793 1306 3880; x_wconf 88' lang='grc' dir='ltr'><em>μήποτε</em></span> <span class='ocrx_word' id='word_1_302' title='bbox 1333 3795 1416 3880; x_wconf 86' lang='grc' dir='ltr'><em>πρὸς</em></span> 
     </span>
     <span class='ocr_line' id='line_1_35' title="bbox 298 3895 1416 3988; baseline -0.003 -21"><span class='ocrx_word' id='word_1_303' title='bbox 298 3901 345 3988; x_wconf 79' lang='grc' dir='ltr'><em>τῷ</em></span> <span class='ocrx_word' id='word_1_304' title='bbox 379 3903 424 3988; x_wconf 85' lang='grc' dir='ltr'><em>μή</em></span> <span class='ocrx_word' id='word_1_305' title='bbox 457 3901 623 3984; x_wconf 81' lang='grc' dir='ltr'><em>μάχεσθαι</em></span> <span class='ocrx_word' id='word_1_306' title='bbox 657 3899 706 3986; x_wconf 74' lang='grc' dir='ltr'><em>τῷ</em></span> <span class='ocrx_word' id='word_1_307' title='bbox 744 3897 807 3986; x_wconf 80' lang='grc' dir='ltr'><em>βίῳ</em></span> <span class='ocrx_word' id='word_1_308' title='bbox 843 3895 892 3964; x_wconf 71' lang='grc' dir='ltr'><em>ἔτι</em></span> <span class='ocrx_word' id='word_1_309' title='bbox 930 3898 986 3964; x_wconf 84' lang='grc' dir='ltr'><em>καὶ</em></span> <span class='ocrx_word' id='word_1_310' title='bbox 1025 3900 1274 3986; x_wconf 83' lang='grc' dir='ltr'><em>συναγορεάομεν</em></span> <span class='ocrx_word' id='word_1_311' title='bbox 1312 3897 1400 3985; x_wconf 77' lang='grc' dir='ltr'><em>αὐτῷ</em></span> <span class='ocrx_word' id='word_1_312' title='bbox 1406 3929 1416 3979; x_wconf 87' lang='grc'><em>,·</em></span> 
     </span>
     <span class='ocr_line' id='line_1_36' title="bbox 272 4005 1416 4094; baseline -0.004 -20"><span class='ocrx_word' id='word_1_313' title='bbox 272 4021 274 4024; x_wconf 83' lang='grc'><strong>’</strong></span> <span class='ocrx_word' id='word_1_314' title='bbox 299 4005 437 4093; x_wconf 76' lang='grc' dir='ltr'><em>ἐπείπερ</em></span> <span class='ocrx_word' id='word_1_315' title='bbox 461 4009 535 4084; x_wconf 80' lang='grc' dir='ltr'><em>τοῖς</em></span> <span class='ocrx_word' id='word_1_316' title='bbox 563 4005 867 4084; x_wconf 83' lang='grc' dir='ltr'><em>κατεξαναστάντας</em></span> <span class='ocrx_word' id='word_1_317' title='bbox 897 4017 954 4094; x_wconf 85' lang='grc' dir='ltr'><em>τής</em></span> <span class='ocrx_word' id='word_1_318' title='bbox 984 4017 1092 4092; x_wconf 81' lang='grc' dir='ltr'><em>κοινῆς</em></span> <span class='ocrx_word' id='word_1_319' title='bbox 1120 4005 1319 4092; x_wconf 80' lang='grc' dir='ltr'><em>προλήψεως</em></span> <span class='ocrx_word' id='word_1_320' title='bbox 1343 4005 1416 4088; x_wconf 91' lang='grc' dir='ltr'><em>δογ-</em></span> 
     </span>
     <span class='ocr_line' id='line_1_37' title="bbox 298 4109 1414 4200; baseline -0.003 -22"><span class='ocrx_word' id='word_1_321' title='bbox 298 4115 455 4196; x_wconf 78' lang='grc' dir='ltr'><em>ματικοὺς</em></span> <span class='ocrx_word' id='word_1_322' title='bbox 478 4112 535 4178; x_wconf 83' lang='grc' dir='ltr'><em>καὶ</em></span> <span class='ocrx_word' id='word_1_323' title='bbox 558 4114 600 4176; x_wconf 88' lang='grc' dir='ltr'><em>τά</em></span> <span class='ocrx_word' id='word_1_324' title='bbox 623 4113 719 4199; x_wconf 78' lang='grc' dir='ltr'><em>φύσει</em></span> <span class='ocrx_word' id='word_1_325' title='bbox 742 4111 848 4200; x_wconf 86' lang='grc' dir='ltr'><em>άδηλα</em></span> <span class='ocrx_word' id='word_1_326' title='bbox 872 4111 1038 4196; x_wconf 87' lang='grc' dir='ltr'><em>γινώσκειν</em></span> <span class='ocrx_word' id='word_1_327' title='bbox 1069 4109 1220 4195; x_wconf 82' lang='grc' dir='ltr'><em>λέγοντας</em></span> <span class='ocrx_word' id='word_1_328' title='bbox 1243 4132 1414 4198; x_wconf 86' lang='grc' dir='ltr'><em>σημειωτι-</em></span> 
     </span>
     <span class='ocr_line' id='line_1_38' title="bbox 299 4215 877 4306; baseline -0.005 -22"><span class='ocrx_word' id='word_1_329' title='bbox 299 4233 365 4296; x_wconf 91' lang='grc' dir='ltr'><em>κῶς</em></span> <span class='ocrx_word' id='word_1_330' title='bbox 388 4218 425 4284; x_wconf 83' lang='grc' dir='ltr'><em>ἐκ</em></span> <span class='ocrx_word' id='word_1_331' title='bbox 447 4215 660 4306; x_wconf 78' lang='grc' dir='ltr'><em>φυσιολογίας</em></span> <span class='ocrx_word' id='word_1_332' title='bbox 683 4217 877 4303; x_wconf 57' lang='grc' dir='ltr'><em>ε’λὲγχομενλ.</em></span> 
     </span>
    </p>

    <p class='ocr_par' dir='ltr' id='par_1_8' title="bbox 295 4330 1414 4478">
     <span class='ocr_line' id='line_1_39' title="bbox 371 4330 1414 4403; baseline -0.004 -16"><span class='ocrx_word' id='word_1_333' title='bbox 371 4348 399 4390; x_wconf 80' lang='grc' dir='ltr'><em>ο.</em></span> <span class='ocrx_word' id='word_1_334' title='bbox 419 4333 548 4402; x_wconf 81' lang='lat' dir='ltr'><strong>„Pugiles</strong></span> <span class='ocrx_word' id='word_1_335' title='bbox 567 4334 697 4401; x_wconf 77' lang='lat' dir='ltr'><strong>athletae,</strong></span> <span class='ocrx_word' id='word_1_336' title='bbox 723 4350 789 4403; x_wconf 85' lang='lat' dir='ltr'><strong>quos</strong></span> <span class='ocrx_word' id='word_1_337' title='bbox 814 4333 848 4386; x_wconf 78' lang='lat' dir='ltr'><em>ed</em></span> <span class='ocrx_word' id='word_1_338' title='bbox 866 4336 997 4386; x_wconf 78' lang='lat' dir='ltr'><strong>certamen</strong></span> <span class='ocrx_word' id='word_1_339' title='bbox 1016 4333 1080 4400; x_wconf 78' lang='lat' dir='ltr'>ungi</span> <span class='ocrx_word' id='word_1_340' title='bbox 1098 4349 1168 4398; x_wconf 84' lang='lat' dir='ltr'><strong>moe,</strong></span> <span class='ocrx_word' id='word_1_341' title='bbox 1195 4333 1284 4385; x_wconf 70' lang='lat' dir='ltr'><strong>taenia</strong></span> <span class='ocrx_word' id='word_1_342' title='bbox 1302 4330 1414 4385; x_wconf 70' lang='lat' dir='ltr'><strong>redimia-</strong></span> 
     </span>
     <span class='ocr_line' id='line_1_40' title="bbox 295 4421 616 4478; baseline 0.012 -4"><span class='ocrx_word' id='word_1_343' title='bbox 295 4422 423 4475; x_wconf 69' lang='lat' dir='ltr'><em>banturf‘</em></span> <span class='ocrx_word' id='word_1_344' title='bbox 461 4421 616 4478; x_wconf 77' lang='lat' dir='ltr'><strong><em>Fabriciue.</em></strong></span> 
     </span>
    </p>
   </div>
   <div class='ocr_carea' id='block_1_8' title="bbox 0 0 1582 4982">
    <p class='ocr_par' dir='ltr' id='par_1_9' title="bbox 0 0 1582 4982">
     <span class='ocr_line' id='line_1_41' title="bbox 0 0 1582 4982; baseline 0 0"><span class='ocrx_word' id='word_1_345' title='bbox 0 0 1582 4982; x_wconf 95' lang='lat' dir='ltr'><em> </em></span> 
     </span>
    </p>
   </div>
  </div>
 </body>
</html>
