3130 4980
642 365 769 420 Somtes.
1208 357 1262 422 203

149 550 230 609 μενοι
260 525 424 614 μεταβολή
453 549 504 604 τις
533 525 677 611 τυγχάνει
700 521 780 591 οδσα
810 523 868 590 καί
890 521 1074 612 μετοίκησις
1103 521 1146 612 τῇ
1173 520 1477 632 ψυχῇεεήγοῑῃηηηγίηῑ

150 643 209 698 τοῦ
238 631 341 698 τόπου
368 642 427 698 τοῦ
448 630 578 698 ένθένδε
607 628 653 710 είς
680 630 779 698 άλλου
800 631 912 698 τόπου.
955 629 1014 698 καὶ
1036 627 1102 716 εἴγε
1122 626 1265 718 μηδεμία

151 735 309 827 αίσθησίς
331 737 427 818 ἐστιν,
452 727 521 803 ἀλλ’
547 728 615 804 οἷον
629 739 737 818 ύπυος,
761 737 896 804 ἐπειδάν
917 763 968 816 τις
990 737 1160 804 καθεύδων
1181 724 1262 824 μηδ>

149 841 226 933 όυαρ
249 844 350 934 μηδέν
372 845 447 933 ὁρᾷ,
476 845 662 928 θαυμάσιον
692 841 805 932 κέρδος
835 845 874 910 ἂν
897 840 946 933 εἴη
970 845 988 910 δ
1010 842 1165 922 θάνατος.
1204 841 1265 928 ἐγὼ

150 954 210 1041 γάρ
235 953 274 1019 ἀν
297 945 399 1036 οἶμαι,
423 949 456 1019 εί
475 977 549 1018 τινα
572 952 791 1042 ἐκλεξάμενον,
802 951 870 1018 δέοι
886 953 1005 1041 ταύτην
1020 953 1077 1042 τήν
1099 951 1208 1031 νύκτα,
1232 949 1265 1015 έν

148 1043 276 1148 ᾗούτω
310 1057 513 1146 κατέδαρθεν
535 1061 618 1126 ὥστε
649 1048 728 1149 μηδ’
753 1056 830 1148 όναρ
860 1055 955 1140 ίδεῖυ,
989 1057 1047 1124 καὶ
1075 1059 1136 1136 τὰς
1163 1057 1265 1135 άλλας

149 1168 266 1245 νύκτας
295 1191 330 1232 τε
359 1165 417 1232 καί
439 1165 562 1255 ἡμέρας
589 1169 650 1245 τάς
672 1177 730 1234 τοῦ
758 1162 833 1253 βίου
861 1175 920 1233 τοῦ
941 1162 1059 1232 ἑαυτοῦ
1080 1165 1264 1248 ἀντιπαρα-

149 1273 254 1340 θέντα
276 1275 377 1362 ταύτῃ
400 1275 443 1363 τῇ
455 1273 552 1340 ’νυκτί
575 1271 642 1340 δέοι
659 1273 861 1362 σκεψάμενον
875 1269 990 1355 εἰπεῖν,
1006 1271 1115 1350 πόσας
1137 1270 1266 1355 ἀμεινσν

148 1379 206 1446 καί
229 1379 320 1469 ἥδιον
342 1378 467 1469 ἡμέρας
489 1378 546 1446 καί
569 1381 686 1460 νύκτας
707 1380 827 1469 ταύτης
848 1391 906 1468 τῆς
928 1379 1041 1458 νυκτδς
1062 1375 1218 1464 βεβίωκεν
1233 1376 1266 1444 έν

147 1488 196 1574 τῳ
232 1484 347 1552 ἑαυτοῦ
379 1483 458 1574 βίῳ,
489 1479 584 1570 οἶμαι
611 1487 650 1552 δν
676 1489 721 1575 μή
751 1487 803 1552 ότι
831 1481 964 1574 ἰδιώτην
985 1486 1072 1566 τινά,
1103 1485 1187 1552 ἀλλὰ
1209 1485 1264 1550 τόν

146 1593 250 1680 μέγαν
276 1593 415 1678 βασιλέα
446 1593 686 1684 εὐαριθμήτους
715 1594 755 1659 ἀν
776 1594 878 1681 εὑρεῖν
906 1589 1002 1660 αότδν
1029 1593 1152 1671 ταύτας
1180 1591 1265 1679 πρδς

146 1703 208 1778 τὰς
230 1701 333 1779 ἀέλλας
362 1699 483 1790 ήμέρας
509 1701 567 1768 καί
594 1701 719 1780 νύκτας.
760 1697 791 1767 εὶ
819 1697 874 1766 οὖν
901 1709 1048 1767 τοιοῦτον
1078 1698 1265 1778 όθάνατός

148 1806 228 1888 ε’στι,
252 1807 365 1895 κέρδος
388 1804 485 1894 ἔγωγε
502 1807 599 1894 λέγω·
622 1807 679 1874 καί
702 1809 763 1896 γὰρ
778 1806 871 1874 οὐδέν
885 1805 1014 1874 πλείω·
1030 1807 1131 1885 ό-πάς
1152 1806 1265 1894 χρόνος

146 1911 301 2002 φαίνεται
324 1916 407 1980 ούτω
431 1915 469 2002 δή
492 1907 575 1981 εἶναι
598 1912 697 2004 ήμία
712 1915 776 1994 νύξ.
800 1911 829 1981 εἰ
851 1903 884 1980 δ’
902 1911 943 1980 αδ
958 1905 1027 1980 οἷον
1049 1908 1264 2002 ἀποδημῆσαί
1284 1905 1459 2002 Μλζξοζξήω

147 2020 236 2088 ε’στιν
266 2021 284 2086 ὁ
306 2021 452 2100 θάνατος
475 2019 605 2088 ἐνθένδε
634 2017 680 2100 είς
703 2020 801 2088 άλλον
822 2021 941 2102 τόπον,
982 2019 1039 2086 καί
1062 2019 1171 2109 ἀληθῆ
1195 2018 1265 2084 ἐστι
1353 2007 1357 2017 ’

147 2129 190 2192 τὰ
213 2126 381 2212 λεγόμενα,
416 2128 461 2206 ὡς
488 2125 552 2215 ἀρα
580 2127 647 2194 ἐκεῖ
673 2124 754 2194 εἰσιν
777 2129 920 2206 ἅπαντες
950 2123 982 2194 οἱ
1004 2131 1195 2206 τεθνεῶτες,
1231 2123 1265 2190 τί

145 2233 259 2317 μεῖζον
281 2233 408 2320 ἀγαθὸν
430 2235 544 2300 τούτου
567 2231 617 2323 ε’ίη
633 2233 681 2315 δίν,
705 2231 858 2322 ἀιδίνδρες
881 2229 1038 2300 δικασταί
1044 2263 1054 2316 ,·
1077 2229 1106 2300 εί
1129 2232 1189 2320 γάρ
1212 2257 1265 2313 τις

146 2339 344 2429 ἀφικόμενος
370 2337 417 2418 εἰς
434 2328 566 2422 Ἃιδου,
601 2339 803 2427 ἀπαλλαγεὶς
830 2341 952 2406 τούτων
979 2353 1044 2408 τῶν
1073 2339 1264 2430 φασκόντων

146 2447 311 2514 δικαστῶν
341 2439 436 2526 εἶναι,
471 2448 594 2537 εύρήσει
613 2450 697 2528 Ιτοὺς
727 2447 862 2537 ἀληθῶς
885 2447 1057 2528 δικαστάς,
1086 2448 1182 2535 οἵπερ
1206 2446 1265 2514 καὶ

146 2551 295 2638 λέγονται
319 2552 386 2620 ἐκεῖ
400 2553 551 2636 δικάζειν,
575 2551 692 2634 Μίνως
707 2579 742 2621 τε
756 2551 814 2622 καί
827 2545 1054 2639 Ῥαδάμανθυς
1070 2551 1264 2633 καὶΑίακδς

146 2659 206 2726 καὶ
234 2660 460 2744 Τριπτόλεμος
482 2659 538 2726 καί
562 2659 656 2728 άλλοι
686 2661 758 2728 ὅσοι
785 2674 849 2728 τῶν
871 2660 1018 2750 ἡμιθέων
1047 2657 1171 2728 δίκαιοι
1194 2657 1264 2746 ἐγέ-

145 2791 238 2833 νοντο
262 2765 296 2833 δυ
317 2766 364 2852 τῷ
388 2765 510 2834 ἑαυτῶν
532 2763 605 2854 βίῳ,
629 2763 693 2856 ἀρα
716 2769 824 2858 φαύλη
848 2763 960 2857 ἀνείη
983 2770 1002 2858 ή
1024 2765 1195 2855 ἀποδημία
1202 2795 1214 2848 ,·
1244 2767 1264 2856 ἢ

146 2869 188 2938 αδ
200 2865 320 2960 Ὀρφεῖ
341 2871 553 2959 ξυγγενέσθαι
569 2873 626 2940 καί
641 2871 806 2961 Μουσαίῳ
828 2873 886 2940 καί
902 2864 1046 2961 Ἡσιόδῳ
1061 2873 1119 2940 καί
1132 2863 1263 2962 Ὁμήρῳ

146 2978 206 3046 ἐπὶ
230 2979 325 3066 πόσῳ
348 2979 387 3044 δίν
409 3003 460 3058 τις
482 2971 603 3060 δέξαιτ’
629 2981 668 3046 δν
689 2982 795 3065 ὕμῶν,·
817 3017 862 3033 ··-
880 3017 925 3029 -
948 2981 968 3070 ἢ
991 2980 1108 3058 ἀλλους
1130 2977 1264 3069 μυρίους

146 3086 187 3152 ἀν
209 3111 261 3166 τις
284 3084 375 3153 ε’ίποι
398 3086 456 3153 καί
479 3086 599 3174 ἀνδρας
621 3086 679 3154 καὶ
701 3092 864 3173 γυναῖκας,
887 3079 937 3166 οἷς
960 3086 1027 3154 ἐκεῖ
1049 3086 1264 3173 διαλέγεσθαι

145 3193 204 3260 καί
238 3193 377 3274 ξυνεῖναι
411 3194 469 3261 καὶ
502 3195 660 3276 ἐξετάζειν
694 3194 855 3284 ἀμήχανον
889 3196 928 3260 ἀν
961 3191 1012 3284 ε’ίη
1046 3192 1262 3279 εὐδαιμονίας.

146 3300 282 3380 πάντως
304 3299 342 3366 ού
364 3302 471 3390 δήπου
493 3302 608 3368 τούτου
631 3325 666 3388 γε
688 3299 780 3368 ἕνεκα
803 3298 835 3369 οὶ
858 3301 925 3368 ἐκεῖ
947 3299 1192 3368 ἀποκτείνουσι·
1222 3301 1264 3367 τά

145 3431 181 3472 τε
208 3408 268 3492 γάρ
300 3406 383 3472 ἀλλα
406 3405 682 3496 εὐδαιμονέστεροί
707 3404 790 3474 εἰσιν
816 3405 848 3474 οὶ
870 3406 938 3478 ἐκεῖ
959 3421 1024 3474 τῶν
1048 3407 1182 3489 ἐνθάδε,
1205 3407 1263 3474 καὶ

146 3511 207 3602 ήδη
231 3515 287 3580 τὸν
309 3515 427 3580 λοιπὸν
447 3513 559 3601 χρόνον
580 3511 746 3580 ἀθάνατοί
767 3511 857 3596 εἰσιν,
880 3511 974 3601 ε’ίπερ
997 3538 1032 3600 γε
1045 3516 1088 3580 τά
1112 3515 1263 3600 λεγόμενα

146 3619 258 3708 ἀληθῆ
280 3617 376 3686 ἐστίν.
856 3641 858 3648 ’

217 3777 256 3835 cf.
275 3779 344 3834 Plat.
364 3779 442 3848 Gorg.
462 3778 548 3834 522ss
567 3797 606 3851 sq.
642 3781 682 3835 De
700 3781 900 3836 immortafitato
918 3781 998 3836 anImi
1022 3783 1077 3834 tam
1096 3779 1264 3851 Xenophonti

144 3867 249 3938 (Cyrop.
268 3867 334 3921 VIII
353 3869 378 3936 7,
397 3869 431 3923 17
450 3871 501 3938 sq.)
528 3885 607 3940 quam
624 3869 730 3924 Platoni
747 3871 867 3938 (Phaed.)
894 3886 1047 3941 persuasum
1071 3871 1126 3934 est;
1156 3869 1202 3922 sed
1220 3869 1264 3922 8ο

145 3956 245 4010 oration
267 3957 354 4073 :Ipinio
379 3973 395 4009 ε
412 3956 549 4010 Platonica
566 3957 760 4027 δίετίυςυευδε.
803 3959 841 4014 cf.
860 3959 1042 4025 Teiehmssller,
1061 3957 1182 4012 ’δικαίαν
1200 3959 1262 4012 217.

145 4044 173 4098 Z.
192 4044 220 4098 II
241 4047 256 4100 1
279 4087 285 4112 ,
306 4046 366 4100 149.

7 4227 8 4230 Ἴ
60 4275 103 4316 ιον
116 4272 136 4313 ε
213 4244 293 4308 Xen.
315 4243 411 4308 Mem.
434 4244 451 4308 Ι
476 4253 505 4322 6,
530 4253 580 4310 10.
617 4230 768 4324 Ἔοικας,
802 4231 1029 4331 ὦἈντιφων,
1047 4283 1049 4288 -
1064 4243 1122 4330 τὴν
1149 4240 1259 4310 εὐδαι-

144 4346 262 4433 μονίαν
276 4344 415 4435 οἰομένῳ
438 4351 562 4438 τρυφήν
576 4347 634 4416 καί
649 4347 861 4416 πολυτέλειαν
876 4340 975 4414 εἶναι·
999 4346 1061 4433 ἐγὼ
1084 4347 1121 4414 δὲ
1143 4346 1263 4432 νομίζω

143 4458 182 4524 τὸ
216 4454 276 4540 μέν
309 4455 443 4544 μηδενὸς
476 4457 612 4530 δεῖσθαι
640 4459 734 4524 θεῖον
756 4446 848 4536 εἶναι,
882 4457 920 4522 τὸ
954 4444 986 4519 δ’
1013 4455 1057 4534 ὡς
1086 4452 1263 4538 ἐλαχίστων
