<?xml version="1.0" encoding="UTF-8"?>
<!DOCTYPE html PUBLIC "-//W3C//DTD XHTML 1.0 Transitional//EN"
    "http://www.w3.org/TR/xhtml1/DTD/xhtml1-transitional.dtd">
<html xmlns="http://www.w3.org/1999/xhtml" xml:lang="en" lang="en">
 <head>
  <title>
</title>
<meta http-equiv="Content-Type" content="text/html;charset=utf-8" />
  <meta name='ocr-system' content='tesseract 3.04.00' />
  <meta name='ocr-capabilities' content='ocr_page ocr_carea ocr_par ocr_line ocrx_word'/>
</head>
<body>
  <div class='ocr_page' id='page_1' title='image "./historiaphiloso00rittgoog_0210.png"; bbox 0 0 3130 4980; ppageno 0'>
   <div class='ocr_carea' id='block_1_1' title="bbox 306 371 927 433">
    <p class='ocr_par' dir='ltr' id='par_1_1' title="bbox 306 371 927 433">
     <span class='ocr_line' id='line_1_1' title="bbox 306 371 927 433; baseline -0.006 0"><span class='ocrx_word' id='word_1_1' title='bbox 306 371 360 433; x_wconf 75' lang='lat'><strong><em>2⁰2</em></strong></span> <span class='ocrx_word' id='word_1_2' title='bbox 799 375 927 430; x_wconf 70' lang='lat' dir='ltr'><strong>Socrates.</strong></span> 
     </span>
    </p>
   </div>
   <div class='ocr_carea' id='block_1_2' title="bbox 107 529 1422 3116">
    <p class='ocr_par' dir='ltr' id='par_1_2' title="bbox 107 529 1422 2656">
     <span class='ocr_line' id='line_1_2' title="bbox 117 529 1422 637; baseline -0.005 -45"><span class='ocrx_word' id='word_1_3' title='bbox 117 533 150 574; x_wconf 73' lang='lat' dir='ltr'><strong><em>‘ffi</em></strong></span> <span class='ocrx_word' id='word_1_4' title='bbox 163 535 224 637; x_wconf 42' lang='lat' dir='ltr'><strong><em>⁶021·st</em></strong></span> <span class='ocrx_word' id='word_1_5' title='bbox 238 547 280 577; x_wconf 79' lang='lat'>&#39;²⁰¹¹</span> <span class='ocrx_word' id='word_1_6' title='bbox 374 551 401 593; x_wconf 80' lang='grc' dir='ltr'><strong><em>ο.</em></strong></span> <span class='ocrx_word' id='word_1_7' title='bbox 420 535 493 590; x_wconf 76' lang='lat' dir='ltr'>Haec</span> <span class='ocrx_word' id='word_1_8' title='bbox 510 536 593 590; x_wconf 79' lang='lat' dir='ltr'>fusius</span> <span class='ocrx_word' id='word_1_9' title='bbox 612 538 763 592; x_wconf 69' lang='lat' dir='ltr'><strong>tractantur</strong></span> <span class='ocrx_word' id='word_1_10' title='bbox 781 535 958 602; x_wconf 76' lang='lat' dir='ltr'><strong>Mem.1v3‚</strong></span> <span class='ocrx_word' id='word_1_11' title='bbox 979 536 1020 588; x_wconf 82' lang='lat'><strong><em>12.</em></strong></span> <span class='ocrx_word' id='word_1_12' title='bbox 1058 539 1110 588; x_wconf 79' lang='grc' dir='ltr'><strong><em>Σοὶ</em></strong></span> <span class='ocrx_word' id='word_1_13' title='bbox 1129 529 1169 596; x_wconf 76' lang='grc' dir='ltr'><strong><em>θ’,</em></strong></span> <span class='ocrx_word' id='word_1_14' title='bbox 1188 534 1249 604; x_wconf 81' lang='grc' dir='ltr'><strong><em>ἔφη,</em></strong></span> <span class='ocrx_word' id='word_1_15' title='bbox 1269 532 1291 584; x_wconf 85' lang='grc' dir='ltr'><strong><em>ἀ</em></strong></span> <span class='ocrx_word' id='word_1_16' title='bbox 1310 534 1422 603; x_wconf 81' lang='grc' dir='ltr'><strong><em>Σώκρα-</em></strong></span> 
     </span>
     <span class='ocr_line' id='line_1_3' title="bbox 107 599 1422 700; baseline -0.007 -17"><span class='ocrx_word' id='word_1_17' title='bbox 107 599 290 695; x_wconf 45' lang='grc' dir='ltr'><strong><em>έιόειόόιῃροὲἀόάἀ</em></strong></span> <span class='ocrx_word' id='word_1_18' title='bbox 303 647 358 692; x_wconf 82' lang='grc' dir='ltr'><strong><em>τες,</em></strong></span> <span class='ocrx_word' id='word_1_19' title='bbox 383 629 505 682; x_wconf 75' lang='grc' dir='ltr'><strong><em>ἐοίκασιν</em></strong></span> <span class='ocrx_word' id='word_1_20' title='bbox 528 628 568 680; x_wconf 75' lang='grc' dir='ltr'><strong><em>ἔτι</em></strong></span> <span class='ocrx_word' id='word_1_21' title='bbox 587 629 764 700; x_wconf 76' lang='grc' dir='ltr'><strong><em>φιλικώτερον</em></strong></span> <span class='ocrx_word' id='word_1_22' title='bbox 788 630 804 692; x_wconf 80' lang='grc' dir='ltr'><strong><em>ή</em></strong></span> <span class='ocrx_word' id='word_1_23' title='bbox 828 632 885 688; x_wconf 85' lang='grc' dir='ltr'><strong><em>τοῖς</em></strong></span> <span class='ocrx_word' id='word_1_24' title='bbox 905 629 996 688; x_wconf 73' lang='grc' dir='ltr'><strong><em>ἀλλοις</em></strong></span> <span class='ocrx_word' id='word_1_25' title='bbox 1011 629 1148 696; x_wconf 80' lang='grc' dir='ltr'><strong><em>χρῆσθαι,</em></strong></span> <span class='ocrx_word' id='word_1_26' title='bbox 1175 627 1201 677; x_wconf 84' lang='grc' dir='ltr'><strong><em>εί</em></strong></span> <span class='ocrx_word' id='word_1_27' title='bbox 1218 641 1249 692; x_wconf 91' lang='grc' dir='ltr'><strong><em>γε</em></strong></span> <span class='ocrx_word' id='word_1_28' title='bbox 1266 621 1339 694; x_wconf 78' lang='grc' dir='ltr'><strong><em>μηδὲ</em></strong></span> <span class='ocrx_word' id='word_1_29' title='bbox 1359 623 1422 674; x_wconf 75' lang='grc' dir='ltr'><strong><em>ἐπε·</em></strong></span> 
     </span>
     <span class='ocr_line' id='line_1_4' title="bbox 303 709 1421 792; baseline -0.007 -23"><span class='ocrx_word' id='word_1_30' title='bbox 303 718 458 792; x_wconf 88' lang='grc' dir='ltr'><strong><em>ρωτώμενοι</em></strong></span> <span class='ocrx_word' id='word_1_31' title='bbox 486 718 541 769; x_wconf 84' lang='grc' dir='ltr'><strong><em>ὑπὸ</em></strong></span> <span class='ocrx_word' id='word_1_32' title='bbox 568 725 620 770; x_wconf 82' lang='grc' dir='ltr'><strong><em>σοῦ</em></strong></span> <span class='ocrx_word' id='word_1_33' title='bbox 647 720 874 788; x_wconf 85' lang='grc' dir='ltr'><strong><em>προσημαίνουσί</em></strong></span> <span class='ocrx_word' id='word_1_34' title='bbox 900 732 945 769; x_wconf 95' lang='grc' dir='ltr'><strong><em>σοι</em></strong></span> <span class='ocrx_word' id='word_1_35' title='bbox 974 716 992 768; x_wconf 81' lang='grc' dir='ltr'><strong><em>ά</em></strong></span> <span class='ocrx_word' id='word_1_36' title='bbox 1017 732 1045 768; x_wconf 89' lang='grc' dir='ltr'><strong><em>τε</em></strong></span> <span class='ocrx_word' id='word_1_37' title='bbox 1070 714 1125 786; x_wconf 82' lang='grc' dir='ltr'><strong><em>χρή</em></strong></span> <span class='ocrx_word' id='word_1_38' title='bbox 1144 719 1235 766; x_wconf 81' lang='grc' dir='ltr'><strong><em>ποιεῖν</em></strong></span> <span class='ocrx_word' id='word_1_39' title='bbox 1262 715 1309 764; x_wconf 86' lang='grc' dir='ltr'><strong><em>καὶ</em></strong></span> <span class='ocrx_word' id='word_1_40' title='bbox 1337 709 1421 781; x_wconf 80' lang='grc' dir='ltr'><strong><em>ἀμή.</em></strong></span> 
     </span>
     <span class='ocr_line' id='line_1_5' title="bbox 302 800 1422 876; baseline -0.007 -17"><span class='ocrx_word' id='word_1_41' title='bbox 302 805 344 863; x_wconf 85' lang='grc'><strong><em>13.</em></strong></span> <span class='ocrx_word' id='word_1_42' title='bbox 358 800 421 861; x_wconf 80' lang='grc' dir='ltr'><strong><em>Ὅτι</em></strong></span> <span class='ocrx_word' id='word_1_43' title='bbox 440 805 475 859; x_wconf 77' lang='grc' dir='ltr'><strong><em>δέ</em></strong></span> <span class='ocrx_word' id='word_1_44' title='bbox 490 824 521 876; x_wconf 90' lang='grc' dir='ltr'><strong><em>γε</em></strong></span> <span class='ocrx_word' id='word_1_45' title='bbox 540 807 629 872; x_wconf 78' lang='grc' dir='ltr'><strong><em>ἀληθῆ</em></strong></span> <span class='ocrx_word' id='word_1_46' title='bbox 646 807 716 874; x_wconf 69' lang='grc' dir='ltr'><strong><em>λέγω</em></strong></span> <span class='ocrx_word' id='word_1_47' title='bbox 732 809 780 860; x_wconf 85' lang='grc' dir='ltr'><strong><em>καὶ</em></strong></span> <span class='ocrx_word' id='word_1_48' title='bbox 799 806 834 859; x_wconf 88' lang='grc' dir='ltr'><strong><em>σὺ</em></strong></span> <span class='ocrx_word' id='word_1_49' title='bbox 847 807 953 876; x_wconf 81' lang='grc' dir='ltr'><strong><em>γνώσει,</em></strong></span> <span class='ocrx_word' id='word_1_50' title='bbox 974 807 1009 856; x_wconf 86' lang='grc' dir='ltr'><strong><em>ἀν</em></strong></span> <span class='ocrx_word' id='word_1_51' title='bbox 1025 804 1066 876; x_wconf 85' lang='grc' dir='ltr'><strong><em>μὴ</em></strong></span> <span class='ocrx_word' id='word_1_52' title='bbox 1084 804 1231 876; x_wconf 80' lang='grc' dir='ltr'><strong><em>ἀναμένης,</em></strong></span> <span class='ocrx_word' id='word_1_53' title='bbox 1250 800 1298 862; x_wconf 79' lang='grc' dir='ltr'><strong><em>έως</em></strong></span> <span class='ocrx_word' id='word_1_54' title='bbox 1317 803 1353 852; x_wconf 84' lang='grc' dir='ltr'><strong><em>ἀν</em></strong></span> <span class='ocrx_word' id='word_1_55' title='bbox 1372 801 1422 858; x_wconf 88' lang='grc' dir='ltr'><strong><em>τάς</em></strong></span> 
     </span>
     <span class='ocr_line' id='line_1_6' title="bbox 301 889 1421 968; baseline -0.005 -20"><span class='ocrx_word' id='word_1_56' title='bbox 301 896 414 968; x_wconf 84' lang='grc' dir='ltr'><strong><em>μορφὰς</em></strong></span> <span class='ocrx_word' id='word_1_57' title='bbox 433 905 486 947; x_wconf 84' lang='grc' dir='ltr'><strong><em>τῶν</em></strong></span> <span class='ocrx_word' id='word_1_58' title='bbox 503 901 576 948; x_wconf 86' lang='grc' dir='ltr'><strong><em>θεῶν</em></strong></span> <span class='ocrx_word' id='word_1_59' title='bbox 590 894 658 966; x_wconf 80' lang='grc' dir='ltr'><strong><em>ίόης,</em></strong></span> <span class='ocrx_word' id='word_1_60' title='bbox 678 889 733 947; x_wconf 78' lang='grc' dir='ltr'><strong><em>ἀλλ’</em></strong></span> <span class='ocrx_word' id='word_1_61' title='bbox 750 895 847 968; x_wconf 74' lang='grc' dir='ltr'><strong><em>ἐξαρκῇ</em></strong></span> <span class='ocrx_word' id='word_1_62' title='bbox 865 909 911 947; x_wconf 91' lang='grc' dir='ltr'><strong><em>σοι</em></strong></span> <span class='ocrx_word' id='word_1_63' title='bbox 930 893 964 946; x_wconf 85' lang='grc' dir='ltr'><strong><em>τά</em></strong></span> <span class='ocrx_word' id='word_1_64' title='bbox 978 893 1045 964; x_wconf 79' lang='grc' dir='ltr'><strong><em>ἔργα</em></strong></span> <span class='ocrx_word' id='word_1_65' title='bbox 1064 891 1154 944; x_wconf 86' lang='grc' dir='ltr'><strong><em>αὑτῶν</em></strong></span> <span class='ocrx_word' id='word_1_66' title='bbox 1173 893 1270 964; x_wconf 84' lang='grc' dir='ltr'><strong><em>ὁρῶντι</em></strong></span> <span class='ocrx_word' id='word_1_67' title='bbox 1289 893 1421 958; x_wconf 88' lang='grc' dir='ltr'><strong><em>σέβεσθαι</em></strong></span> 
     </span>
     <span class='ocr_line' id='line_1_7' title="bbox 300 979 1421 1048; baseline -0.004 -12"><span class='ocrx_word' id='word_1_68' title='bbox 300 988 347 1037; x_wconf 79' lang='grc' dir='ltr'><strong><em>καὶ</em></strong></span> <span class='ocrx_word' id='word_1_69' title='bbox 365 994 450 1048; x_wconf 80' lang='grc' dir='ltr'><strong><em>τιμᾶν</em></strong></span> <span class='ocrx_word' id='word_1_70' title='bbox 469 985 533 1045; x_wconf 82' lang='grc' dir='ltr'><strong><em>τοὺς</em></strong></span> <span class='ocrx_word' id='word_1_71' title='bbox 550 987 639 1044; x_wconf 87' lang='grc' dir='ltr'><strong><em>θεοὺς.</em></strong></span> <span class='ocrx_word' id='word_1_72' title='bbox 671 983 758 1037; x_wconf 67' lang='grc' dir='ltr'><strong><em>ἐννόει</em></strong></span> <span class='ocrx_word' id='word_1_73' title='bbox 781 983 815 1037; x_wconf 77' lang='grc' dir='ltr'><strong><em>δὲ</em></strong></span> <span class='ocrx_word' id='word_1_74' title='bbox 838 983 882 1036; x_wconf 86' lang='grc' dir='ltr'><strong><em>ὅτι</em></strong></span> <span class='ocrx_word' id='word_1_75' title='bbox 899 985 946 1036; x_wconf 74' lang='grc' dir='ltr'><strong><em>καί</em></strong></span> <span class='ocrx_word' id='word_1_76' title='bbox 967 983 1046 1035; x_wconf 82' lang='grc' dir='ltr'><strong><em>αὑτοὶ</em></strong></span> <span class='ocrx_word' id='word_1_77' title='bbox 1071 984 1098 1035; x_wconf 90' lang='grc' dir='ltr'><strong><em>οί</em></strong></span> <span class='ocrx_word' id='word_1_78' title='bbox 1120 984 1181 1035; x_wconf 80' lang='grc' dir='ltr'><strong><em>θεοὶ</em></strong></span> <span class='ocrx_word' id='word_1_79' title='bbox 1201 981 1287 1040; x_wconf 82' lang='grc' dir='ltr'><strong><em>οὑτως</em></strong></span> <span class='ocrx_word' id='word_1_80' title='bbox 1306 979 1421 1033; x_wconf 81' lang='grc' dir='ltr'><strong><em>ὑποδει-</em></strong></span> 
     </span>
     <span class='ocr_line' id='line_1_8' title="bbox 301 1069 1421 1146; baseline -0.004 -20"><span class='ocrx_word' id='word_1_81' title='bbox 301 1077 443 1126; x_wconf 81' lang='grc' dir='ltr'><strong><em>κνύουσιν·</em></strong></span> <span class='ocrx_word' id='word_1_82' title='bbox 472 1075 502 1126; x_wconf 77' lang='grc' dir='ltr'><strong><em>οἵ</em></strong></span> <span class='ocrx_word' id='word_1_83' title='bbox 527 1091 555 1126; x_wconf 88' lang='grc' dir='ltr'><strong><em>τε</em></strong></span> <span class='ocrx_word' id='word_1_84' title='bbox 583 1075 637 1146; x_wconf 84' lang='grc' dir='ltr'><strong><em>γὰρ</em></strong></span> <span class='ocrx_word' id='word_1_85' title='bbox 665 1074 743 1126; x_wconf 71' lang='grc' dir='ltr'><strong><em>ἄλλοι</em></strong></span> <span class='ocrx_word' id='word_1_86' title='bbox 768 1074 836 1144; x_wconf 86' lang='grc' dir='ltr'><strong><em>ήμῑν</em></strong></span> <span class='ocrx_word' id='word_1_87' title='bbox 863 1073 977 1140; x_wconf 85' lang='grc' dir='ltr'><strong><em>τάγαθά</em></strong></span> <span class='ocrx_word' id='word_1_88' title='bbox 1000 1070 1126 1130; x_wconf 82' lang='grc' dir='ltr'><strong><em>όιόόντες</em></strong></span> <span class='ocrx_word' id='word_1_89' title='bbox 1154 1069 1236 1124; x_wconf 73' lang='grc' dir='ltr'><strong><em>οὐδὲν</em></strong></span> <span class='ocrx_word' id='word_1_90' title='bbox 1259 1070 1364 1122; x_wconf 81' lang='grc' dir='ltr'><strong><em>τούτων</em></strong></span> <span class='ocrx_word' id='word_1_91' title='bbox 1383 1073 1421 1129; x_wconf 69' lang='grc' dir='ltr'><strong><em>εἰς</em></strong></span> 
     </span>
     <span class='ocr_line' id='line_1_9' title="bbox 302 1161 1420 1234; baseline -0.004 -20"><span class='ocrx_word' id='word_1_92' title='bbox 302 1163 460 1234; x_wconf 77' lang='grc' dir='ltr'><strong><em>τούμφανές</em></strong></span> <span class='ocrx_word' id='word_1_93' title='bbox 486 1163 571 1222; x_wconf 77' lang='grc' dir='ltr'><strong><em>ίόντες</em></strong></span> <span class='ocrx_word' id='word_1_94' title='bbox 598 1161 729 1225; x_wconf 69' lang='grc' dir='ltr'><strong><em>διδόασι,</em></strong></span> <span class='ocrx_word' id='word_1_95' title='bbox 756 1165 803 1215; x_wconf 81' lang='grc' dir='ltr'><strong><em>καὶ</em></strong></span> <span class='ocrx_word' id='word_1_96' title='bbox 822 1163 837 1214; x_wconf 86' lang='grc' dir='ltr'>ὁ</span> <span class='ocrx_word' id='word_1_97' title='bbox 855 1163 903 1214; x_wconf 88' lang='grc' dir='ltr'><strong><em>τὸν</em></strong></span> <span class='ocrx_word' id='word_1_98' title='bbox 921 1161 986 1214; x_wconf 77' lang='grc' dir='ltr'><strong><em>ὅλον</em></strong></span> <span class='ocrx_word' id='word_1_99' title='bbox 1012 1161 1119 1218; x_wconf 84' lang='grc' dir='ltr'><strong><em>κόσμον</em></strong></span> <span class='ocrx_word' id='word_1_100' title='bbox 1143 1161 1303 1212; x_wconf 78' lang='grc' dir='ltr'><strong><em>συντάττων</em></strong></span> <span class='ocrx_word' id='word_1_101' title='bbox 1327 1163 1420 1212; x_wconf 78' lang='grc' dir='ltr'><strong><em>τεκαὶ</em></strong></span> 
     </span>
     <span class='ocr_line' id='line_1_10' title="bbox 301 1237 1420 1321; baseline -0.004 -18"><span class='ocrx_word' id='word_1_102' title='bbox 301 1255 436 1320; x_wconf 84' lang='grc' dir='ltr'><strong><em>συνέχων,</em></strong></span> <span class='ocrx_word' id='word_1_103' title='bbox 461 1251 491 1303; x_wconf 75' lang='grc' dir='ltr'><strong><em>έν</em></strong></span> <span class='ocrx_word' id='word_1_104' title='bbox 508 1237 530 1318; x_wconf 77' lang='grc' dir='ltr'><em>ᾧ</em></span> <span class='ocrx_word' id='word_1_105' title='bbox 549 1251 641 1303; x_wconf 90' lang='grc' dir='ltr'><strong><em>πάντα</em></strong></span> <span class='ocrx_word' id='word_1_106' title='bbox 660 1251 694 1302; x_wconf 85' lang='grc' dir='ltr'><strong><em>τά</em></strong></span> <span class='ocrx_word' id='word_1_107' title='bbox 712 1250 782 1302; x_wconf 79' lang='grc' dir='ltr'><strong><em>καλά</em></strong></span> <span class='ocrx_word' id='word_1_108' title='bbox 800 1254 847 1302; x_wconf 84' lang='grc' dir='ltr'><strong><em>καὶ</em></strong></span> <span class='ocrx_word' id='word_1_109' title='bbox 866 1251 964 1318; x_wconf 86' lang='grc' dir='ltr'><strong><em>ἀγαθά</em></strong></span> <span class='ocrx_word' id='word_1_110' title='bbox 982 1250 1049 1312; x_wconf 75' lang='grc' dir='ltr'><strong><em>ἐστι,</em></strong></span> <span class='ocrx_word' id='word_1_111' title='bbox 1068 1251 1115 1302; x_wconf 79' lang='grc' dir='ltr'><strong><em>καὶ</em></strong></span> <span class='ocrx_word' id='word_1_112' title='bbox 1137 1250 1180 1301; x_wconf 82' lang='grc' dir='ltr'><strong><em>ἀεὶ</em></strong></span> <span class='ocrx_word' id='word_1_113' title='bbox 1197 1249 1251 1319; x_wconf 81' lang='grc' dir='ltr'><strong><em>μὲν</em></strong></span> <span class='ocrx_word' id='word_1_114' title='bbox 1265 1251 1420 1321; x_wconf 74' lang='grc' dir='ltr'><strong><em>χρωμένοις</em></strong></span> 
     </span>
     <span class='ocr_line' id='line_1_11' title="bbox 301 1337 1419 1412; baseline -0.003 -21"><span class='ocrx_word' id='word_1_115' title='bbox 301 1340 397 1408; x_wconf 72' lang='grc' dir='ltr'><strong><em>ἀτριβῆ</em></strong></span> <span class='ocrx_word' id='word_1_116' title='bbox 425 1357 453 1391; x_wconf 91' lang='grc' dir='ltr'><strong><em>τε</em></strong></span> <span class='ocrx_word' id='word_1_117' title='bbox 471 1341 518 1391; x_wconf 80' lang='grc' dir='ltr'><strong><em>καὶ</em></strong></span> <span class='ocrx_word' id='word_1_118' title='bbox 537 1340 602 1408; x_wconf 84' lang='grc' dir='ltr'><strong><em>ὑγιᾶ</em></strong></span> <span class='ocrx_word' id='word_1_119' title='bbox 620 1343 666 1392; x_wconf 79' lang='grc' dir='ltr'><strong><em>καὶ</em></strong></span> <span class='ocrx_word' id='word_1_120' title='bbox 684 1340 824 1410; x_wconf 77' lang='grc' dir='ltr'><strong><em>ἀγήρατον</em></strong></span> <span class='ocrx_word' id='word_1_121' title='bbox 842 1341 984 1412; x_wconf 88' lang='grc' dir='ltr'><strong><em>παρέχων,</em></strong></span> <span class='ocrx_word' id='word_1_122' title='bbox 1013 1343 1118 1391; x_wconf 83' lang='grc' dir='ltr'><strong><em>θάττον</em></strong></span> <span class='ocrx_word' id='word_1_123' title='bbox 1143 1337 1175 1391; x_wconf 80' lang='grc' dir='ltr'><strong><em>δὲ</em></strong></span> <span class='ocrx_word' id='word_1_124' title='bbox 1194 1338 1334 1408; x_wconf 84' lang='grc' dir='ltr'><strong><em>νοήματος</em></strong></span> <span class='ocrx_word' id='word_1_125' title='bbox 1352 1338 1419 1389; x_wconf 89' lang='grc' dir='ltr'><strong><em>ἀνα-</em></strong></span> 
     </span>
     <span class='ocr_line' id='line_1_12' title="bbox 300 1419 1420 1500; baseline -0.001 -20"><span class='ocrx_word' id='word_1_126' title='bbox 300 1428 443 1498; x_wconf 83' lang='grc' dir='ltr'><strong><em>μαρτήτως</em></strong></span> <span class='ocrx_word' id='word_1_127' title='bbox 463 1429 655 1498; x_wconf 77' lang='grc' dir='ltr'><strong><em>ὑπηρετοῦντα,</em></strong></span> <span class='ocrx_word' id='word_1_128' title='bbox 676 1419 755 1488; x_wconf 78' lang='grc' dir='ltr'><strong><em>οὗτος</em></strong></span> <span class='ocrx_word' id='word_1_129' title='bbox 773 1428 807 1480; x_wconf 78' lang='grc' dir='ltr'><strong><em>τά</em></strong></span> <span class='ocrx_word' id='word_1_130' title='bbox 824 1432 946 1500; x_wconf 87' lang='grc' dir='ltr'><strong><em>μέγιστα</em></strong></span> <span class='ocrx_word' id='word_1_131' title='bbox 963 1427 1016 1499; x_wconf 79' lang='grc' dir='ltr'><strong><em>μὲν</em></strong></span> <span class='ocrx_word' id='word_1_132' title='bbox 1034 1429 1163 1498; x_wconf 87' lang='grc' dir='ltr'><strong><em>πράττων</em></strong></span> <span class='ocrx_word' id='word_1_133' title='bbox 1181 1428 1286 1499; x_wconf 78' lang='grc' dir='ltr'><strong><em>ὁρᾶται,</em></strong></span> <span class='ocrx_word' id='word_1_134' title='bbox 1306 1426 1373 1479; x_wconf 81' lang='grc' dir='ltr'><strong><em>τάδε</em></strong></span> <span class='ocrx_word' id='word_1_135' title='bbox 1389 1425 1420 1480; x_wconf 77' lang='grc' dir='ltr'><strong><em>δέ</em></strong></span> 
     </span>
     <span class='ocr_line' id='line_1_13' title="bbox 301 1514 1419 1588; baseline -0.002 -19"><span class='ocrx_word' id='word_1_136' title='bbox 301 1520 453 1588; x_wconf 73' lang='grc' dir='ltr'><strong><em>οἰκονομῶν</em></strong></span> <span class='ocrx_word' id='word_1_137' title='bbox 480 1517 598 1587; x_wconf 91' lang='grc' dir='ltr'><strong><em>ἀόρατος</em></strong></span> <span class='ocrx_word' id='word_1_138' title='bbox 629 1519 696 1587; x_wconf 86' lang='grc' dir='ltr'><strong><em>ήμῖν</em></strong></span> <span class='ocrx_word' id='word_1_139' title='bbox 722 1518 799 1570; x_wconf 69' lang='grc' dir='ltr'><strong><em>ἔστιν</em></strong></span> <span class='ocrx_word' id='word_1_140' title='bbox 836 1516 878 1582; x_wconf 79' lang='lat' dir='ltr'><strong>(cf.</strong></span> <span class='ocrx_word' id='word_1_141' title='bbox 906 1514 1024 1580; x_wconf 74' lang='lat' dir='ltr'>Krische,</span> <span class='ocrx_word' id='word_1_142' title='bbox 1057 1514 1257 1584; x_wconf 71' lang='lat' dir='ltr'><strong><em>Forschunqen</em></strong></span> <span class='ocrx_word' id='word_1_143' title='bbox 1288 1533 1314 1584; x_wconf 87' lang='lat' dir='ltr'><strong><em>p.</em></strong></span> <span class='ocrx_word' id='word_1_144' title='bbox 1345 1515 1419 1578; x_wconf 76' lang='lat'><strong>220).</strong></span> 
     </span>
     <span class='ocr_line' id='line_1_14' title="bbox 238 1601 1419 1678; baseline 0.001 -21"><span class='ocrx_word' id='word_1_145' title='bbox 238 1674 240 1678; x_wconf 28' lang='grc' dir='ltr'>Ι</span> <span class='ocrx_word' id='word_1_146' title='bbox 301 1603 343 1658; x_wconf 79' lang='lat'><strong><em>14.</em></strong></span> <span class='ocrx_word' id='word_1_147' title='bbox 367 1606 453 1658; x_wconf 69' lang='grc' dir='ltr'><strong><em>ἐννόει</em></strong></span> <span class='ocrx_word' id='word_1_148' title='bbox 472 1601 501 1658; x_wconf 77' lang='grc' dir='ltr'><strong><em>δ’</em></strong></span> <span class='ocrx_word' id='word_1_149' title='bbox 519 1605 561 1658; x_wconf 88' lang='grc' dir='ltr'><strong><em>δτι</em></strong></span> <span class='ocrx_word' id='word_1_150' title='bbox 585 1609 632 1658; x_wconf 86' lang='grc' dir='ltr'><strong><em>καὶ</em></strong></span> <span class='ocrx_word' id='word_1_151' title='bbox 651 1607 666 1658; x_wconf 85' lang='grc' dir='ltr'><strong><em>ό</em></strong></span> <span class='ocrx_word' id='word_1_152' title='bbox 684 1615 755 1660; x_wconf 80' lang='grc' dir='ltr'><strong><em>πᾶσι</em></strong></span> <span class='ocrx_word' id='word_1_153' title='bbox 774 1607 892 1678; x_wconf 85' lang='grc' dir='ltr'><strong><em>φανερὸς</em></strong></span> <span class='ocrx_word' id='word_1_154' title='bbox 917 1605 1006 1660; x_wconf 79' lang='grc' dir='ltr'><strong><em>δοκῶν</em></strong></span> <span class='ocrx_word' id='word_1_155' title='bbox 1029 1605 1100 1660; x_wconf 78' lang='grc' dir='ltr'><strong><em>εἶναι</em></strong></span> <span class='ocrx_word' id='word_1_156' title='bbox 1118 1607 1192 1672; x_wconf 76' lang='grc' dir='ltr'><strong><em>ήάιος</em></strong></span> <span class='ocrx_word' id='word_1_157' title='bbox 1212 1605 1260 1657; x_wconf 85' lang='grc' dir='ltr'><strong><em>οὑκ</em></strong></span> <span class='ocrx_word' id='word_1_158' title='bbox 1278 1605 1419 1675; x_wconf 69' lang='grc' dir='ltr'><strong><em>ἐπιτρέπει</em></strong></span> 
     </span>
     <span class='ocr_line' id='line_1_15' title="bbox 300 1690 1419 1766; baseline 0 -20"><span class='ocrx_word' id='word_1_159' title='bbox 300 1699 359 1754; x_wconf 90' lang='grc' dir='ltr'><strong><em>τοῖς</em></strong></span> <span class='ocrx_word' id='word_1_160' title='bbox 386 1695 544 1764; x_wconf 86' lang='grc' dir='ltr'><strong><em>ἀνθρώποις</em></strong></span> <span class='ocrx_word' id='word_1_161' title='bbox 570 1693 670 1747; x_wconf 80' lang='grc' dir='ltr'><strong><em>ἑαυτὸν</em></strong></span> <span class='ocrx_word' id='word_1_162' title='bbox 699 1696 814 1766; x_wconf 78' lang='grc' dir='ltr'><strong><em>ἀκριβῶς</em></strong></span> <span class='ocrx_word' id='word_1_163' title='bbox 842 1697 923 1766; x_wconf 77' lang='grc' dir='ltr'><strong><em>ὁρᾶν,</em></strong></span> <span class='ocrx_word' id='word_1_164' title='bbox 953 1690 1008 1748; x_wconf 80' lang='grc' dir='ltr'><strong><em>ἀλλ’</em></strong></span> <span class='ocrx_word' id='word_1_165' title='bbox 1039 1695 1089 1748; x_wconf 75' lang='grc' dir='ltr'><strong><em>έάν</em></strong></span> <span class='ocrx_word' id='word_1_166' title='bbox 1116 1715 1157 1756; x_wconf 86' lang='grc' dir='ltr'><strong><em>τις</em></strong></span> <span class='ocrx_word' id='word_1_167' title='bbox 1185 1695 1270 1746; x_wconf 85' lang='grc' dir='ltr'><strong><em>αὐτὸν</em></strong></span> <span class='ocrx_word' id='word_1_168' title='bbox 1297 1694 1419 1754; x_wconf 79' lang='grc' dir='ltr'><strong><em>ἀναιδῶς</em></strong></span> 
     </span>
     <span class='ocr_line' id='line_1_16' title="bbox 299 1781 1418 1858; baseline -0.001 -23"><span class='ocrx_word' id='word_1_169' title='bbox 299 1781 407 1855; x_wconf 73' lang='grc' dir='ltr'><strong><em>ἐγχειρῇ</em></strong></span> <span class='ocrx_word' id='word_1_170' title='bbox 430 1788 567 1846; x_wconf 79' lang='grc' dir='ltr'><strong><em>θεᾶσθαι,</em></strong></span> <span class='ocrx_word' id='word_1_171' title='bbox 596 1784 645 1848; x_wconf 87' lang='grc' dir='ltr'><strong><em>τήν</em></strong></span> <span class='ocrx_word' id='word_1_172' title='bbox 669 1786 736 1852; x_wconf 76' lang='grc' dir='ltr'><strong><em>ὅφιν</em></strong></span> <span class='ocrx_word' id='word_1_173' title='bbox 759 1785 920 1858; x_wconf 86' lang='grc' dir='ltr'><strong><em>ἀφαιρεῖται</em></strong></span> <span class='ocrx_word' id='word_1_174' title='bbox 943 1782 1075 1850; x_wconf 78' lang='lat' dir='ltr'><strong>(similiter</strong></span> <span class='ocrx_word' id='word_1_175' title='bbox 1088 1781 1166 1836; x_wconf 72' lang='lat' dir='ltr'><strong>Plato</strong></span> <span class='ocrx_word' id='word_1_176' title='bbox 1179 1781 1418 1852; x_wconf 77' lang='lat' dir='ltr'>Rep.V11515E;</span> 
     </span>
     <span class='ocr_line' id='line_1_17' title="bbox 298 1869 1419 1944; baseline 0.002 -22"><span class='ocrx_word' id='word_1_177' title='bbox 298 1869 361 1937; x_wconf 81' lang='lat' dir='ltr'>Leg.</span> <span class='ocrx_word' id='word_1_178' title='bbox 390 1869 415 1922; x_wconf 87' lang='lat' dir='ltr'>X</span> <span class='ocrx_word' id='word_1_179' title='bbox 441 1869 546 1934; x_wconf 83' lang='grc'>8971)).</span> <span class='ocrx_word' id='word_1_180' title='bbox 582 1875 629 1924; x_wconf 83' lang='grc' dir='ltr'><strong><em>καὶ</em></strong></span> <span class='ocrx_word' id='word_1_181' title='bbox 657 1875 721 1933; x_wconf 85' lang='grc' dir='ltr'><strong><em>τοὺς</em></strong></span> <span class='ocrx_word' id='word_1_182' title='bbox 749 1874 883 1943; x_wconf 79' lang='grc' dir='ltr'><strong><em>ὑπηρέτας</em></strong></span> <span class='ocrx_word' id='word_1_183' title='bbox 910 1873 942 1926; x_wconf 78' lang='grc' dir='ltr'><strong><em>ὑὲ</em></strong></span> <span class='ocrx_word' id='word_1_184' title='bbox 971 1883 1024 1925; x_wconf 91' lang='grc' dir='ltr'><strong><em>τῶν</em></strong></span> <span class='ocrx_word' id='word_1_185' title='bbox 1051 1879 1124 1926; x_wconf 85' lang='grc' dir='ltr'><strong><em>θεῶν</em></strong></span> <span class='ocrx_word' id='word_1_186' title='bbox 1152 1873 1272 1944; x_wconf 82' lang='grc' dir='ltr'><strong><em>εὑρήσεις</em></strong></span> <span class='ocrx_word' id='word_1_187' title='bbox 1300 1873 1419 1942; x_wconf 88' lang='grc' dir='ltr'><strong><em>ἀφανεῖς</em></strong></span> 
     </span>
     <span class='ocr_line' id='line_1_18' title="bbox 300 1953 1419 2032; baseline 0.001 -22"><span class='ocrx_word' id='word_1_188' title='bbox 300 1961 395 2019; x_wconf 86' lang='grc' dir='ltr'><strong><em>ὄντας·</em></strong></span> <span class='ocrx_word' id='word_1_189' title='bbox 423 1960 553 2032; x_wconf 82' lang='grc' dir='ltr'><strong><em>κεραυνός</em></strong></span> <span class='ocrx_word' id='word_1_190' title='bbox 572 1977 600 2012; x_wconf 88' lang='grc' dir='ltr'><strong><em>τε</em></strong></span> <span class='ocrx_word' id='word_1_191' title='bbox 618 1961 673 2032; x_wconf 89' lang='grc' dir='ltr'><strong><em>γὰρ</em></strong></span> <span class='ocrx_word' id='word_1_192' title='bbox 691 1959 804 2032; x_wconf 80' lang='grc' dir='ltr'><strong><em>ὅτιμὲν</em></strong></span> <span class='ocrx_word' id='word_1_193' title='bbox 823 1964 931 2014; x_wconf 82' lang='grc' dir='ltr'><strong><em>ἀνωθεν</em></strong></span> <span class='ocrx_word' id='word_1_194' title='bbox 949 1961 1062 2031; x_wconf 86' lang='grc' dir='ltr'><strong><em>ἀφίεται</em></strong></span> <span class='ocrx_word' id='word_1_195' title='bbox 1080 1959 1171 2027; x_wconf 76' lang='grc' dir='ltr'><strong><em>δῆλον,</em></strong></span> <span class='ocrx_word' id='word_1_196' title='bbox 1196 1964 1242 2013; x_wconf 83' lang='grc' dir='ltr'><strong><em>καὶ</em></strong></span> <span class='ocrx_word' id='word_1_197' title='bbox 1262 1959 1304 2012; x_wconf 83' lang='grc' dir='ltr'><strong><em>ὅτι</em></strong></span> <span class='ocrx_word' id='word_1_198' title='bbox 1323 1953 1364 2020; x_wconf 82' lang='grc' dir='ltr'><strong><em>οἷς</em></strong></span> <span class='ocrx_word' id='word_1_199' title='bbox 1384 1962 1419 2012; x_wconf 79' lang='grc' dir='ltr'><strong><em>ἀν</em></strong></span> 
     </span>
     <span class='ocr_line' id='line_1_19' title="bbox 299 2045 1418 2123; baseline 0.001 -22"><span class='ocrx_word' id='word_1_200' title='bbox 299 2048 396 2121; x_wconf 76' lang='grc' dir='ltr'><strong><em>ἔντόχη</em></strong></span> <span class='ocrx_word' id='word_1_201' title='bbox 424 2051 537 2102; x_wconf 83' lang='grc' dir='ltr'><strong><em>πάντων</em></strong></span> <span class='ocrx_word' id='word_1_202' title='bbox 559 2054 664 2121; x_wconf 84' lang='grc' dir='ltr'><strong><em>κρατεῖ,</em></strong></span> <span class='ocrx_word' id='word_1_203' title='bbox 693 2052 791 2123; x_wconf 81' lang='grc' dir='ltr'><strong><em>ὁρᾶται</em></strong></span> <span class='ocrx_word' id='word_1_204' title='bbox 818 2045 848 2103; x_wconf 77' lang='grc' dir='ltr'><strong><em>δ’</em></strong></span> <span class='ocrx_word' id='word_1_205' title='bbox 871 2046 924 2102; x_wconf 77' lang='grc' dir='ltr'><strong><em>οὔτ’</em></strong></span> <span class='ocrx_word' id='word_1_206' title='bbox 946 2050 1032 2103; x_wconf 84' lang='grc' dir='ltr'><strong><em>έπιάιν</em></strong></span> <span class='ocrx_word' id='word_1_207' title='bbox 1059 2053 1119 2102; x_wconf 74' lang='grc' dir='ltr'><strong><em>οὔτε</em></strong></span> <span class='ocrx_word' id='word_1_208' title='bbox 1146 2051 1328 2115; x_wconf 80' lang='grc' dir='ltr'><strong><em>κατασκήψας</em></strong></span> <span class='ocrx_word' id='word_1_209' title='bbox 1356 2052 1418 2102; x_wconf 79' lang='grc' dir='ltr'><strong><em>οίτε</em></strong></span> 
     </span>
     <span class='ocr_line' id='line_1_20' title="bbox 299 2137 1419 2210; baseline 0.001 -22"><span class='ocrx_word' id='word_1_210' title='bbox 299 2137 399 2190; x_wconf 84' lang='grc' dir='ltr'><strong><em>ἀπιών.</em></strong></span> <span class='ocrx_word' id='word_1_211' title='bbox 431 2141 477 2190; x_wconf 87' lang='grc' dir='ltr'><strong><em>καὶ</em></strong></span> <span class='ocrx_word' id='word_1_212' title='bbox 497 2141 595 2210; x_wconf 82' lang='grc' dir='ltr'><strong><em>ἀνεμοι</em></strong></span> <span class='ocrx_word' id='word_1_213' title='bbox 615 2139 694 2192; x_wconf 78' lang='grc' dir='ltr'><strong><em>αὑτοὶ</em></strong></span> <span class='ocrx_word' id='word_1_214' title='bbox 711 2139 765 2208; x_wconf 76' lang='grc' dir='ltr'><strong><em>μὲν</em></strong></span> <span class='ocrx_word' id='word_1_215' title='bbox 784 2140 835 2209; x_wconf 86' lang='grc' dir='ltr'><strong><em>οὑχ</em></strong></span> <span class='ocrx_word' id='word_1_216' title='bbox 854 2141 984 2210; x_wconf 86' lang='grc' dir='ltr'><strong><em>ὁρῶνται,</em></strong></span> <span class='ocrx_word' id='word_1_217' title='bbox 1005 2139 1022 2191; x_wconf 78' lang='grc' dir='ltr'><em>ἃ</em></span> <span class='ocrx_word' id='word_1_218' title='bbox 1041 2137 1073 2192; x_wconf 77' lang='grc' dir='ltr'><strong><em>ἀὲ</em></strong></span> <span class='ocrx_word' id='word_1_219' title='bbox 1092 2148 1205 2192; x_wconf 83' lang='grc' dir='ltr'><strong><em>ποιοῦσι</em></strong></span> <span class='ocrx_word' id='word_1_220' title='bbox 1225 2139 1332 2210; x_wconf 79' lang='grc' dir='ltr'><strong><em>φανερὰ</em></strong></span> <span class='ocrx_word' id='word_1_221' title='bbox 1351 2139 1419 2210; x_wconf 83' lang='grc' dir='ltr'><strong><em>ἡμῖν</em></strong></span> 
     </span>
     <span class='ocr_line' id='line_1_21' title="bbox 298 2225 1417 2302; baseline 0.004 -24"><span class='ocrx_word' id='word_1_222' title='bbox 298 2225 365 2289; x_wconf 76' lang='grc' dir='ltr'><strong><em>ἔστι,</em></strong></span> <span class='ocrx_word' id='word_1_223' title='bbox 384 2229 430 2278; x_wconf 78' lang='grc' dir='ltr'><strong><em>καὶ</em></strong></span> <span class='ocrx_word' id='word_1_224' title='bbox 450 2228 623 2296; x_wconf 87' lang='grc' dir='ltr'><strong><em>προσιόντων</em></strong></span> <span class='ocrx_word' id='word_1_225' title='bbox 642 2228 733 2279; x_wconf 80' lang='grc' dir='ltr'><strong><em>αὐτῶν</em></strong></span> <span class='ocrx_word' id='word_1_226' title='bbox 751 2230 960 2302; x_wconf 69' lang='grc' dir='ltr'><strong><em>αἰσθανόμεθα.</em></strong></span> <span class='ocrx_word' id='word_1_227' title='bbox 986 2229 1055 2282; x_wconf 78' lang='grc' dir='ltr'><strong><em>ἀλλὰ</em></strong></span> <span class='ocrx_word' id='word_1_228' title='bbox 1072 2229 1129 2300; x_wconf 77' lang='grc' dir='ltr'><strong><em>μὴν</em></strong></span> <span class='ocrx_word' id='word_1_229' title='bbox 1148 2231 1194 2282; x_wconf 79' lang='grc' dir='ltr'><strong><em>καὶ</em></strong></span> <span class='ocrx_word' id='word_1_230' title='bbox 1214 2229 1367 2301; x_wconf 83' lang='grc' dir='ltr'><strong><em>ἀνθρώπου</em></strong></span> <span class='ocrx_word' id='word_1_231' title='bbox 1386 2247 1417 2297; x_wconf 89' lang='grc' dir='ltr'><strong><em>γε</em></strong></span> 
     </span>
     <span class='ocr_line' id='line_1_22' title="bbox 299 2315 1418 2388; baseline 0.002 -22"><span class='ocrx_word' id='word_1_232' title='bbox 299 2317 384 2384; x_wconf 86' lang='grc' dir='ltr'><strong><em>ψυχή,</em></strong></span> <span class='ocrx_word' id='word_1_233' title='bbox 403 2315 420 2380; x_wconf 85' lang='grc' dir='ltr'><strong><em>ή</em></strong></span> <span class='ocrx_word' id='word_1_234' title='bbox 438 2319 515 2386; x_wconf 87' lang='grc' dir='ltr'><strong><em>εἴπερ</em></strong></span> <span class='ocrx_word' id='word_1_235' title='bbox 533 2335 560 2368; x_wconf 90' lang='grc' dir='ltr'><strong><em>τι</em></strong></span> <span class='ocrx_word' id='word_1_236' title='bbox 577 2320 624 2368; x_wconf 80' lang='grc' dir='ltr'><strong><em>καὶ</em></strong></span> <span class='ocrx_word' id='word_1_237' title='bbox 643 2319 710 2369; x_wconf 75' lang='grc' dir='ltr'><strong><em>ἀλλο</em></strong></span> <span class='ocrx_word' id='word_1_238' title='bbox 728 2327 782 2371; x_wconf 90' lang='grc' dir='ltr'><strong><em>τῶν</em></strong></span> <span class='ocrx_word' id='word_1_239' title='bbox 801 2317 985 2388; x_wconf 73' lang='grc' dir='ltr'><strong><em>ἀνθρωπίνων</em></strong></span> <span class='ocrx_word' id='word_1_240' title='bbox 1003 2327 1052 2370; x_wconf 84' lang='grc' dir='ltr'><strong><em>τοῦ</em></strong></span> <span class='ocrx_word' id='word_1_241' title='bbox 1069 2322 1149 2370; x_wconf 89' lang='grc' dir='ltr'><strong><em>θείου</em></strong></span> <span class='ocrx_word' id='word_1_242' title='bbox 1165 2321 1287 2386; x_wconf 89' lang='grc' dir='ltr'><strong><em>μετέχει,</em></strong></span> <span class='ocrx_word' id='word_1_243' title='bbox 1307 2317 1418 2388; x_wconf 79' lang='grc' dir='ltr'><strong><em>ὅτιμὲν</em></strong></span> 
     </span>
     <span class='ocr_line' id='line_1_23' title="bbox 299 2401 1417 2480; baseline 0.003 -25"><span class='ocrx_word' id='word_1_244' title='bbox 299 2405 437 2469; x_wconf 78' lang='grc' dir='ltr'><strong><em>βασιλεύει</em></strong></span> <span class='ocrx_word' id='word_1_245' title='bbox 455 2405 484 2457; x_wconf 79' lang='grc' dir='ltr'><strong><em>έν</em></strong></span> <span class='ocrx_word' id='word_1_246' title='bbox 501 2406 569 2476; x_wconf 88' lang='grc' dir='ltr'><strong><em>ήμῐν</em></strong></span> <span class='ocrx_word' id='word_1_247' title='bbox 587 2407 714 2476; x_wconf 89' lang='grc' dir='ltr'><strong><em>φανερόν,</em></strong></span> <span class='ocrx_word' id='word_1_248' title='bbox 734 2407 832 2480; x_wconf 84' lang='grc' dir='ltr'><strong><em>ὁρᾶται</em></strong></span> <span class='ocrx_word' id='word_1_249' title='bbox 851 2405 883 2459; x_wconf 77' lang='grc' dir='ltr'><strong><em>ὑὲ</em></strong></span> <span class='ocrx_word' id='word_1_250' title='bbox 903 2401 966 2459; x_wconf 79' lang='grc' dir='ltr'><strong><em>οὐδ’</em></strong></span> <span class='ocrx_word' id='word_1_251' title='bbox 989 2408 1069 2472; x_wconf 82' lang='grc' dir='ltr'><strong><em>αὐτή.</em></strong></span> <span class='ocrx_word' id='word_1_252' title='bbox 1103 2405 1120 2458; x_wconf 80' lang='grc' dir='ltr'><strong><em>ἀ</em></strong></span> <span class='ocrx_word' id='word_1_253' title='bbox 1144 2407 1199 2478; x_wconf 84' lang='grc' dir='ltr'><strong><em>χρὴ</em></strong></span> <span class='ocrx_word' id='word_1_254' title='bbox 1226 2416 1417 2459; x_wconf 80' lang='grc' dir='ltr'><strong><em>κατανοοῦντα</em></strong></span> 
     </span>
     <span class='ocr_line' id='line_1_24' title="bbox 297 2489 1417 2568; baseline 0.004 -25"><span class='ocrx_word' id='word_1_255' title='bbox 297 2493 338 2562; x_wconf 85' lang='grc' dir='ltr'><strong><em>μή</em></strong></span> <span class='ocrx_word' id='word_1_256' title='bbox 363 2498 548 2562; x_wconf 85' lang='grc' dir='ltr'><strong><em>καταφρονεῖν</em></strong></span> <span class='ocrx_word' id='word_1_257' title='bbox 575 2504 629 2546; x_wconf 88' lang='grc' dir='ltr'><strong><em>τῶν</em></strong></span> <span class='ocrx_word' id='word_1_258' title='bbox 647 2495 786 2565; x_wconf 88' lang='grc' dir='ltr'><strong><em>ἀοράτων,</em></strong></span> <span class='ocrx_word' id='word_1_259' title='bbox 815 2489 871 2547; x_wconf 75' lang='grc' dir='ltr'><strong><em>ἀλλ’</em></strong></span> <span class='ocrx_word' id='word_1_260' title='bbox 893 2495 922 2548; x_wconf 71' lang='grc' dir='ltr'><strong><em>ἐκ</em></strong></span> <span class='ocrx_word' id='word_1_261' title='bbox 949 2505 1002 2547; x_wconf 85' lang='grc' dir='ltr'><strong><em>τῶν</em></strong></span> <span class='ocrx_word' id='word_1_262' title='bbox 1020 2499 1192 2567; x_wconf 89' lang='grc' dir='ltr'><strong><em>γιγνομένων</em></strong></span> <span class='ocrx_word' id='word_1_263' title='bbox 1219 2497 1268 2562; x_wconf 78' lang='grc' dir='ltr'><strong><em>τὴν</em></strong></span> <span class='ocrx_word' id='word_1_264' title='bbox 1292 2495 1417 2568; x_wconf 72' lang='grc' dir='ltr'><strong><em>δύναμιν</em></strong></span> 
     </span>
     <span class='ocr_line' id='line_1_25' title="bbox 299 2582 1417 2656; baseline 0.005 -24"><span class='ocrx_word' id='word_1_265' title='bbox 299 2582 389 2633; x_wconf 81' lang='grc' dir='ltr'><strong><em>αὐτῶν</em></strong></span> <span class='ocrx_word' id='word_1_266' title='bbox 406 2585 659 2653; x_wconf 70' lang='grc' dir='ltr'><strong><em>καταμανθάνοντα</em></strong></span> <span class='ocrx_word' id='word_1_267' title='bbox 682 2591 767 2656; x_wconf 83' lang='grc' dir='ltr'><strong><em>τιμᾶν</em></strong></span> <span class='ocrx_word' id='word_1_268' title='bbox 785 2585 817 2636; x_wconf 87' lang='grc' dir='ltr'><strong><em>τὸ</em></strong></span> <span class='ocrx_word' id='word_1_269' title='bbox 841 2583 990 2655; x_wconf 75' lang='grc' dir='ltr'><strong><em>δαιμόνιον</em></strong></span> <span class='ocrx_word' id='word_1_270' title='bbox 1017 2584 1059 2650; x_wconf 67' lang='grc' dir='ltr'><strong><em>(οἱ.</em></strong></span> <span class='ocrx_word' id='word_1_271' title='bbox 1078 2583 1195 2647; x_wconf 79' lang='lat' dir='ltr'>Krische,</span> <span class='ocrx_word' id='word_1_272' title='bbox 1215 2583 1417 2652; x_wconf 67' lang='lat' dir='ltr'><strong><em>Forschunqen</em></strong></span> 
     </span>
    </p>

    <p class='ocr_par' dir='ltr' id='par_1_3' title="bbox 297 2668 464 2740">
     <span class='ocr_line' id='line_1_26' title="bbox 297 2668 464 2740; baseline 0.012 -18"><span class='ocrx_word' id='word_1_273' title='bbox 297 2685 323 2740; x_wconf 84' lang='lat' dir='ltr'><strong><em>p.</em></strong></span> <span class='ocrx_word' id='word_1_274' title='bbox 343 2668 464 2738; x_wconf 74' lang='lat' dir='ltr'>215sq.).</span> 
     </span>
    </p>

    <p class='ocr_par' dir='ltr' id='par_1_4' title="bbox 297 2775 1415 3116">
     <span class='ocr_line' id='line_1_27' title="bbox 369 2775 1415 2850; baseline 0.001 -21"><span class='ocrx_word' id='word_1_275' title='bbox 369 2775 398 2830; x_wconf 78' lang='lat' dir='ltr'><strong><em>d.</em></strong></span> <span class='ocrx_word' id='word_1_276' title='bbox 424 2775 545 2830; x_wconf 77' lang='lat' dir='ltr'>Socrates</span> <span class='ocrx_word' id='word_1_277' title='bbox 567 2792 609 2846; x_wconf 78' lang='lat' dir='ltr'><strong><em>ap.</em></strong></span> <span class='ocrx_word' id='word_1_278' title='bbox 628 2775 697 2830; x_wconf 79' lang='lat' dir='ltr'><strong>Plat.</strong></span> <span class='ocrx_word' id='word_1_279' title='bbox 722 2777 820 2830; x_wconf 67' lang='lat' dir='ltr'><strong>Phaod.</strong></span> <span class='ocrx_word' id='word_1_280' title='bbox 845 2776 911 2832; x_wconf 76' lang='grc'><strong><em>970</em></strong></span> <span class='ocrx_word' id='word_1_281' title='bbox 934 2783 981 2831; x_wconf 79' lang='grc' dir='ltr'><strong><em>καὶ</em></strong></span> <span class='ocrx_word' id='word_1_282' title='bbox 999 2778 1080 2842; x_wconf 79' lang='grc' dir='ltr'><strong><em>ἔόοξέ</em></strong></span> <span class='ocrx_word' id='word_1_283' title='bbox 1099 2799 1152 2850; x_wconf 90' lang='grc' dir='ltr'><strong><em>μοι</em></strong></span> <span class='ocrx_word' id='word_1_284' title='bbox 1175 2780 1279 2850; x_wconf 87' lang='grc' dir='ltr'><strong><em>τρόπον</em></strong></span> <span class='ocrx_word' id='word_1_285' title='bbox 1303 2781 1366 2832; x_wconf 87' lang='grc' dir='ltr'><strong><em>τινὰ</em></strong></span> <span class='ocrx_word' id='word_1_286' title='bbox 1386 2777 1415 2833; x_wconf 82' lang='grc' dir='ltr'><strong><em>εὖ</em></strong></span> 
     </span>
     <span class='ocr_line' id='line_1_28' title="bbox 298 2863 1415 2938; baseline 0.002 -20"><span class='ocrx_word' id='word_1_287' title='bbox 298 2865 371 2935; x_wconf 76' lang='grc' dir='ltr'><strong><em>ἔχειν</em></strong></span> <span class='ocrx_word' id='word_1_288' title='bbox 389 2867 420 2918; x_wconf 86' lang='grc' dir='ltr'><strong><em>τὸ</em></strong></span> <span class='ocrx_word' id='word_1_289' title='bbox 439 2867 487 2918; x_wconf 85' lang='grc' dir='ltr'><strong><em>τὸν</em></strong></span> <span class='ocrx_word' id='word_1_290' title='bbox 510 2875 577 2918; x_wconf 81' lang='grc' dir='ltr'><strong><em>νοὺν</em></strong></span> <span class='ocrx_word' id='word_1_291' title='bbox 604 2866 675 2920; x_wconf 73' lang='grc' dir='ltr'><strong><em>εἶναι</em></strong></span> <span class='ocrx_word' id='word_1_292' title='bbox 703 2869 815 2919; x_wconf 90' lang='grc' dir='ltr'><strong><em>πάντων</em></strong></span> <span class='ocrx_word' id='word_1_293' title='bbox 834 2871 932 2932; x_wconf 80' lang='grc' dir='ltr'><strong><em>αἴτιον,</em></strong></span> <span class='ocrx_word' id='word_1_294' title='bbox 951 2870 998 2921; x_wconf 85' lang='grc' dir='ltr'><strong><em>καὶ</em></strong></span> <span class='ocrx_word' id='word_1_295' title='bbox 1016 2869 1168 2938; x_wconf 81' lang='grc' dir='ltr'><strong><em>ἡγησάμην,</em></strong></span> <span class='ocrx_word' id='word_1_296' title='bbox 1187 2873 1212 2921; x_wconf 80' lang='grc' dir='ltr'><strong><em>εἰ</em></strong></span> <span class='ocrx_word' id='word_1_297' title='bbox 1230 2863 1305 2921; x_wconf 83' lang='grc' dir='ltr'><strong><em>τοῦθ’</em></strong></span> <span class='ocrx_word' id='word_1_298' title='bbox 1329 2869 1415 2928; x_wconf 84' lang='grc' dir='ltr'><strong><em>οὕτως</em></strong></span> 
     </span>
     <span class='ocr_line' id='line_1_29' title="bbox 298 2953 1413 3030; baseline 0.004 -24"><span class='ocrx_word' id='word_1_299' title='bbox 298 2953 361 3022; x_wconf 78' lang='grc' dir='ltr'><strong><em>ἔχει,</em></strong></span> <span class='ocrx_word' id='word_1_300' title='bbox 381 2955 429 3006; x_wconf 87' lang='grc' dir='ltr'><strong><em>τόν</em></strong></span> <span class='ocrx_word' id='word_1_301' title='bbox 447 2973 477 3023; x_wconf 86' lang='grc' dir='ltr'><strong><em>γε</em></strong></span> <span class='ocrx_word' id='word_1_302' title='bbox 496 2964 562 3007; x_wconf 86' lang='grc' dir='ltr'><strong><em>νοῦν</em></strong></span> <span class='ocrx_word' id='word_1_303' title='bbox 580 2965 739 3028; x_wconf 83' lang='grc' dir='ltr'><strong><em>κοσμοῦντα</em></strong></span> <span class='ocrx_word' id='word_1_304' title='bbox 759 2958 850 3008; x_wconf 90' lang='grc' dir='ltr'><strong><em>πάντα</em></strong></span> <span class='ocrx_word' id='word_1_305' title='bbox 869 2962 986 3028; x_wconf 86' lang='grc' dir='ltr'><strong><em>κοσμεῖν</em></strong></span> <span class='ocrx_word' id='word_1_306' title='bbox 1003 2961 1049 3009; x_wconf 78' lang='grc' dir='ltr'><strong><em>καὶ</em></strong></span> <span class='ocrx_word' id='word_1_307' title='bbox 1064 2956 1179 3010; x_wconf 77' lang='grc' dir='ltr'><strong><em>ἕκαστον</em></strong></span> <span class='ocrx_word' id='word_1_308' title='bbox 1198 2961 1305 3010; x_wconf 88' lang='grc' dir='ltr'><strong><em>τιθέναι</em></strong></span> <span class='ocrx_word' id='word_1_309' title='bbox 1320 2960 1413 3030; x_wconf 75' lang='grc' dir='ltr'><strong><em>ταύτῃ,</em></strong></span> 
     </span>
     <span class='ocr_line' id='line_1_30' title="bbox 297 3041 622 3116; baseline 0.006 -23"><span class='ocrx_word' id='word_1_310' title='bbox 297 3041 352 3112; x_wconf 81' lang='grc' dir='ltr'><strong><em>ὅπη</em></strong></span> <span class='ocrx_word' id='word_1_311' title='bbox 371 3045 406 3094; x_wconf 84' lang='grc' dir='ltr'><strong><em>ἀν</em></strong></span> <span class='ocrx_word' id='word_1_312' title='bbox 422 3045 549 3110; x_wconf 80' lang='grc' dir='ltr'><strong><em>βέλτιστα</em></strong></span> <span class='ocrx_word' id='word_1_313' title='bbox 568 3044 622 3116; x_wconf 76' lang='grc' dir='ltr'><strong><em>ἔχη.</em></strong></span> 
     </span>
    </p>
   </div>
   <div class='ocr_carea' id='block_1_3' title="bbox 77 3237 1468 4069">
    <p class='ocr_par' dir='ltr' id='par_1_5' title="bbox 77 3237 1468 3433">
     <span class='ocr_line' id='line_1_31' title="bbox 362 3237 1468 3326; baseline 0.004 -24"><span class='ocrx_word' id='word_1_314' title='bbox 362 3239 441 3302; x_wconf 80' lang='lat' dir='ltr'>Xen.</span> <span class='ocrx_word' id='word_1_315' title='bbox 465 3237 560 3302; x_wconf 83' lang='lat' dir='ltr'><strong>Mem.</strong></span> <span class='ocrx_word' id='word_1_316' title='bbox 583 3238 600 3302; x_wconf 97' lang='lat' dir='ltr'>I</span> <span class='ocrx_word' id='word_1_317' title='bbox 626 3248 660 3318; x_wconf 86' lang='lat'><strong><em>1,</em></strong></span> <span class='ocrx_word' id='word_1_318' title='bbox 691 3247 741 3305; x_wconf 92' lang='grc'><strong><em>19.</em></strong></span> <span class='ocrx_word' id='word_1_319' title='bbox 787 3237 857 3304; x_wconf 88' lang='grc' dir='ltr'><strong><em>Καὶ</em></strong></span> <span class='ocrx_word' id='word_1_320' title='bbox 880 3240 940 3326; x_wconf 83' lang='grc' dir='ltr'><strong><em>γὰρ</em></strong></span> <span class='ocrx_word' id='word_1_321' title='bbox 965 3237 1198 3322; x_wconf 76' lang='grc' dir='ltr'><strong><em>ἐπιμελεῖσθαι</em></strong></span> <span class='ocrx_word' id='word_1_322' title='bbox 1222 3242 1320 3318; x_wconf 77' lang='grc' dir='ltr'><strong><em>θεοὺς</em></strong></span> <span class='ocrx_word' id='word_1_323' title='bbox 1343 3241 1414 3306; x_wconf 80' lang='grc' dir='ltr'><strong><em>ἐνό-</em></strong></span> <span class='ocrx_word' id='word_1_324' title='bbox 1427 3243 1468 3282; x_wconf 78' lang='lat'><strong><em>¹⁹⁸</em></strong></span> 
     </span>
     <span class='ocr_line' id='line_1_32' title="bbox 77 3341 1414 3433; baseline 0.004 -26"><span class='ocrx_word' id='word_1_325' title='bbox 77 3341 116 3382; x_wconf 66' lang='lat'><strong><em>⁴¹³³</em></strong></span> <span class='ocrx_word' id='word_1_326' title='bbox 130 3341 201 3386; x_wconf 45' lang='grc' dir='ltr'><strong><em>Μὴ</em></strong></span> <span class='ocrx_word' id='word_1_327' title='bbox 215 3342 387 3426; x_wconf 57' lang='grc' dir='ltr'><strong><em>Βοίιυι*μιζεν</em></strong></span> <span class='ocrx_word' id='word_1_328' title='bbox 414 3343 601 3431; x_wconf 86' lang='grc' dir='ltr'><strong><em>ἀνθρώπων</em></strong></span> <span class='ocrx_word' id='word_1_329' title='bbox 624 3343 679 3427; x_wconf 82' lang='grc' dir='ltr'><strong><em>οὑχ</em></strong></span> <span class='ocrx_word' id='word_1_330' title='bbox 701 3341 737 3411; x_wconf 81' lang='grc' dir='ltr'><strong><em>ὃν</em></strong></span> <span class='ocrx_word' id='word_1_331' title='bbox 758 3345 881 3433; x_wconf 84' lang='grc' dir='ltr'><strong><em>τρόπον</em></strong></span> <span class='ocrx_word' id='word_1_332' title='bbox 903 3342 935 3411; x_wconf 80' lang='grc' dir='ltr'><strong><em>οὶ</em></strong></span> <span class='ocrx_word' id='word_1_333' title='bbox 955 3345 1074 3412; x_wconf 80' lang='grc' dir='ltr'><strong><em>πολλοὶ</em></strong></span> <span class='ocrx_word' id='word_1_334' title='bbox 1097 3345 1300 3430; x_wconf 85' lang='grc' dir='ltr'><strong><em>νομίζουσιν·</em></strong></span> <span class='ocrx_word' id='word_1_335' title='bbox 1324 3341 1414 3413; x_wconf 82' lang='grc' dir='ltr'><strong><em>οὑτοι</em></strong></span> 
     </span>
    </p>

    <p class='ocr_par' dir='ltr' id='par_1_6' title="bbox 294 3447 1415 3968">
     <span class='ocr_line' id='line_1_33' title="bbox 294 3447 1414 3538; baseline 0.005 -24"><span class='ocrx_word' id='word_1_336' title='bbox 294 3448 354 3534; x_wconf 79' lang='grc' dir='ltr'><strong><em>μὲν</em></strong></span> <span class='ocrx_word' id='word_1_337' title='bbox 376 3451 436 3538; x_wconf 86' lang='grc' dir='ltr'><strong><em>γάρ</em></strong></span> <span class='ocrx_word' id='word_1_338' title='bbox 453 3447 579 3517; x_wconf 78' lang='grc' dir='ltr'><strong><em>οἴονται</em></strong></span> <span class='ocrx_word' id='word_1_339' title='bbox 595 3454 669 3530; x_wconf 79' lang='grc' dir='ltr'><strong><em>τοὺς</em></strong></span> <span class='ocrx_word' id='word_1_340' title='bbox 684 3453 782 3530; x_wconf 86' lang='grc' dir='ltr'><strong><em>θεοὺς</em></strong></span> <span class='ocrx_word' id='word_1_341' title='bbox 803 3451 920 3536; x_wconf 76' lang='grc' dir='ltr'><strong><em>τὰμὲν</em></strong></span> <span class='ocrx_word' id='word_1_342' title='bbox 942 3448 1063 3518; x_wconf 80' lang='grc' dir='ltr'><strong><em>εἰδέναι</em></strong></span> <span class='ocrx_word' id='word_1_343' title='bbox 1085 3455 1129 3518; x_wconf 84' lang='grc' dir='ltr'><strong><em>τὰ</em></strong></span> <span class='ocrx_word' id='word_1_344' title='bbox 1144 3450 1174 3518; x_wconf 84' lang='grc' dir='ltr'><strong><em>δ’</em></strong></span> <span class='ocrx_word' id='word_1_345' title='bbox 1196 3452 1254 3520; x_wconf 82' lang='grc' dir='ltr'><strong><em>οὐκ</em></strong></span> <span class='ocrx_word' id='word_1_346' title='bbox 1277 3451 1414 3520; x_wconf 80' lang='grc' dir='ltr'><strong><em>εἰδέναι·</em></strong></span> 
     </span>
     <span class='ocr_line' id='line_1_34' title="bbox 296 3555 1414 3647; baseline 0.004 -25"><span class='ocrx_word' id='word_1_347' title='bbox 296 3556 470 3646; x_wconf 78' lang='grc' dir='ltr'><strong><em>Σωκράτης</em></strong></span> <span class='ocrx_word' id='word_1_348' title='bbox 492 3557 529 3624; x_wconf 82' lang='grc' dir='ltr'><strong><em>δὲ</em></strong></span> <span class='ocrx_word' id='word_1_349' title='bbox 544 3558 654 3624; x_wconf 85' lang='grc' dir='ltr'><strong><em>πάντα</em></strong></span> <span class='ocrx_word' id='word_1_350' title='bbox 676 3557 736 3642; x_wconf 79' lang='grc' dir='ltr'><strong><em>μὲν</em></strong></span> <span class='ocrx_word' id='word_1_351' title='bbox 751 3561 859 3647; x_wconf 84' lang='grc' dir='ltr'><strong><em>ήγεῖτο</em></strong></span> <span class='ocrx_word' id='word_1_352' title='bbox 881 3559 979 3637; x_wconf 85' lang='grc' dir='ltr'><strong><em>θεοὺς</em></strong></span> <span class='ocrx_word' id='word_1_353' title='bbox 993 3555 1122 3641; x_wconf 80' lang='grc' dir='ltr'><strong><em>εἰδέναι,</em></strong></span> <span class='ocrx_word' id='word_1_354' title='bbox 1145 3560 1187 3625; x_wconf 85' lang='grc' dir='ltr'><strong><em>τά</em></strong></span> <span class='ocrx_word' id='word_1_355' title='bbox 1209 3585 1244 3626; x_wconf 87' lang='grc' dir='ltr'><strong><em>τε</em></strong></span> <span class='ocrx_word' id='word_1_356' title='bbox 1259 3561 1414 3646; x_wconf 82' lang='grc' dir='ltr'><strong><em>λεγόμενα</em></strong></span> 
     </span>
     <span class='ocr_line' id='line_1_35' title="bbox 295 3661 1415 3754; baseline 0.006 -26"><span class='ocrx_word' id='word_1_357' title='bbox 295 3661 353 3729; x_wconf 83' lang='grc' dir='ltr'><strong><em>καὶ</em></strong></span> <span class='ocrx_word' id='word_1_358' title='bbox 388 3665 596 3752; x_wconf 86' lang='grc' dir='ltr'><strong><em>πραττόμενα</em></strong></span> <span class='ocrx_word' id='word_1_359' title='bbox 630 3664 689 3731; x_wconf 86' lang='grc' dir='ltr'><strong><em>καὶ</em></strong></span> <span class='ocrx_word' id='word_1_360' title='bbox 723 3665 764 3730; x_wconf 78' lang='grc' dir='ltr'><strong><em>τό</em></strong></span> <span class='ocrx_word' id='word_1_361' title='bbox 798 3664 875 3754; x_wconf 79' lang='grc' dir='ltr'><strong><em>σιγῇ</em></strong></span> <span class='ocrx_word' id='word_1_362' title='bbox 908 3665 1138 3750; x_wconf 79' lang='grc' dir='ltr'><strong><em>βουλευόμενα,</em></strong></span> <span class='ocrx_word' id='word_1_363' title='bbox 1173 3679 1344 3750; x_wconf 83' lang='grc' dir='ltr'><strong><em>πανταχοῦ</em></strong></span> <span class='ocrx_word' id='word_1_364' title='bbox 1378 3667 1415 3735; x_wconf 79' lang='grc' dir='ltr'><strong><em>δὲ</em></strong></span> 
     </span>
     <span class='ocr_line' id='line_1_36' title="bbox 294 3761 1415 3862; baseline 0.004 -27"><span class='ocrx_word' id='word_1_365' title='bbox 294 3775 450 3858; x_wconf 87' lang='grc' dir='ltr'><strong><em>παρεῖναι</em></strong></span> <span class='ocrx_word' id='word_1_366' title='bbox 465 3769 522 3837; x_wconf 83' lang='grc' dir='ltr'><strong><em>καὶ</em></strong></span> <span class='ocrx_word' id='word_1_367' title='bbox 538 3768 706 3860; x_wconf 85' lang='grc' dir='ltr'><strong><em>σημαίνειν</em></strong></span> <span class='ocrx_word' id='word_1_368' title='bbox 720 3773 791 3851; x_wconf 85' lang='grc' dir='ltr'><strong><em>τοῖς</em></strong></span> <span class='ocrx_word' id='word_1_369' title='bbox 806 3771 1000 3858; x_wconf 83' lang='grc' dir='ltr'><strong><em>ἀνθρώποις</em></strong></span> <span class='ocrx_word' id='word_1_370' title='bbox 1023 3761 1101 3861; x_wconf 80' lang='grc' dir='ltr'><strong><em>περὶ</em></strong></span> <span class='ocrx_word' id='word_1_371' title='bbox 1116 3787 1181 3839; x_wconf 87' lang='grc' dir='ltr'><strong><em>τῶν</em></strong></span> <span class='ocrx_word' id='word_1_372' title='bbox 1196 3773 1415 3862; x_wconf 84' lang='grc' dir='ltr'><strong><em>ἀνθρωπείων</em></strong></span> 
     </span>
     <span class='ocr_line' id='line_1_37' title="bbox 294 3877 436 3968; baseline 0.007 -26"><span class='ocrx_word' id='word_1_373' title='bbox 294 3877 436 3968; x_wconf 88' lang='grc' dir='ltr'><strong><em>πάντων.</em></strong></span> 
     </span>
    </p>

    <p class='ocr_par' dir='ltr' id='par_1_7' title="bbox 366 4001 624 4069">
     <span class='ocr_line' id='line_1_38' title="bbox 366 4001 624 4069; baseline 0 -12"><span class='ocrx_word' id='word_1_374' title='bbox 366 4001 404 4057; x_wconf 80' lang='lat' dir='ltr'><strong><em>cf.</em></strong></span> <span class='ocrx_word' id='word_1_375' title='bbox 423 4002 486 4057; x_wconf 85' lang='lat' dir='ltr'><strong>ibid.</strong></span> <span class='ocrx_word' id='word_1_376' title='bbox 504 4003 518 4055; x_wconf 91' lang='lat'>1</span> <span class='ocrx_word' id='word_1_377' title='bbox 536 4005 562 4069; x_wconf 83' lang='lat'><strong><em>4,</em></strong></span> <span class='ocrx_word' id='word_1_378' title='bbox 582 4005 624 4058; x_wconf 84' lang='lat'><strong><em>18.</em></strong></span> 
     </span>
    </p>
   </div>
   <div class='ocr_carea' id='block_1_4' title="bbox 294 4152 1469 4574">
    <p class='ocr_par' dir='ltr' id='par_1_8' title="bbox 294 4152 1469 4574">
     <span class='ocr_line' id='line_1_39' title="bbox 361 4152 1469 4255; baseline -0.001 -27"><span class='ocrx_word' id='word_1_379' title='bbox 361 4163 444 4228; x_wconf 80' lang='lat' dir='ltr'><strong>Plat.</strong></span> <span class='ocrx_word' id='word_1_380' title='bbox 467 4165 556 4248; x_wconf 88' lang='lat' dir='ltr'>Apol.</span> <span class='ocrx_word' id='word_1_381' title='bbox 580 4173 623 4230; x_wconf 88' lang='grc'><strong><em>40</em></strong></span> <span class='ocrx_word' id='word_1_382' title='bbox 636 4163 669 4230; x_wconf 86' lang='lat' dir='ltr'><strong><em>C.</em></strong></span> <span class='ocrx_word' id='word_1_383' title='bbox 713 4152 926 4252; x_wconf 81' lang='grc' dir='ltr'><strong><em>Ἐννοήσωμεν</em></strong></span> <span class='ocrx_word' id='word_1_384' title='bbox 955 4162 991 4230; x_wconf 81' lang='grc' dir='ltr'><strong><em>δὲ</em></strong></span> <span class='ocrx_word' id='word_1_385' title='bbox 1018 4162 1076 4230; x_wconf 83' lang='grc' dir='ltr'><strong><em>καὶ</em></strong></span> <span class='ocrx_word' id='word_1_386' title='bbox 1104 4162 1197 4252; x_wconf 83' lang='grc' dir='ltr'><strong><em>τῇδε,</em></strong></span> <span class='ocrx_word' id='word_1_387' title='bbox 1232 4165 1276 4244; x_wconf 83' lang='grc' dir='ltr'><strong><em>ὡς</em></strong></span> <span class='ocrx_word' id='word_1_388' title='bbox 1306 4166 1413 4255; x_wconf 78' lang='grc' dir='ltr'><strong><em>πολλή</em></strong></span> <span class='ocrx_word' id='word_1_389' title='bbox 1427 4187 1469 4228; x_wconf 82' lang='grc' dir='ltr'><strong><em>ιω</em></strong></span> 
     </span>
     <span class='ocr_line' id='line_1_40' title="bbox 295 4261 1413 4360; baseline 0.004 -26"><span class='ocrx_word' id='word_1_390' title='bbox 295 4265 392 4346; x_wconf 76' lang='grc' dir='ltr'><strong><em>ἐλπίς</em></strong></span> <span class='ocrx_word' id='word_1_391' title='bbox 426 4268 513 4336; x_wconf 81' lang='grc' dir='ltr'><strong><em>ἐστιν</em></strong></span> <span class='ocrx_word' id='word_1_392' title='bbox 541 4269 668 4356; x_wconf 86' lang='grc' dir='ltr'><strong><em>ἀγαθὸν</em></strong></span> <span class='ocrx_word' id='word_1_393' title='bbox 702 4268 781 4336; x_wconf 80' lang='grc' dir='ltr'><strong><em>αὐτὸ</em></strong></span> <span class='ocrx_word' id='word_1_394' title='bbox 815 4269 866 4357; x_wconf 84' lang='grc' dir='ltr'><strong><em>(τό</em></strong></span> <span class='ocrx_word' id='word_1_395' title='bbox 895 4269 1067 4358; x_wconf 82' lang='grc' dir='ltr'><strong><em>τεθνάναι)</em></strong></span> <span class='ocrx_word' id='word_1_396' title='bbox 1100 4261 1192 4338; x_wconf 80' lang='grc' dir='ltr'><strong><em>εἶναι.</em></strong></span> <span class='ocrx_word' id='word_1_397' title='bbox 1229 4272 1317 4339; x_wconf 80' lang='grc' dir='ltr'><strong><em>δυοῖν</em></strong></span> <span class='ocrx_word' id='word_1_398' title='bbox 1351 4275 1413 4360; x_wconf 83' lang='grc' dir='ltr'><strong><em>γὰρ</em></strong></span> 
     </span>
     <span class='ocr_line' id='line_1_41' title="bbox 295 4365 1414 4468; baseline 0.005 -28"><span class='ocrx_word' id='word_1_399' title='bbox 295 4374 436 4462; x_wconf 84' lang='grc' dir='ltr'><strong><em>θάτερόν</em></strong></span> <span class='ocrx_word' id='word_1_400' title='bbox 458 4376 529 4443; x_wconf 79' lang='grc' dir='ltr'><strong><em>ἐστι</em></strong></span> <span class='ocrx_word' id='word_1_401' title='bbox 550 4379 589 4443; x_wconf 85' lang='grc' dir='ltr'><strong><em>τὸ</em></strong></span> <span class='ocrx_word' id='word_1_402' title='bbox 604 4375 781 4444; x_wconf 86' lang='grc' dir='ltr'><strong><em>τεθνάναι·</em></strong></span> <span class='ocrx_word' id='word_1_403' title='bbox 804 4378 825 4466; x_wconf 81' lang='grc' dir='ltr'>ἢ</span> <span class='ocrx_word' id='word_1_404' title='bbox 853 4378 914 4464; x_wconf 83' lang='grc' dir='ltr'><strong><em>γὰρ</em></strong></span> <span class='ocrx_word' id='word_1_405' title='bbox 930 4365 999 4446; x_wconf 86' lang='grc' dir='ltr'><strong><em>οἷον</em></strong></span> <span class='ocrx_word' id='word_1_406' title='bbox 1020 4375 1120 4466; x_wconf 79' lang='grc' dir='ltr'><strong><em>μηδὲν</em></strong></span> <span class='ocrx_word' id='word_1_407' title='bbox 1143 4369 1227 4444; x_wconf 82' lang='grc' dir='ltr'><strong><em>εἶναι</em></strong></span> <span class='ocrx_word' id='word_1_408' title='bbox 1248 4367 1326 4468; x_wconf 74' lang='grc' dir='ltr'><strong><em>μηδ’</em></strong></span> <span class='ocrx_word' id='word_1_409' title='bbox 1358 4377 1414 4446; x_wconf 82' lang='grc' dir='ltr'><strong><em>αἴ-</em></strong></span> 
     </span>
     <span class='ocr_line' id='line_1_42' title="bbox 294 4479 1413 4574; baseline 0.006 -27"><span class='ocrx_word' id='word_1_410' title='bbox 294 4487 417 4570; x_wconf 87' lang='grc' dir='ltr'><strong><em>σθησιν</em></strong></span> <span class='ocrx_word' id='word_1_411' title='bbox 431 4480 590 4571; x_wconf 79' lang='grc' dir='ltr'><strong><em>μηδεμίαν</em></strong></span> <span class='ocrx_word' id='word_1_412' title='bbox 605 4484 740 4572; x_wconf 81' lang='grc' dir='ltr'><strong><em>μηδενὸς</em></strong></span> <span class='ocrx_word' id='word_1_413' title='bbox 759 4479 839 4566; x_wconf 63' lang='grc' dir='ltr'><strong><em>ἔχειν</em></strong></span> <span class='ocrx_word' id='word_1_414' title='bbox 853 4485 908 4550; x_wconf 88' lang='grc' dir='ltr'><strong><em>τὸν</em></strong></span> <span class='ocrx_word' id='word_1_415' title='bbox 923 4489 1098 4566; x_wconf 86' lang='grc' dir='ltr'><strong><em>τεθνεῶτα,</em></strong></span> <span class='ocrx_word' id='word_1_416' title='bbox 1121 4485 1141 4574; x_wconf 77' lang='grc' dir='ltr'>ἢ</span> <span class='ocrx_word' id='word_1_417' title='bbox 1164 4487 1249 4551; x_wconf 82' lang='grc' dir='ltr'><strong><em>κατὰ</em></strong></span> <span class='ocrx_word' id='word_1_418' title='bbox 1264 4488 1306 4552; x_wconf 82' lang='grc' dir='ltr'><strong><em>τὰ</em></strong></span> <span class='ocrx_word' id='word_1_419' title='bbox 1321 4486 1413 4572; x_wconf 78' lang='grc' dir='ltr'><strong><em>λεγό-</em></strong></span> 
     </span>
    </p>
   </div>
   <div class='ocr_carea' id='block_1_5' title="bbox 0 0 1570 4980">
    <p class='ocr_par' dir='ltr' id='par_1_9' title="bbox 0 0 1570 4980">
     <span class='ocr_line' id='line_1_43' title="bbox 0 0 1570 4980; baseline 0 3"><span class='ocrx_word' id='word_1_420' title='bbox 0 0 1570 4980; x_wconf 95' lang='lat' dir='ltr'><strong><em> </em></strong></span> 
     </span>
    </p>
   </div>
  </div>
 </body>
</html>
