3130 4980
318 346 372 408 270
837 353 921 408 Plato.

318 509 489 598 γλυκύτητι
517 507 554 575 δέ
582 507 622 598 τῇ
652 499 727 576 κατ’
753 510 855 578 ἐκεῖνο
885 512 1041 601 ξυμφότῳ
1071 514 1155 601 πρὸς
1186 512 1265 580 αὐτὸ
1293 513 1438 604 χρωμένη

317 615 375 682 καί
398 615 508 682 πάντα
532 614 620 704 όρθά
642 616 700 683 καί
723 618 795 684 λεῖα
819 617 919 685 αὐτοῦ
948 617 1006 685 καί
1029 619 1183 708 ἐλεύθερα
1206 619 1437 687 ἀπευθύνουσα

316 723 410 789 ίλειόν
433 748 468 789 τε
490 723 547 789 καὶ
570 722 720 813 εὐήμερον
743 727 838 792 ποιοῖ
860 727 916 814 τίγν
931 724 1008 814 περί
1030 727 1069 792 τδ
1091 719 1183 815 ἧπαρ
1199 739 1304 815 ψυχῆς
1317 730 1437 815 μοῖραν

316 827 574 918 κατῳκισμένην,
610 825 642 896 έν
672 855 708 898 τε
743 830 785 922 τῇ
813 829 904 898 νυκτί
934 832 1096 922 διαγωγὴν
1131 829 1265 916 ἔχουσαν
1291 830 1436 920 μετρίαν,

315 934 452 1024 μαντείᾳ
473 934 637 1025 χρωμένην
659 926 744 1003 καθ’
770 939 885 1020 ὕπνον,
918 935 1032 1028 ἐπειδὴ
1055 938 1150 1024 λόγου
1173 938 1231 1004 καί
1254 939 1437 1028 φρονήσεως

317 1041 353 1109 οὐ
375 1047 508 1126 μετεῖχε.
554 1041 751 1132 μεμνημένοι
779 1045 840 1133 γάρ
869 1057 927 1134 τῆς
957 1055 1015 1111 τοῦ
1043 1046 1171 1134 πατρὸς
1200 1045 1376 1133 ἐπιστολῆς
1404 1041 1437 1111 οῖ

316 1149 519 1230 ξυνιστάντες
541 1151 634 1237 ἡμᾶς,
659 1150 712 1216 ὅτε
734 1152 772 1216 τὸ
794 1153 917 1239 θνητὸν
939 1149 1112 1218 ἐπέστελλε
1135 1150 1222 1237 γένος
1245 1153 1290 1230 ὡς
1305 1151 1436 1238 άριστον

315 1253 362 1335 εἷς
385 1256 520 1340 δύναμιν
547 1260 668 1336 ποιεῖν,
704 1258 787 1322 οὕτω
817 1258 856 1345 δὴ
886 1263 1124 1346 κατορθοῦντες
1157 1256 1215 1323 καὶ
1245 1259 1283 1324 τὸ
1313 1258 1435 1346 φαῦλον

315 1366 419 1451 ῆμῶν,
442 1363 496 1428 ἵνα
520 1359 679 1450 ἀληθείας
702 1389 750 1451 πη
773 1363 1019 1450 προσάπτοιτο,
1050 1362 1253 1452 κατέστησαν
1276 1363 1309 1430 ἐν
1332 1364 1434 1451 τούτῳ

315 1471 353 1536 τδ
375 1472 551 1552 μαντεῖονῆ.
599 1465 708 1535 ἱκανὸν
731 1467 767 1534 δέ
789 1473 921 1558 σημεῖον
944 1471 988 1548 ὡς
1005 1471 1163 1558 μαντικὴν
1178 1468 1342 1560 ἀφροσύνη
1356 1471 1434 1548 θεὸς
1539 1499 1543 1510 ·

315 1572 507 1663 ἀνθρωπίνη
531 1574 682 1642 δέδωκεν·
728 1574 831 1654 οὐδεὶς
854 1578 915 1663 γὰρ
938 1572 1045 1654 ἔννους
1068 1575 1256 1665 ἐφάπτεται
1277 1590 1433 1664 μαντικῆς

315 1679 430 1748 ἐνθέου
453 1680 511 1748 καὶ
534 1682 688 1769 ἀληθοῦς,
711 1671 783 1747 ἀλλ’
809 1683 829 1770 ἢ
857 1671 943 1748 καθ>
969 1685 1070 1750 όπνον
1092 1685 1150 1772 τὴν
1171 1696 1228 1771 τῆς
1251 1683 1433 1772 φρονήσεως
1541 1709 1543 1758 j

314 1786 474 1876 πεδηθείς
507 1787 641 1871 δύναμιν
675 1789 694 1875 ἢ
728 1788 784 1854 διά
818 1789 910 1855 νόσον
944 1791 964 1878 ἢ
998 1789 1054 1856 διά
1087 1813 1161 1855 τινα
1196 1788 1433 1873 ἐνθουσιασμόν

314 1893 538 1982 παραλλάξας.
1542 1897 1543 1904 '

384 2069 413 2109 a.
432 2054 553 2109 Alterum
571 2058 613 2109 est
627 2055 796 2109 divinationis
813 2072 904 2124 genus,
924 2055 993 2126 quod
1012 2057 1044 2109 ab
1063 2056 1146 2126 ipsius
1164 2056 1261 2110 mentis
1274 2055 1362 2108 divina
1376 2072 1432 2108 oon·
1461 2093 1468 2108 .

313 2144 437 2198 citatione
455 2145 599 2215 ropetitur,
623 2145 640 2199 i.
660 2161 681 2200 ε.
702 2145 912 2210 enthusiasmns‚
932 2143 964 2198 cf.
984 2144 1095 2198 Phaedr.
1114 2143 1259 2214 244Asq.‚
1279 2143 1431 2213 265Asq.;
1542 2141 1543 2150 ’

312 2233 450 2303 utriusque
468 2236 556 2286 autem
574 2233 677 2302 generis
695 2233 822 2286 vaticinia
837 2233 1009 2303 interpretari
1029 2234 1140 2287 rationis
1158 2237 1207 2301 est,
1226 2233 1293 2287 iim.
1313 2232 1386 2287 7an

185 2523 200 2618 ¹„
215 2535 259 2618 ,3,
379 2536 458 2601 Tim.
484 2542 525 2601 87
539 2534 572 2600 O.
618 2538 693 2598 Πᾶν
715 2533 754 2620 δὴ
778 2533 816 2598 τὸ
838 2531 967 2618 ἀγαθόν
989 2533 1098 2612 καλόν,
1129 2535 1168 2600 τὸ
1191 2533 1227 2601 δὲ
1250 2535 1351 2600 καλὸν
1374 2532 1474 2600 otium

149 2641 176 2670 ⁰¹¹
218 2631 294 2672 Μ’
314 2641 477 2728 άμετρονῆ
523 2638 579 2705 καί
614 2638 696 2725 ζῷον
730 2635 784 2705 οὖν
818 2640 856 2704 τὸ
890 2650 1037 2706 τοιοῦτον
1071 2638 1219 2723 ἐσόμενον
1252 2639 1431 2728 ξύμμετρον

310 2747 440 2815 θετέον·
486 2746 687 2832 ξυμμετριων
710 2743 747 2811 δέ
769 2747 811 2811 τά
833 2744 894 2828 μέν
917 2749 1041 2834 σμικρά
1064 2746 1333 2830 διαισθανόμενοι
1355 2746 1430 2825 ξυλ-

311 2854 520 2941 λογιζόμεθα,
543 2855 585 2918 τὰ
608 2851 645 2918 δὲ
667 2853 853 2941 κυριώτατα
876 2851 934 2918 καί
951 2851 1090 2938 μέγιστα
1113 2849 1292 2938 ἀλογίστως
1309 2848 1429 2934 ἔχομεν.

311 2961 396 3047 πρὸς
419 2961 479 3046 γάρ
502 2957 625 3047 ῆγιείας
654 2957 712 3024 καὶ
742 2958 854 3036 νόσους
876 2958 993 3046 ἀρετάς
1016 2983 1051 3024 τε
1074 2957 1132 3024 καί
1155 2955 1274 3035 κακίας
1297 2954 1430 3042 οὐδεμία

311 3063 490 3151 ξυμμετρία
520 3064 577 3130 καί
606 3062 743 3152 ἀμετρία
772 3062 892 3147 μείζων
914 3066 935 3153 ἢ
958 3077 1064 3152 ψυχῆς
1092 3063 1191 3153 αὐτῆς
1220 3065 1306 3150 πρὸς
1334 3077 1430 3147 σῶμα

311 3172 406 3239 αι’πό·
452 3168 496 3237 ὧν
519 3170 609 3237 οὐδέν
631 3182 815 3254 σκοποῦμεν
837 3159 909 3237 οὐδ’
935 3169 1109 3254 ἐννοοῦμεν,
1139 3171 1190 3238 ότι
1214 3173 1318 3258 ψυχὴν
1341 3166 1430 3251 ἰσχυ-

311 3284 371 3370 ράν
393 3279 450 3347 καί
473 3278 579 3366 πάντη
602 3277 744 3366 μεγάλην
759 3275 992 3365 ἀσθενέστερον
1015 3275 1073 3342 καί
1095 3272 1230 3344 ἔλαττον
1251 3269 1337 3355 εἶδος
1352 3277 1430 3342 ὅταν

310 3386 384 3477 ὀχῇ,
419 3385 477 3453 καί
508 3386 586 3452 ὅταν
609 3381 650 3450 αὖ
672 3381 857 3451 τοάναντίον
880 3383 1093 3472 ξυμπαγῆτον
1121 3384 1239 3465 τούτω,
1272 3383 1308 3450 οὐ
1332 3384 1429 3449 καλόν

311 3495 385 3560 ὅλον
407 3495 445 3559 τδ
469 3491 566 3580 ζῷον·
612 3491 813 3578 ἀξόμμετρον
836 3492 896 3578 γὰρ
920 3494 994 3568 ταῖς
1008 3487 1179 3576 μεγίσταις
1200 3487 1427 3577 ξυμμετρίαις·

310 3601 348 3666 τὸ
371 3589 403 3666 δ)
422 3597 575 3678 ἐναντίως
597 3594 668 3680 ἔχον
684 3597 816 3662 πάντων
832 3597 1012 3680 θεαμάτων
1027 3597 1075 3682 τῷ
1090 3594 1254 3682 δυναμένῳ
1279 3601 1428 3682 καθορᾶν

179 3720 274 3804 ⁰93⁸
310 3700 483 3774 κάλλιστον
511 3705 569 3772 καὶ
599 3703 851 3789 ἐρασμιώτατον.
885 3740 930 3752 -
969 3714 1010 3771 88
1023 3705 1060 3768 B.
1102 3700 1179 3769 Μία
1208 3703 1248 3791 δὴ
1283 3699 1427 3790 σωτηρία

309 3816 393 3903 πρὸς
416 3813 525 3902 ἀμφω,
549 3812 629 3899 μήτε
652 3811 708 3898 τὴν
726 3811 831 3898 ψυχὴν
853 3808 925 3875 άνευ
942 3810 1093 3892 σώματος
1116 3812 1215 3875 κινεῖν
1236 3809 1318 3896 μήτε
1333 3821 1426 3891 σῶμα

308 3922 380 3988 ἀνευ
405 3931 524 4008 ψυχῆς,
558 3919 613 3982 ἵνα
642 3915 828 4000 ἀμυνομένω
857 3912 1032 4004 γίγνησθον
1061 3912 1228 4003 ίσορρόπω
1258 3913 1316 3980 καὶ
1346 3915 1425 4002 ὑγιῆ.

308 4031 363 4095 τὸν
386 4027 425 4115 δη
448 4023 683 4112 μαθηματικόν
706 4020 725 4110 ἤ
748 4046 822 4088 τινα
852 4021 951 4110 άλλην
979 4021 1109 4110 σφόδρα
1138 4018 1274 4109 μελέτην
1297 4017 1426 4106 διανοίᾳ

308 4131 581 4220 κατεργαζόμενον
614 4127 672 4195 καί
705 4131 762 4217 τῆν
796 4139 854 4194 τοῦ
887 4128 1040 4212 σώματος
1074 4125 1254 4194 ἀποδοτέον
1292 4124 1424 4214 κίνησιν,

309 4239 509 4326 γυμναστικῇ
531 4235 803 4324 προσομιλοῦντα,
826 4233 881 4301 τόν
903 4258 938 4300 τε
962 4231 1003 4299 αδ
1020 4247 1115 4318 σῶμα
1131 4232 1295 4316 ἐπιμελῶς
1318 4232 1425 4298 πλάτ-

308 4370 406 4411 τοντα
436 4347 495 4423 τὰς
525 4356 582 4431 τῆς
612 4353 716 4430 ψυχῆς
744 4339 984 4408 ἀνταποδοτέον
1006 4341 1163 4429 κινήσεις,
1198 4337 1342 4428 μουσικῇ
1369 4336 1426 4405 καὶ

309 4452 401 4540 πόση
425 4446 607 4540 φιλοσοφίᾳ
631 4449 893 4536 προσχρώμενον,
927 4445 957 4514 εί
984 4445 1094 4531 μέλλει
1118 4442 1254 4524 δικαίως
1282 4470 1334 4524 τις
1356 4447 1425 4528 άμα
1537 4535 1538 4542 ¹
