3130 4980
308 333 364 393 ‘286
745 333 884 414 Acadqmia
902 335 985 385 vetus.

382 494 549 564 scripserunt
573 492 605 544 de
631 492 713 545 Xen.:
738 493 903 561 Wynpersse‚
928 491 959 544 de
984 491 1016 544 X.
1044 489 1231 556 Chalcedoni0‚
1259 489 1343 557 Lugd.
1368 489 1428 544 Bai.

311 585 388 638 1822.
425 583 542 646 Krische,
563 581 678 636 Forsch.
700 582 851 636 311—324.
888 579 1008 645 Brandis,
1029 577 1336 644 Hdb.lIb1,19·-36.
1363 577 1430 630 Ζ.Π

312 671 346 724 1³
365 672 424 724 840.
445 671 594 724 862-883.

232 894 283 976 ᾞ
379 882 773 947 Sext.Math.V11147.
819 880 1020 968 Ξενοκράτης
1043 877 1079 944 δὲ
1101 883 1188 966 τρεῖς
1204 900 1303 967 φησιν
1318 875 1505 954 οὐσίαςινο.

310 980 403 1069 εἶναι,
427 991 484 1075 τὴν
506 987 565 1072 μὲν
588 984 760 1075 αἰσθητήν,
784 988 841 1074 την
865 985 901 1052 δὲ
924 987 1046 1075 νοητήν,
1070 987 1127 1073 την
1151 983 1188 1050 δὲ
1203 985 1359 1050 σύνθετον
1374 981 1429 1048 ναί

310 1095 483 1182 δοξαστήν·
530 1089 574 1158 ὧν
598 1091 760 1181 αἰσθητὴν
782 1091 841 1175 μὲν
863 1085 945 1158 εἶναι
968 1095 1025 1180 τὴν
1041 1091 1129 1169 ἐντὸς
1152 1089 1295 1177 οὐρανοῦ,
1319 1091 1429 1177 νοητὴν

311 1201 347 1266 δὲ
377 1201 509 1266 πάντων
537 1213 602 1264 τῶν
633 1199 724 1277 εἰιτδς
756 1198 906 1286 οάρανοῦ,
942 1199 1101 1286 δοξαστην
1131 1196 1247 1263 δὲκαὶ
1276 1197 1429 1260 σύνθετον

310 1311 368 1396 τὴν
399 1307 499 1373 αὐτοῦ
525 1317 583 1372 τοῦ
612 1305 748 1392 οὐρανοῦ
756 1327 763 1340 ·
811 1306 910 1392 ὁρατὴ
940 1303 999 1388 μὲν
1023 1305 1083 1390 γάρ
1107 1301 1177 1369 ἐστι
1200 1301 1243 1391 τῇ
1267 1299 1428 1388 αἰσθήσει,

310 1415 407 1502 νοητὴ
431 1412 467 1478 δὲ
490 1402 538 1477 δι’
557 1409 779 1499 ἀστρολογίας.
829 1421 901 1476 148.
930 1412 1052 1476 τούτων
1073 1409 1184 1493 μέντοι
1207 1419 1320 1474 τοῦτον
1343 1406 1429 1488 ε’χόν-

311 1545 375 1585 των
403 1521 459 1584 τδν
487 1518 610 1605 τρόπον
643 1530 699 1605 της
726 1516 785 1600 μὲν
815 1513 907 1594 ἐκτὸς
937 1515 1073 1602 οὐρανοῦ
1089 1515 1159 1582 ’καὶ
1183 1527 1297 1602 νοητης
1320 1509 1430 1590 οὐσίας

311 1627 475 1714 κριτήριον
498 1622 695 1712 ἀπεφαίνετο
719 1625 776 1711 τὴν
799 1622 951 1710 ε’πιστή
959 1648 1048 1710 μην,
1084 1635 1141 1710 της
1164 1621 1200 1687 δὲ
1223 1621 1311 1698 ἐντὸς
1334 1618 1429 1706 οὐρα-

192 1769 233 1808 ,ῃ
264 1769 283 1809 ἰ,
311 1743 367 1796 νοῦ
395 1730 452 1796 καί
482 1727 643 1818 αἰσθητῆς
673 1727 888 1817 αἴσθησιν,
918 1741 975 1816 της
1004 1729 1040 1794 δὲ
1062 1741 1179 1816 μικτης
1203 1730 1260 1816 τὴν
1290 1725 1428 1804 δόξαν·

311 1836 367 1902 καὶ
391 1838 510 1902 τοάτιον
533 1849 649 1913 κοινῶς
671 1837 709 1900 τδ
731 1835 791 1918 μὲν
814 1837 869 1900 διὰ
893 1845 950 1900 τοῦ
973 1834 1227 1922 ε’πιστημονικοῦ
1249 1833 1343 1918 λόγον
1359 1857 1429 1916 κρι-

311 1945 420 2032 τηριον
442 1942 575 2026 βέβαιόν
592 1967 627 2008 τε
643 1941 798 2028 ὑπάρχειν
821 1928 878 2007 λαὶ
902 1940 1034 2029 ἀληθές,
1058 1943 1097 2006 τὸ
1113 1940 1149 2006 δὲ
1165 1941 1221 2005 διά
1235 1952 1293 2027 της
1309 1935 1429 2026 αίσθή·

311 2072 391 2128 σεως
414 2048 538 2137 ἀληθὲς
560 2048 626 2130 μέν,
652 2048 706 2129 οὐχ
731 2049 813 2113 οίίτιο
838 2047 874 2113 δὲ
898 2049 941 2126 ὡς
964 2049 1002 2113 τδ
1026 2049 1082 2112 διὰ
1098 2058 1155 2112 τοῦ
1178 2045 1431 2132 ἑπιστημονιιιοῦ

311 2156 414 2240 λόγον,
438 2157 476 2220 τὸ
499 2154 535 2220 δὲ
558 2156 713 2220 σύνθετον
736 2157 841 2219 κοινδν
865 2154 1010 2243 ἀληθοῦς
1032 2177 1068 2218 τε
1090 2152 1148 2218 καὶ
1170 2153 1309 2239 ψευδοῦς
1325 2149 1430 2236 ὑπάρ-

309 2284 389 2344 χειν·
439 2270 511 2328 149.
536 2273 592 2348 της
616 2263 676 2348 γὰρ
700 2261 796 2348 δόξης
819 2263 876 2348 τὴν
898 2259 956 2343 μέν
980 2284 1053 2324 τινα
1070 2259 1180 2348 ἀληθῆ
1202 2252 1295 2338 εἶναι,
1319 2259 1376 2345 τὴν
1396 2255 1431 2322 δὲ

313 2369 430 2456 ψευδῆ·
478 2369 555 2434 ὅθεν
577 2367 635 2433 καὶ
653 2372 739 2454 τρεῖς
755 2364 888 2453 Μοίρας
904 2366 1167 2450 παραδεδόσθαι,
1184 2354 1354 2451 ’Ἀτροπον
1373 2362 1431 2446 μὲν

311 2477 367 2562 την
390 2487 453 2539 τῶν
468 2487 588 2562 νοητῶν
603 2473 806 2556 ἀμετάθετον
822 2469 928 2551 οὖσαν,
954 2473 1088 2537 Κλωθὼ
1106 2470 1142 2536 δὲ
1157 2473 1213 2559 τὴν
1228 2483 1293 2535 τῶν
1309 2467 1430 2556 αἰσθη-

310 2594 383 2660 τῶν,
408 2580 554 2662 Λάχεσιν
577 2579 613 2645 δὲ
636 2582 693 2667 την
717 2592 781 2644 τῶν
805 2579 998 2656 δοξαστῶν“.

383 2736 412 2776 ο.
441 2721 542 2774 Similia
569 2721 600 2774 de
628 2721 717 2774 Parcis
745 2737 786 2790 ap.
814 2721 883 2774 Plat.
913 2721 978 2789 Rep.
1007 2720 1032 2771 X
1051 2719 1102 2772 617
1117 2719 1139 2771 Β
1155 2735 1193 2787 sq.

268 2988 284 3028 ii
381 2951 671 3016 Stob.E01.162.
718 2951 795 3014 Dox.
818 2958 890 3015 304.
936 2947 1202 3034 Ξενοκράτης-
1227 2944 1477 3033 τηνμονάδαιιι

312 3055 370 3121 καὶ
399 3058 456 3143 τὴν
485 3057 588 3121 δυάδα
613 3057 725 3133 θεούς,
757 3057 814 3142 τὴν
841 3054 901 3138 μὲν
930 3055 974 3132 ὡς
1004 3053 1120 3139 ἀρρενα
1144 3054 1271 3138 πατρὸς
1299 3047 1432 3132 ἔχουσαν

312 3161 405 3240 τάξιν
428 3161 461 3226 ἐν
477 3160 603 3247 οδρανρῖ
618 3161 860 3246 βασιλεύουσαν,
885 3163 998 3248 ἥντινα
1014 3159 1247 3246 προσαγορεύει
1269 3157 1328 3222 νιαὶ
1343 3165 1431 3244 Ζηνα

311 3267 369 3332 καὶ
393 3269 545 3355 περιττὸν
567 3266 625 3332 καὶ
649 3278 727 3346 νοῦν,
752 3267 842 3344 ὅστις
866 3266 953 3332 ἐστὶν
976 3265 1066 3350 αὕτη]
1089 3279 1221 3352 πρῶτος
1244 3263 1337 3342 θεός·
1376 3264 1433 3350 τὴν

312 3363 345 3438 δ)
371 3374 414 3452 ὡς
448 3373 586 3461 θήλειαν
619 3374 742 3460 μητρδς
774 3378 863 3438 θεῶν
897 3369 990 3460 δίκην
1024 3383 1081 3458 της
1115 3371 1180 3436 ὑπὸ
1214 3372 1269 3435 τὸν
1299 3368 1433 3456 οὐρανὸν

311 3480 432 3567 λήξεως
455 3477 637 3566 ἡγουμένην,
662 3479 732 3565 ἥτις
756 3475 843 3543 ἐστὶν
867 3477 955 3564 αὕτη]
979 3479 1065 3564 ψυχὴ
1089 3487 1147 3541 τοῦ
1162 3475 1314 3552 παντός’.
1354 3475 1432 3540 θεὸν

311 3584 349 3650 δὲ
371 3578 454 3650 εἶναι
478 3583 535 3648 καὶ
557 3586 613 3649 τδν
637 3583 779 3671 οὐρανόν,
803 3583 860 3650 καὶ
884 3585 959 3662 τοὺς
981 3582 1120 3670 ἀστέρας
1136 3582 1298 3668 πυρώδεις
1311 3570 1432 3663 Ὀλυμ-

313 3688 410 3768 πίοος
432 3690 558 3770 θεοάςλ,
589 3689 647 3755 καὶ
671 3689 799 3777 ἑτέρους
822 3691 1038 3778 ὑποσελήνοος
1066 3687 1224 3772 δαίμονας
1247 3687 1430 3775 ἀοράτοοςθ.

311 3796 440 3885 ἀρέσκει
475 3795 511 3861 δὲ
546 3796 661 3883 αὐτῷ1
691 3795 814 3880 (θείας
844 3790 926 3862 εἶναι
958 3796 1135 3880 δονάμεις>
1154 3797 1166 3834 ²
1188 3792 1246 3860 καὶ
1278 3793 1432 3881 ἓνδιήκειν

310 3907 382 3980 τοῖς
404 3903 528 3980 ὑλικοῖς
552 3901 731 3984 στοιχείοις.
777 3904 898 3968 τούτων
923 3903 958 3968 δὲ
987 3905 1045 3990 τὴν
1075 3901 1135 3985 μὲν
1154 3901 1236 3984 (διδ
1259 3911 1317 3965 τοῦ
1340 3898 1431 3986 ἀέρος

310 3997 686 4097 διήιιο·οσαν>3“Ἀιδην4
716 3996 979 4097 προσαγορεύει,
1000 4010 1057 4096 την
1091 4006 1127 4072 δὲ
1162 4008 1217 4072 διὰ
1247 4017 1305 4072 τοῦ
1338 4007 1432 4092 ὑγροῦ

386 4261 411 4323 1)
431 4261 572 4330 ἀρέσκεται
592 4260 621 4312 δὲ
641 4264 685 4312 καὶ
707 4262 787 4319 αὐτὸς
805 4258 841 4312 A:
861 4276 925 4312 corr.
944 4257 1062 4310 Krische.
1089 4286 1122 4294 —
1151 4255 1178 4319 2)
1196 4261 1275 4315 θείας
1294 4255 1365 4307 εἶναι
1384 4253 1430 4306 δο-

313 4350 409 4418 νάμεις
424 4347 520 4400 Zeller:
539 4347 602 4400 XVI
611 4349 693 4401 litter.
706 4349 798 4400 lacuna
808 4347 836 4400 F.
848 4377 881 4386 —
901 4348 928 4411 3)
939 4348 986 4400 διὰ
1006 4367 1028 4398 τ.
1040 4348 1064 4398 ἀ.
1085 4349 1235 4414 προσγείου
1246 4341 1431 4395 Wachsmuih:

311 4433 362 4486 XV
380 4435 462 4488 litter.
482 4436 575 4488 lacuna
593 4435 621 4488 F.
641 4465 675 4476 —
693 4437 720 4500 4)
735 4432 827 4503 Ἅιδην
845 4435 931 4488 Diels:
952 4434 1031 4500 ἀειδῆ
1048 4432 1080 4486 A.
