<?xml version="1.0" encoding="UTF-8"?>
<!DOCTYPE html PUBLIC "-//W3C//DTD XHTML 1.0 Transitional//EN"
    "http://www.w3.org/TR/xhtml1/DTD/xhtml1-transitional.dtd">
<html xmlns="http://www.w3.org/1999/xhtml" xml:lang="en" lang="en">
 <head>
  <title>
</title>
<meta http-equiv="Content-Type" content="text/html;charset=utf-8" />
  <meta name='ocr-system' content='tesseract 3.04.00' />
  <meta name='ocr-capabilities' content='ocr_page ocr_carea ocr_par ocr_line ocrx_word'/>
</head>
<body>
  <div class='ocr_page' id='page_1' title='image "./historiaphiloso00rittgoog_0086.png"; bbox 0 0 3150 4996; ppageno 0'>
   <div class='ocr_carea' id='block_1_1' title="bbox 343 302 960 362">
    <p class='ocr_par' dir='ltr' id='par_1_1' title="bbox 343 302 960 362">
     <span class='ocr_line' id='line_1_1' title="bbox 343 302 960 362; baseline -0.005 0"><span class='ocrx_word' id='word_1_1' title='bbox 343 302 378 362; x_wconf 80' lang='lat' dir='ltr'>lh</span> <span class='ocrx_word' id='word_1_2' title='bbox 839 305 960 359; x_wconf 75' lang='lat' dir='ltr'><strong>Eleatici.</strong></span> 
     </span>
    </p>
   </div>
   <div class='ocr_carea' id='block_1_2' title="bbox 342 457 1468 624">
    <p class='ocr_par' dir='ltr' id='par_1_2' title="bbox 342 457 1468 624">
     <span class='ocr_line' id='line_1_2' title="bbox 414 457 1468 534; baseline -0.005 -16"><span class='ocrx_word' id='word_1_3' title='bbox 414 464 444 521; x_wconf 88' lang='lat' dir='ltr'>d.</span> <span class='ocrx_word' id='word_1_4' title='bbox 472 465 549 534; x_wconf 85' lang='lat' dir='ltr'>Diog.</span> <span class='ocrx_word' id='word_1_5' title='bbox 568 463 608 517; x_wconf 86' lang='lat' dir='ltr'>IX</span> <span class='ocrx_word' id='word_1_6' title='bbox 627 465 660 518; x_wconf 80' lang='lat'>21</span> <span class='ocrx_word' id='word_1_7' title='bbox 681 467 777 516; x_wconf 86' lang='grc' dir='ltr'>τοῦτον</span> <span class='ocrx_word' id='word_1_8' title='bbox 796 464 842 529; x_wconf 88' lang='lat' dir='ltr'>(sc.</span> <span class='ocrx_word' id='word_1_9' title='bbox 863 457 1032 532; x_wconf 76' lang='grc' dir='ltr'>Ξενοφάνην)</span> <span class='ocrx_word' id='word_1_10' title='bbox 1055 463 1228 533; x_wconf 80' lang='grc' dir='ltr'>Θεόφραστος</span> <span class='ocrx_word' id='word_1_11' title='bbox 1247 460 1277 514; x_wconf 78' lang='grc' dir='ltr'>ἐν</span> <span class='ocrx_word' id='word_1_12' title='bbox 1295 465 1327 530; x_wconf 76' lang='grc' dir='ltr'>τῇ</span> <span class='ocrx_word' id='word_1_13' title='bbox 1345 461 1468 532; x_wconf 69' lang='grc' dir='ltr'>ἐπιτομῇ</span> 
     </span>
     <span class='ocr_line' id='line_1_3' title="bbox 342 545 1124 624; baseline 0 -20"><span class='ocrx_word' id='word_1_14' title='bbox 342 550 556 624; x_wconf 73' lang='grc' dir='ltr'>Ἀναξιμάνδρου</span> <span class='ocrx_word' id='word_1_15' title='bbox 575 554 657 621; x_wconf 78' lang='grc' dir='ltr'>φησὶν</span> <span class='ocrx_word' id='word_1_16' title='bbox 676 549 797 609; x_wconf 80' lang='grc' dir='ltr'>εἷκσῡσαι.</span> <span class='ocrx_word' id='word_1_17' title='bbox 1120 545 1124 553; x_wconf 52' lang='grc'><strong><em>’</em></strong></span> 
     </span>
    </p>
   </div>
   <div class='ocr_carea' id='block_1_3' title="bbox 339 730 1522 2366">
    <p class='ocr_par' dir='ltr' id='par_1_3' title="bbox 340 730 1522 1248">
     <span class='ocr_line' id='line_1_4' title="bbox 409 730 1522 821; baseline 0.001 -26"><span class='ocrx_word' id='word_1_18' title='bbox 409 731 499 814; x_wconf 83' lang='lat' dir='ltr'>Diog.</span> <span class='ocrx_word' id='word_1_19' title='bbox 522 733 569 796; x_wconf 89' lang='lat' dir='ltr'>IX</span> <span class='ocrx_word' id='word_1_20' title='bbox 595 741 645 799; x_wconf 83' lang='lat'>18.</span> <span class='ocrx_word' id='word_1_21' title='bbox 693 739 722 796; x_wconf 91' lang='grc' dir='ltr'><strong><em>Γ</em></strong></span> <span class='ocrx_word' id='word_1_22' title='bbox 718 733 857 821; x_wconf 61' lang='grc' dir='ltr'>ἔγραφε*</span> <span class='ocrx_word' id='word_1_23' title='bbox 881 735 914 797; x_wconf 70' lang='grc' dir='ltr'>δι’</span> <span class='ocrx_word' id='word_1_24' title='bbox 936 738 984 797; x_wconf 80' lang='grc' dir='ltr'>καί</span> <span class='ocrx_word' id='word_1_25' title='bbox 1007 737 1039 798; x_wconf 71' lang='grc' dir='ltr'>ἓν</span> <span class='ocrx_word' id='word_1_26' title='bbox 1063 731 1142 798; x_wconf 66' lang='lat' dir='ltr'>theca</span> <span class='ocrx_word' id='word_1_27' title='bbox 1165 735 1213 796; x_wconf 83' lang='grc' dir='ltr'>καλ</span> <span class='ocrx_word' id='word_1_28' title='bbox 1236 730 1389 815; x_wconf 65' lang='grc' dir='ltr'>ἐλεγείαςὴ</span> <span class='ocrx_word' id='word_1_29' title='bbox 1413 735 1466 798; x_wconf 81' lang='grc' dir='ltr'>καὶ</span> <span class='ocrx_word' id='word_1_30' title='bbox 1487 731 1522 772; x_wconf 78' lang='lat'>⁸⁰</span> 
     </span>
     <span class='ocr_line' id='line_1_5' title="bbox 341 832 1466 925; baseline 0 -21"><span class='ocrx_word' id='word_1_31' title='bbox 341 837 470 923; x_wconf 76' lang='grc' dir='ltr'>ἰάμβους</span> <span class='ocrx_word' id='word_1_32' title='bbox 492 835 571 905; x_wconf 78' lang='grc' dir='ltr'><strong><em>καθ’</em></strong></span> <span class='ocrx_word' id='word_1_33' title='bbox 596 832 743 904; x_wconf 80' lang='grc' dir='ltr'>Ἡσιόδου</span> <span class='ocrx_word' id='word_1_34' title='bbox 766 844 813 904; x_wconf 80' lang='grc' dir='ltr'>καὶ</span> <span class='ocrx_word' id='word_1_35' title='bbox 837 833 986 925; x_wconf 66' lang='grc' dir='ltr'>Ὀμήρου,</span> <span class='ocrx_word' id='word_1_36' title='bbox 1017 835 1186 904; x_wconf 72' lang='grc' dir='ltr'>ἐπικόπτων</span> <span class='ocrx_word' id='word_1_37' title='bbox 1208 835 1310 904; x_wconf 76' lang='grc' dir='ltr'>αὐτῶν</span> <span class='ocrx_word' id='word_1_38' title='bbox 1334 833 1372 904; x_wconf 85' lang='grc' dir='ltr'>ιδι</span> <span class='ocrx_word' id='word_1_39' title='bbox 1394 845 1466 925; x_wconf 84' lang='grc' dir='ltr'>περὶ</span> 
     </span>
     <span class='ocr_line' id='line_1_6' title="bbox 341 940 1466 1033; baseline 0 -23"><span class='ocrx_word' id='word_1_40' title='bbox 341 952 425 1011; x_wconf 85' lang='grc' dir='ltr'>θεῶν</span> <span class='ocrx_word' id='word_1_41' title='bbox 454 946 614 1030; x_wconf 81' lang='grc' dir='ltr'>ελρημίνα·</span> <span class='ocrx_word' id='word_1_42' title='bbox 646 940 722 1010; x_wconf 80' lang='grc' dir='ltr'>ἄλλά</span> <span class='ocrx_word' id='word_1_43' title='bbox 750 951 798 1010; x_wconf 82' lang='grc' dir='ltr'>καὶ</span> <span class='ocrx_word' id='word_1_44' title='bbox 828 941 919 1023; x_wconf 76' lang='grc' dir='ltr'>αὐτὸς</span> <span class='ocrx_word' id='word_1_45' title='bbox 947 944 1120 1033; x_wconf 74' lang='grc' dir='ltr'><strong><em>ἐρραψῴδει</em></strong></span> <span class='ocrx_word' id='word_1_46' title='bbox 1149 940 1189 1011; x_wconf 82' lang='grc' dir='ltr'>τά</span> <span class='ocrx_word' id='word_1_47' title='bbox 1217 943 1338 1010; x_wconf 72' lang='grc' dir='ltr'>ἑαυτοῦ.</span> <span class='ocrx_word' id='word_1_48' title='bbox 1374 941 1466 1011; x_wconf 78' lang='grc' dir='ltr'>ἀντι-</span> 
     </span>
     <span class='ocr_line' id='line_1_7' title="bbox 341 1047 1465 1142; baseline 0 -26"><span class='ocrx_word' id='word_1_49' title='bbox 341 1047 467 1128; x_wconf 81' lang='grc' dir='ltr'>δοξάσαι</span> <span class='ocrx_word' id='word_1_50' title='bbox 497 1080 530 1118; x_wconf 87' lang='grc' dir='ltr'>τε</span> <span class='ocrx_word' id='word_1_51' title='bbox 560 1052 671 1139; x_wconf 71' lang='grc' dir='ltr'>λέγεται</span> <span class='ocrx_word' id='word_1_52' title='bbox 704 1053 792 1140; x_wconf 82' lang='grc' dir='ltr'>Θαλῇ</span> <span class='ocrx_word' id='word_1_53' title='bbox 821 1057 869 1117; x_wconf 82' lang='grc' dir='ltr'>καὶ</span> <span class='ocrx_word' id='word_1_54' title='bbox 891 1047 1084 1142; x_wconf 74' lang='grc' dir='ltr'>Πυθαγόρη,</span> <span class='ocrx_word' id='word_1_55' title='bbox 1114 1049 1326 1134; x_wconf 69' lang='grc' dir='ltr'><strong><em>καθάψασθαι</em></strong></span> <span class='ocrx_word' id='word_1_56' title='bbox 1357 1054 1390 1116; x_wconf 75' lang='grc' dir='ltr'>δὲ</span> <span class='ocrx_word' id='word_1_57' title='bbox 1413 1058 1465 1118; x_wconf 84' lang='grc' dir='ltr'>καὶ</span> 
     </span>
     <span class='ocr_line' id='line_1_8' title="bbox 340 1153 1465 1248; baseline -0.001 -24"><span class='ocrx_word' id='word_1_58' title='bbox 340 1153 546 1241; x_wconf 74' lang='grc' dir='ltr'>Ἐπιμενίδου.</span> <span class='ocrx_word' id='word_1_59' title='bbox 570 1155 822 1243; x_wconf 82' lang='grc' dir='ltr'>μακροβιώτατδς</span> <span class='ocrx_word' id='word_1_60' title='bbox 837 1185 868 1224; x_wconf 79' lang='grc' dir='ltr'>τε</span> <span class='ocrx_word' id='word_1_61' title='bbox 891 1159 1015 1246; x_wconf 77' lang='grc' dir='ltr'>ρίγονεν,</span> <span class='ocrx_word' id='word_1_62' title='bbox 1041 1157 1082 1232; x_wconf 77' lang='grc' dir='ltr'>ὥς</span> <span class='ocrx_word' id='word_1_63' title='bbox 1098 1187 1158 1224; x_wconf 89' lang='grc' dir='ltr'>που</span> <span class='ocrx_word' id='word_1_64' title='bbox 1173 1163 1221 1224; x_wconf 83' lang='grc' dir='ltr'>καὶ</span> <span class='ocrx_word' id='word_1_65' title='bbox 1236 1155 1329 1234; x_wconf 75' lang='grc' dir='ltr'>αὐτάς</span> <span class='ocrx_word' id='word_1_66' title='bbox 1345 1185 1441 1248; x_wconf 88' lang='grc' dir='ltr'>φησιν</span> <span class='ocrx_word' id='word_1_67' title='bbox 1457 1177 1465 1190; x_wconf 82' lang='grc'><em>“</em></span> 
     </span>
    </p>

    <p class='ocr_par' dir='ltr' id='par_1_4' title="bbox 388 1260 1317 1349">
     <span class='ocr_line' id='line_1_9' title="bbox 388 1260 1317 1349; baseline 0.001 -20"><span class='ocrx_word' id='word_1_68' title='bbox 388 1274 428 1330; x_wconf 88' lang='grc'>19</span> <span class='ocrx_word' id='word_1_69' title='bbox 474 1262 533 1349; x_wconf 64' lang='grc' dir='ltr'>ἤδη</span> <span class='ocrx_word' id='word_1_70' title='bbox 556 1271 575 1330; x_wconf 93' lang='grc' dir='ltr'>δ</span> <span class='ocrx_word' id='word_1_71' title='bbox 581 1261 590 1284; x_wconf 76' lang='grc'><strong>’</strong></span> <span class='ocrx_word' id='word_1_72' title='bbox 616 1260 691 1330; x_wconf 73' lang='grc' dir='ltr'>ἑπτά</span> <span class='ocrx_word' id='word_1_73' title='bbox 713 1261 739 1329; x_wconf 78' lang='grc' dir='ltr'>τ’</span> <span class='ocrx_word' id='word_1_74' title='bbox 764 1265 828 1330; x_wconf 69' lang='grc' dir='ltr'>ἴασι</span> <span class='ocrx_word' id='word_1_75' title='bbox 851 1269 898 1330; x_wconf 78' lang='grc' dir='ltr'>καὶ</span> <span class='ocrx_word' id='word_1_76' title='bbox 922 1261 1048 1348; x_wconf 69' lang='grc' dir='ltr'>ἑξήκοντ’</span> <span class='ocrx_word' id='word_1_77' title='bbox 1076 1268 1205 1332; x_wconf 76' lang='grc' dir='ltr'>ἐνιαυτοί</span> <span class='ocrx_word' id='word_1_78' title='bbox 1314 1336 1317 1342; x_wconf 89' lang='lat'>.</span> 
     </span>
    </p>

    <p class='ocr_par' dir='ltr' id='par_1_5' title="bbox 477 1366 1383 1669">
     <span class='ocr_line' id='line_1_10' title="bbox 523 1366 1342 1458; baseline 0 -24"><span class='ocrx_word' id='word_1_79' title='bbox 523 1375 756 1456; x_wconf 78' lang='grc' dir='ltr'>βληστρίζοντες</span> <span class='ocrx_word' id='word_1_80' title='bbox 779 1371 854 1456; x_wconf 74' lang='grc' dir='ltr'>ἐμὴν</span> <span class='ocrx_word' id='word_1_81' title='bbox 878 1368 1016 1458; x_wconf 76' lang='grc' dir='ltr'>φροντίδ’</span> <span class='ocrx_word' id='word_1_82' title='bbox 1042 1367 1089 1436; x_wconf 78' lang='grc' dir='ltr'>ἀν’</span> <span class='ocrx_word' id='word_1_83' title='bbox 1114 1366 1244 1438; x_wconf 82' lang='grc' dir='ltr'>Ἑλλάδα</span> <span class='ocrx_word' id='word_1_84' title='bbox 1267 1373 1342 1458; x_wconf 76' lang='grc' dir='ltr'>γῆν·</span> 
     </span>
     <span class='ocr_line' id='line_1_11' title="bbox 477 1471 1383 1564; baseline 0.001 -20"><span class='ocrx_word' id='word_1_85' title='bbox 477 1482 509 1544; x_wconf 76' lang='grc' dir='ltr'>ἐκ</span> <span class='ocrx_word' id='word_1_86' title='bbox 531 1479 653 1563; x_wconf 75' lang='grc' dir='ltr'>γενετῆς</span> <span class='ocrx_word' id='word_1_87' title='bbox 676 1481 710 1545; x_wconf 77' lang='grc' dir='ltr'>δὲ</span> <span class='ocrx_word' id='word_1_88' title='bbox 732 1474 791 1542; x_wconf 85' lang='grc' dir='ltr'>τότ’</span> <span class='ocrx_word' id='word_1_89' title='bbox 818 1471 897 1563; x_wconf 81' lang='grc' dir='ltr'>ἦσαν</span> <span class='ocrx_word' id='word_1_90' title='bbox 919 1482 1021 1543; x_wconf 75' lang='grc' dir='ltr'>ἐείκοσι</span> <span class='ocrx_word' id='word_1_91' title='bbox 1045 1483 1133 1546; x_wconf 73' lang='grc' dir='ltr'>πέντε</span> <span class='ocrx_word' id='word_1_92' title='bbox 1156 1506 1188 1545; x_wconf 88' lang='grc' dir='ltr'>τε</span> <span class='ocrx_word' id='word_1_93' title='bbox 1211 1474 1286 1564; x_wconf 84' lang='grc' dir='ltr'>πρὸς</span> <span class='ocrx_word' id='word_1_94' title='bbox 1310 1491 1383 1562; x_wconf 81' lang='grc' dir='ltr'>τοῖς,</span> 
     </span>
     <span class='ocr_line' id='line_1_12' title="bbox 523 1579 1250 1669; baseline -0.003 -17"><span class='ocrx_word' id='word_1_95' title='bbox 523 1587 604 1669; x_wconf 75' lang='grc' dir='ltr'>εἴπερ</span> <span class='ocrx_word' id='word_1_96' title='bbox 628 1580 686 1668; x_wconf 74' lang='grc' dir='ltr'>ἐγὼ</span> <span class='ocrx_word' id='word_1_97' title='bbox 708 1590 775 1668; x_wconf 81' lang='grc' dir='ltr'>περὶ</span> <span class='ocrx_word' id='word_1_98' title='bbox 798 1579 889 1648; x_wconf 80' lang='grc' dir='ltr'>τῶνδ’</span> <span class='ocrx_word' id='word_1_99' title='bbox 916 1583 984 1650; x_wconf 75' lang='grc' dir='ltr'>οἶδα</span> <span class='ocrx_word' id='word_1_100' title='bbox 1006 1584 1099 1668; x_wconf 70' lang='grc' dir='ltr'>λέγειν</span> <span class='ocrx_word' id='word_1_101' title='bbox 1122 1583 1250 1668; x_wconf 74' lang='grc' dir='ltr'>ἐτύμως.</span> 
     </span>
    </p>

    <p class='ocr_par' dir='ltr' id='par_1_6' title="bbox 339 1685 1469 1990">
     <span class='ocr_line' id='line_1_13' title="bbox 387 1685 1468 1777; baseline 0.002 -21"><span class='ocrx_word' id='word_1_102' title='bbox 387 1699 438 1758; x_wconf 77' lang='lat'>20.</span> <span class='ocrx_word' id='word_1_103' title='bbox 463 1694 583 1775; x_wconf 69' lang='grc' dir='ltr'>ἐποίησε</span> <span class='ocrx_word' id='word_1_104' title='bbox 607 1693 710 1757; x_wconf 80' lang='grc' dir='ltr'>δὲκαὶ</span> <span class='ocrx_word' id='word_1_105' title='bbox 734 1695 923 1775; x_wconf 77' lang='grc' dir='ltr'>Κολοφῶνος</span> <span class='ocrx_word' id='word_1_106' title='bbox 945 1701 1043 1755; x_wconf 87' lang='grc' dir='ltr'>κτίσιν</span> <span class='ocrx_word' id='word_1_107' title='bbox 1067 1697 1114 1756; x_wconf 81' lang='grc' dir='ltr'>καλ</span> <span class='ocrx_word' id='word_1_108' title='bbox 1139 1685 1193 1756; x_wconf 86' lang='grc' dir='ltr'>τδν</span> <span class='ocrx_word' id='word_1_109' title='bbox 1215 1695 1258 1766; x_wconf 80' lang='grc' dir='ltr'>εἷς</span> <span class='ocrx_word' id='word_1_110' title='bbox 1279 1687 1384 1757; x_wconf 76' lang='grc' dir='ltr'>Ἐλέαν</span> <span class='ocrx_word' id='word_1_111' title='bbox 1408 1693 1468 1777; x_wconf 80' lang='grc' dir='ltr'>τῆς</span> 
     </span>
     <span class='ocr_line' id='line_1_14' title="bbox 339 1790 1469 1884; baseline 0.003 -23"><span class='ocrx_word' id='word_1_112' title='bbox 339 1793 468 1873; x_wconf 84' lang='grc' dir='ltr'>Ἰταλίας</span> <span class='ocrx_word' id='word_1_113' title='bbox 497 1794 714 1880; x_wconf 58' lang='grc' dir='ltr'>άπσικισμόνΰ,</span> <span class='ocrx_word' id='word_1_114' title='bbox 745 1795 799 1881; x_wconf 73' lang='grc' dir='ltr'>ἴπη</span> <span class='ocrx_word' id='word_1_115' title='bbox 829 1800 983 1878; x_wconf 82' lang='grc' dir='ltr'>δισχιλιοι.</span> <span class='ocrx_word' id='word_1_116' title='bbox 1016 1803 1064 1862; x_wconf 79' lang='grc' dir='ltr'>καὶ</span> <span class='ocrx_word' id='word_1_117' title='bbox 1092 1790 1204 1883; x_wconf 71' lang='grc' dir='ltr'>ἤκμαζε</span> <span class='ocrx_word' id='word_1_118' title='bbox 1233 1794 1311 1865; x_wconf 80' lang='grc' dir='ltr'>κατὰ</span> <span class='ocrx_word' id='word_1_119' title='bbox 1339 1794 1395 1884; x_wconf 66' lang='grc' dir='ltr'>τὴν</span> <span class='ocrx_word' id='word_1_120' title='bbox 1419 1798 1469 1876; x_wconf 78' lang='grc' dir='ltr'>ἓξ-</span> 
     </span>
     <span class='ocr_line' id='line_1_15' title="bbox 341 1899 692 1990; baseline -0.003 -21"><span class='ocrx_word' id='word_1_121' title='bbox 341 1899 473 1990; x_wconf 76' lang='grc' dir='ltr'>ηκσστὴν</span> <span class='ocrx_word' id='word_1_122' title='bbox 493 1900 692 1988; x_wconf 77' lang='grc' dir='ltr'>Ὀλυμπιάδα.</span> 
     </span>
    </p>

    <p class='ocr_par' dir='ltr' id='par_1_7' title="bbox 340 2027 1472 2366">
     <span class='ocr_line' id='line_1_16' title="bbox 413 2027 1470 2100; baseline 0.003 -18"><span class='ocrx_word' id='word_1_123' title='bbox 413 2043 441 2082; x_wconf 84' lang='grc' dir='ltr'>ει.</span> <span class='ocrx_word' id='word_1_124' title='bbox 469 2027 622 2082; x_wconf 71' lang='lat' dir='ltr'>carminum</span> <span class='ocrx_word' id='word_1_125' title='bbox 645 2029 770 2096; x_wconf 88' lang='lat' dir='ltr'>reliquias</span> <span class='ocrx_word' id='word_1_126' title='bbox 789 2029 897 2097; x_wconf 81' lang='lat' dir='ltr'>collegit</span> <span class='ocrx_word' id='word_1_127' title='bbox 916 2029 1043 2094; x_wconf 78' lang='lat' dir='ltr'>Karsten,</span> <span class='ocrx_word' id='word_1_128' title='bbox 1068 2029 1167 2084; x_wconf 87' lang='lat' dir='ltr'>Philos.</span> <span class='ocrx_word' id='word_1_129' title='bbox 1188 2029 1280 2085; x_wconf 83' lang='lat' dir='ltr'>Graec.</span> <span class='ocrx_word' id='word_1_130' title='bbox 1300 2031 1359 2084; x_wconf 82' lang='lat' dir='ltr'>Vct.</span> <span class='ocrx_word' id='word_1_131' title='bbox 1379 2031 1470 2100; x_wconf 77' lang='lat' dir='ltr'>Reliq.</span> 
     </span>
     <span class='ocr_line' id='line_1_17' title="bbox 340 2116 1469 2190; baseline 0.002 -18"><span class='ocrx_word' id='word_1_132' title='bbox 340 2119 391 2172; x_wconf 86' lang='lat' dir='ltr'>vol.</span> <span class='ocrx_word' id='word_1_133' title='bbox 411 2118 425 2170; x_wconf 92' lang='lat' dir='ltr'>l</span> <span class='ocrx_word' id='word_1_134' title='bbox 444 2119 468 2171; x_wconf 93' lang='lat'>1.</span> <span class='ocrx_word' id='word_1_135' title='bbox 487 2117 618 2171; x_wconf 85' lang='lat' dir='ltr'>Amsterd.</span> <span class='ocrx_word' id='word_1_136' title='bbox 640 2118 716 2172; x_wconf 87' lang='grc'><strong>1830,</strong></span> <span class='ocrx_word' id='word_1_137' title='bbox 753 2118 848 2186; x_wconf 86' lang='lat' dir='ltr'>Lyrica</span> <span class='ocrx_word' id='word_1_138' title='bbox 874 2116 1054 2172; x_wconf 80' lang='lat' dir='ltr'>Schneidewin</span> <span class='ocrx_word' id='word_1_139' title='bbox 1074 2118 1132 2172; x_wconf 88' lang='lat' dir='ltr'>Del.</span> <span class='ocrx_word' id='word_1_140' title='bbox 1156 2118 1229 2172; x_wconf 89' lang='lat' dir='ltr'>Poet.</span> <span class='ocrx_word' id='word_1_141' title='bbox 1250 2119 1323 2187; x_wconf 81' lang='lat' dir='ltr'>Eleg.</span> <span class='ocrx_word' id='word_1_142' title='bbox 1343 2120 1469 2190; x_wconf 76' lang='lat'>39—45;</span> 
     </span>
     <span class='ocr_line' id='line_1_18' title="bbox 340 2203 1470 2276; baseline 0.001 -15"><span class='ocrx_word' id='word_1_143' title='bbox 340 2207 389 2262; x_wconf 93' lang='lat' dir='ltr'>Th.</span> <span class='ocrx_word' id='word_1_144' title='bbox 414 2205 501 2275; x_wconf 80' lang='lat' dir='ltr'><strong>Bergk</strong></span> <span class='ocrx_word' id='word_1_145' title='bbox 527 2205 601 2259; x_wconf 91' lang='lat' dir='ltr'>Poet.</span> <span class='ocrx_word' id='word_1_146' title='bbox 629 2207 689 2274; x_wconf 86' lang='lat' dir='ltr'>Lyr.</span> <span class='ocrx_word' id='word_1_147' title='bbox 718 2203 762 2259; x_wconf 84' lang='lat' dir='ltr'>Gr.</span> <span class='ocrx_word' id='word_1_148' title='bbox 791 2206 842 2260; x_wconf 82' lang='lat' dir='ltr'>vol.</span> <span class='ocrx_word' id='word_1_149' title='bbox 871 2205 908 2259; x_wconf 90' lang='lat'>11.</span> <span class='ocrx_word' id='word_1_150' title='bbox 947 2206 1020 2272; x_wconf 78' lang='lat' dir='ltr'>Quae</span> <span class='ocrx_word' id='word_1_151' title='bbox 1045 2206 1079 2260; x_wconf 87' lang='lat' dir='ltr'>ad</span> <span class='ocrx_word' id='word_1_152' title='bbox 1102 2205 1297 2276; x_wconf 78' lang='lat' dir='ltr'>philosophiam</span> <span class='ocrx_word' id='word_1_153' title='bbox 1322 2208 1470 2276; x_wconf 76' lang='lat' dir='ltr'>pertinent,</span> 
     </span>
     <span class='ocr_line' id='line_1_19' title="bbox 340 2293 1472 2366; baseline 0.003 -17"><span class='ocrx_word' id='word_1_154' title='bbox 340 2294 453 2349; x_wconf 83' lang='lat' dir='ltr'>Brendis</span> <span class='ocrx_word' id='word_1_155' title='bbox 472 2295 617 2349; x_wconf 78' lang='lat' dir='ltr'>comment.</span> <span class='ocrx_word' id='word_1_156' title='bbox 637 2293 723 2348; x_wconf 86' lang='lat' dir='ltr'>Eleat.</span> <span class='ocrx_word' id='word_1_157' title='bbox 740 2293 768 2360; x_wconf 88' lang='lat' dir='ltr'>I;</span> <span class='ocrx_word' id='word_1_158' title='bbox 787 2295 887 2348; x_wconf 84' lang='lat' dir='ltr'>Cousin</span> <span class='ocrx_word' id='word_1_159' title='bbox 905 2310 986 2348; x_wconf 83' lang='grc' dir='ltr'>ποαυ.</span> <span class='ocrx_word' id='word_1_160' title='bbox 1005 2295 1105 2364; x_wconf 73' lang='lat' dir='ltr'>fragm.</span> <span class='ocrx_word' id='word_1_161' title='bbox 1121 2295 1360 2366; x_wconf 77' lang='lat' dir='ltr'>philosopho&#39;gaes,</span> <span class='ocrx_word' id='word_1_162' title='bbox 1379 2297 1472 2353; x_wconf 76' lang='lat' dir='ltr'>Paris</span> 
     </span>
    </p>
   </div>
   <div class='ocr_carea' id='block_1_4' title="bbox 340 2382 1471 2541">
    <p class='ocr_par' dir='ltr' id='par_1_8' title="bbox 340 2382 1471 2541">
     <span class='ocr_line' id='line_1_20' title="bbox 340 2382 1471 2472; baseline 0.002 -34"><span class='ocrx_word' id='word_1_163' title='bbox 340 2388 422 2452; x_wconf 77' lang='lat'><strong><em>1828,</em></strong></span> <span class='ocrx_word' id='word_1_164' title='bbox 441 2401 466 2453; x_wconf 89' lang='lat' dir='ltr'>p.</span> <span class='ocrx_word' id='word_1_165' title='bbox 487 2385 588 2453; x_wconf 79' lang='lat'>9—953</span> <span class='ocrx_word' id='word_1_166' title='bbox 608 2384 697 2438; x_wconf 82' lang='lat' dir='ltr'>omnia</span> <span class='ocrx_word' id='word_1_167' title='bbox 715 2383 835 2437; x_wconf 85' lang='lat' dir='ltr'>Mullnch</span> <span class='ocrx_word' id='word_1_168' title='bbox 853 2382 935 2437; x_wconf 81' lang='lat' dir='ltr'>Arist.</span> <span class='ocrx_word' id='word_1_169' title='bbox 955 2383 987 2436; x_wconf 88' lang='lat' dir='ltr'>de</span> <span class='ocrx_word' id='word_1_170' title='bbox 1005 2384 1125 2449; x_wconf 86' lang='lat' dir='ltr'>Melisso‚</span> <span class='ocrx_word' id='word_1_171' title='bbox 1150 2385 1229 2450; x_wconf 86' lang='lat' dir='ltr'>Xen,</span> <span class='ocrx_word' id='word_1_172' title='bbox 1253 2384 1333 2454; x_wconf 83' lang='lat' dir='ltr'>Gorg.</span> <span class='ocrx_word' id='word_1_173' title='bbox 1354 2385 1471 2472; x_wconf 52' lang='lat' dir='ltr'>disput,</span> 
     </span>
     <span class='ocr_line' id='line_1_21' title="bbox 341 2471 1254 2541; baseline 0.001 -14"><span class='ocrx_word' id='word_1_174' title='bbox 341 2489 362 2528; x_wconf 67' lang='grc' dir='ltr'>οι</span> <span class='ocrx_word' id='word_1_175' title='bbox 381 2471 467 2526; x_wconf 83' lang='lat' dir='ltr'>Eleat.</span> <span class='ocrx_word' id='word_1_176' title='bbox 486 2472 579 2541; x_wconf 86' lang='lat' dir='ltr'>philos.</span> <span class='ocrx_word' id='word_1_177' title='bbox 599 2471 694 2540; x_wconf 84' lang='lat' dir='ltr'>fragm.</span> <span class='ocrx_word' id='word_1_178' title='bbox 714 2471 797 2525; x_wconf 90' lang='lat' dir='ltr'>Berol.</span> <span class='ocrx_word' id='word_1_179' title='bbox 818 2471 896 2526; x_wconf 79' lang='lat'>1845.</span> <span class='ocrx_word' id='word_1_180' title='bbox 933 2471 1007 2526; x_wconf 91' lang='lat' dir='ltr'>Idem</span> <span class='ocrx_word' id='word_1_181' title='bbox 1026 2474 1054 2526; x_wconf 91' lang='lat' dir='ltr'>in</span> <span class='ocrx_word' id='word_1_182' title='bbox 1072 2471 1142 2527; x_wconf 80' lang='lat' dir='ltr'>FPG</span> <span class='ocrx_word' id='word_1_183' title='bbox 1160 2473 1174 2526; x_wconf 95' lang='lat' dir='ltr'>I</span> <span class='ocrx_word' id='word_1_184' title='bbox 1195 2475 1254 2529; x_wconf 87' lang='lat'>101.</span> 
     </span>
    </p>
   </div>
   <div class='ocr_carea' id='block_1_5' title="bbox 339 2577 1466 3799">
    <p class='ocr_par' dir='ltr' id='par_1_9' title="bbox 339 2577 1466 3434">
     <span class='ocr_line' id='line_1_22' title="bbox 414 2577 1465 2648; baseline 0.002 -13"><span class='ocrx_word' id='word_1_185' title='bbox 414 2580 442 2635; x_wconf 84' lang='lat' dir='ltr'>h.</span> <span class='ocrx_word' id='word_1_186' title='bbox 470 2579 578 2648; x_wconf 80' lang='lat' dir='ltr'>Elegiae</span> <span class='ocrx_word' id='word_1_187' title='bbox 597 2580 703 2632; x_wconf 82' lang='lat' dir='ltr'>exstant</span> <span class='ocrx_word' id='word_1_188' title='bbox 720 2578 788 2632; x_wconf 84' lang='lat' dir='ltr'>dnae</span> <span class='ocrx_word' id='word_1_189' title='bbox 806 2578 885 2647; x_wconf 86' lang='lat' dir='ltr'>paulo</span> <span class='ocrx_word' id='word_1_190' title='bbox 903 2579 1035 2647; x_wconf 85' lang='lat' dir='ltr'>longiores</span> <span class='ocrx_word' id='word_1_191' title='bbox 1054 2577 1150 2633; x_wconf 75' lang='lat' dir='ltr'>Athen.</span> <span class='ocrx_word' id='word_1_192' title='bbox 1165 2580 1205 2634; x_wconf 93' lang='lat' dir='ltr'>XI</span> <span class='ocrx_word' id='word_1_193' title='bbox 1217 2581 1311 2646; x_wconf 79' lang='lat'><strong>4620,</strong></span> <span class='ocrx_word' id='word_1_194' title='bbox 1330 2581 1465 2639; x_wconf 79' lang='lat' dir='ltr'>X413F.</span> 
     </span>
     <span class='ocr_line' id='line_1_23' title="bbox 339 2666 1466 2738; baseline 0.004 -18"><span class='ocrx_word' id='word_1_195' title='bbox 339 2666 483 2738; x_wconf 83' lang='grc' dir='ltr'>παρῳδίας</span> <span class='ocrx_word' id='word_1_196' title='bbox 506 2670 635 2722; x_wconf 80' lang='lat' dir='ltr'>memorat</span> <span class='ocrx_word' id='word_1_197' title='bbox 653 2667 749 2722; x_wconf 79' lang='lat' dir='ltr'>Athen.</span> <span class='ocrx_word' id='word_1_198' title='bbox 767 2667 797 2720; x_wconf 92' lang='lat' dir='ltr'>II</span> <span class='ocrx_word' id='word_1_199' title='bbox 815 2667 883 2721; x_wconf 84' lang='lat' dir='ltr'>54e.</span> <span class='ocrx_word' id='word_1_200' title='bbox 903 2667 1009 2726; x_wconf 82' lang='grc' dir='ltr'>σίλλους</span> <span class='ocrx_word' id='word_1_201' title='bbox 1033 2667 1129 2722; x_wconf 81' lang='lat' dir='ltr'>Strabo</span> <span class='ocrx_word' id='word_1_202' title='bbox 1147 2669 1213 2722; x_wconf 86' lang='lat' dir='ltr'>XIV</span> <span class='ocrx_word' id='word_1_203' title='bbox 1232 2671 1256 2734; x_wconf 92' lang='lat'>1,</span> <span class='ocrx_word' id='word_1_204' title='bbox 1283 2671 1325 2734; x_wconf 80' lang='lat'>28,</span> <span class='ocrx_word' id='word_1_205' title='bbox 1350 2687 1374 2738; x_wconf 90' lang='lat' dir='ltr'>p.</span> <span class='ocrx_word' id='word_1_206' title='bbox 1396 2670 1466 2725; x_wconf 82' lang='lat'><strong>643:</strong></span> 
     </span>
     <span class='ocr_line' id='line_1_24' title="bbox 340 2749 1466 2827; baseline 0.004 -19"><span class='ocrx_word' id='word_1_207' title='bbox 340 2751 402 2813; x_wconf 79' lang='grc' dir='ltr'>Ξεν.</span> <span class='ocrx_word' id='word_1_208' title='bbox 428 2749 588 2826; x_wconf 86' lang='grc' dir='ltr'>ὁφυσιιιός,</span> <span class='ocrx_word' id='word_1_209' title='bbox 616 2752 631 2806; x_wconf 87' lang='grc' dir='ltr'>ὁ</span> <span class='ocrx_word' id='word_1_210' title='bbox 656 2750 719 2814; x_wconf 83' lang='grc' dir='ltr'>τοδς</span> <span class='ocrx_word' id='word_1_211' title='bbox 746 2755 848 2814; x_wconf 80' lang='grc' dir='ltr'>σίλλους</span> <span class='ocrx_word' id='word_1_212' title='bbox 876 2755 991 2818; x_wconf 74' lang='grc' dir='ltr'>ποιήσας</span> <span class='ocrx_word' id='word_1_213' title='bbox 1018 2755 1066 2808; x_wconf 83' lang='grc' dir='ltr'>διδ</span> <span class='ocrx_word' id='word_1_214' title='bbox 1094 2753 1264 2826; x_wconf 81' lang='grc' dir='ltr'>ποιημάτων.</span> <span class='ocrx_word' id='word_1_215' title='bbox 1301 2761 1339 2812; x_wconf 85' lang='lat' dir='ltr'>De</span> <span class='ocrx_word' id='word_1_216' title='bbox 1367 2758 1466 2827; x_wconf 85' lang='lat' dir='ltr'>quibus</span> 
     </span>
     <span class='ocr_line' id='line_1_25' title="bbox 339 2844 1466 2914; baseline 0 -13"><span class='ocrx_word' id='word_1_217' title='bbox 339 2847 454 2901; x_wconf 78' lang='lat' dir='ltr'>Karsten</span> <span class='ocrx_word' id='word_1_218' title='bbox 478 2863 503 2914; x_wconf 93' lang='lat' dir='ltr'>p.</span> <span class='ocrx_word' id='word_1_219' title='bbox 525 2847 571 2912; x_wconf 89' lang='grc'>19;</span> <span class='ocrx_word' id='word_1_220' title='bbox 599 2861 661 2898; x_wconf 86' lang='lat' dir='ltr'>nam</span> <span class='ocrx_word' id='word_1_221' title='bbox 686 2844 761 2898; x_wconf 90' lang='lat' dir='ltr'>Timo</span> <span class='ocrx_word' id='word_1_222' title='bbox 788 2861 851 2898; x_wconf 86' lang='lat' dir='ltr'>sane</span> <span class='ocrx_word' id='word_1_223' title='bbox 879 2845 1057 2914; x_wconf 80' lang='lat' dir='ltr'>sillographos</span> <span class='ocrx_word' id='word_1_224' title='bbox 1085 2846 1235 2914; x_wconf 86' lang='lat' dir='ltr'>loquentem</span> <span class='ocrx_word' id='word_1_225' title='bbox 1254 2847 1359 2900; x_wconf 80' lang='lat' dir='ltr'>induxit</span> <span class='ocrx_word' id='word_1_226' title='bbox 1377 2847 1466 2902; x_wconf 93' lang='lat' dir='ltr'>Xeno-</span> 
     </span>
     <span class='ocr_line' id='line_1_26' title="bbox 339 2933 1466 3005; baseline 0.003 -17"><span class='ocrx_word' id='word_1_227' title='bbox 339 2935 460 3005; x_wconf 84' lang='lat' dir='ltr'>phanem,</span> <span class='ocrx_word' id='word_1_228' title='bbox 475 2951 499 2988; x_wconf 83' lang='lat' dir='ltr'>v.</span> <span class='ocrx_word' id='word_1_229' title='bbox 512 2933 694 2999; x_wconf 85' lang='lat' dir='ltr'>Wachsmnth,</span> <span class='ocrx_word' id='word_1_230' title='bbox 713 2933 744 2987; x_wconf 96' lang='lat' dir='ltr'>de</span> <span class='ocrx_word' id='word_1_231' title='bbox 759 2933 865 2988; x_wconf 90' lang='lat' dir='ltr'>Timone</span> <span class='ocrx_word' id='word_1_232' title='bbox 878 2951 904 3003; x_wconf 92' lang='lat' dir='ltr'>p.</span> <span class='ocrx_word' id='word_1_233' title='bbox 920 2937 960 2988; x_wconf 81' lang='lat'>29.</span> <span class='ocrx_word' id='word_1_234' title='bbox 993 2933 1155 3004; x_wconf 80' lang='lat' dir='ltr'>Sapientiam</span> <span class='ocrx_word' id='word_1_235' title='bbox 1176 2953 1251 2988; x_wconf 87' lang='lat' dir='ltr'>suam</span> <span class='ocrx_word' id='word_1_236' title='bbox 1270 2938 1384 2990; x_wconf 81' lang='lat' dir='ltr'>carmine</span> <span class='ocrx_word' id='word_1_237' title='bbox 1403 2953 1466 2991; x_wconf 92' lang='lat' dir='ltr'>con-</span> 
     </span>
     <span class='ocr_line' id='line_1_27' title="bbox 341 3021 1465 3092; baseline 0.003 -15"><span class='ocrx_word' id='word_1_238' title='bbox 341 3023 418 3088; x_wconf 86' lang='lat' dir='ltr'>didit,</span> <span class='ocrx_word' id='word_1_239' title='bbox 428 3024 471 3077; x_wconf 90' lang='lat' dir='ltr'>cui</span> <span class='ocrx_word' id='word_1_240' title='bbox 481 3023 549 3092; x_wconf 87' lang='lat' dir='ltr'>quod</span> <span class='ocrx_word' id='word_1_241' title='bbox 558 3039 599 3092; x_wconf 85' lang='lat' dir='ltr'>ap.</span> <span class='ocrx_word' id='word_1_242' title='bbox 612 3021 684 3076; x_wconf 85' lang='lat' dir='ltr'>Stob.</span> <span class='ocrx_word' id='word_1_243' title='bbox 694 3022 709 3076; x_wconf 93' lang='lat' dir='ltr'>I</span> <span class='ocrx_word' id='word_1_244' title='bbox 719 3024 772 3077; x_wconf 80' lang='lat'>294</span> <span class='ocrx_word' id='word_1_245' title='bbox 785 3038 878 3076; x_wconf 89' lang='lat' dir='ltr'>nornen</span> <span class='ocrx_word' id='word_1_246' title='bbox 887 3023 988 3077; x_wconf 88' lang='lat' dir='ltr'>inditur</span> <span class='ocrx_word' id='word_1_247' title='bbox 1003 3023 1192 3092; x_wconf 79' lang='grc' dir='ltr'>περὶφύσεως,</span> <span class='ocrx_word' id='word_1_248' title='bbox 1211 3027 1309 3092; x_wconf 87' lang='lat' dir='ltr'>respice</span> <span class='ocrx_word' id='word_1_249' title='bbox 1322 3031 1366 3078; x_wconf 71' lang='lat' dir='ltr'>a?</span> <span class='ocrx_word' id='word_1_250' title='bbox 1377 3027 1428 3080; x_wconf 90' lang='grc'>109</span> <span class='ocrx_word' id='word_1_251' title='bbox 1436 3025 1465 3080; x_wconf 91' lang='lat' dir='ltr'>b.</span> 
     </span>
     <span class='ocr_line' id='line_1_28' title="bbox 340 3109 1465 3181; baseline -0.002 -14"><span class='ocrx_word' id='word_1_252' title='bbox 340 3112 381 3167; x_wconf 81' lang='lat' dir='ltr'>Cf.</span> <span class='ocrx_word' id='word_1_253' title='bbox 401 3111 519 3181; x_wconf 82' lang='lat' dir='ltr'>Simplic.</span> <span class='ocrx_word' id='word_1_254' title='bbox 539 3110 569 3165; x_wconf 83' lang='lat' dir='ltr'>de</span> <span class='ocrx_word' id='word_1_255' title='bbox 588 3111 668 3166; x_wconf 79' lang='lat' dir='ltr'>Caelo</span> <span class='ocrx_word' id='word_1_256' title='bbox 687 3112 759 3166; x_wconf 76' lang='lat' dir='ltr'>233v</span> <span class='ocrx_word' id='word_1_257' title='bbox 777 3112 820 3166; x_wconf 78' lang='lat'>23.</span> <span class='ocrx_word' id='word_1_258' title='bbox 840 3113 911 3166; x_wconf 69' lang='lat'>506⁸</span> <span class='ocrx_word' id='word_1_259' title='bbox 930 3113 965 3166; x_wconf 87' lang='grc'>40</span> <span class='ocrx_word' id='word_1_260' title='bbox 983 3112 1026 3165; x_wconf 88' lang='lat' dir='ltr'>Br.</span> <span class='ocrx_word' id='word_1_261' title='bbox 1055 3109 1150 3180; x_wconf 80' lang='grc' dir='ltr'>α’γνσῶ</span> <span class='ocrx_word' id='word_1_262' title='bbox 1169 3112 1202 3164; x_wconf 81' lang='grc' dir='ltr'>δὲ</span> <span class='ocrx_word' id='word_1_263' title='bbox 1222 3111 1278 3181; x_wconf 78' lang='grc' dir='ltr'>ἐγιδ</span> <span class='ocrx_word' id='word_1_264' title='bbox 1303 3119 1358 3171; x_wconf 92' lang='grc' dir='ltr'>τοῖς</span> <span class='ocrx_word' id='word_1_265' title='bbox 1376 3113 1465 3170; x_wconf 84' lang='grc' dir='ltr'>Ξενο-</span> 
     </span>
     <span class='ocr_line' id='line_1_29' title="bbox 341 3195 1465 3271; baseline 0.001 -18"><span class='ocrx_word' id='word_1_266' title='bbox 341 3198 449 3271; x_wconf 88' lang='grc' dir='ltr'>φάνους</span> <span class='ocrx_word' id='word_1_267' title='bbox 467 3197 543 3253; x_wconf 71' lang='grc' dir='ltr'>ἔπεσι</span> <span class='ocrx_word' id='word_1_268' title='bbox 560 3207 616 3260; x_wconf 80' lang='grc' dir='ltr'>τοῖς</span> <span class='ocrx_word' id='word_1_269' title='bbox 635 3201 698 3268; x_wconf 85' lang='grc' dir='ltr'>περὶ</span> <span class='ocrx_word' id='word_1_270' title='bbox 716 3199 815 3251; x_wconf 80' lang='grc' dir='ltr'>τούτου</span> <span class='ocrx_word' id='word_1_271' title='bbox 833 3198 871 3270; x_wconf 88' lang='grc' dir='ltr'>μὴ</span> <span class='ocrx_word' id='word_1_272' title='bbox 896 3197 1018 3268; x_wconf 77' lang='grc' dir='ltr'>ἐντυχών</span> <span class='ocrx_word' id='word_1_273' title='bbox 1042 3195 1162 3270; x_wconf 80' lang='grc' dir='ltr'>πότερον</span> <span class='ocrx_word' id='word_1_274' title='bbox 1188 3201 1220 3253; x_wconf 67' lang='lat' dir='ltr'>ro*</span> <span class='ocrx_word' id='word_1_275' title='bbox 1245 3201 1317 3254; x_wconf 84' lang='grc' dir='ltr'>κάτω</span> <span class='ocrx_word' id='word_1_276' title='bbox 1342 3206 1389 3264; x_wconf 78' lang='grc' dir='ltr'>τῆς</span> <span class='ocrx_word' id='word_1_277' title='bbox 1413 3208 1465 3270; x_wconf 81' lang='grc' dir='ltr'>γῆς</span> 
     </span>
     <span class='ocr_line' id='line_1_30' title="bbox 339 3285 1466 3362; baseline 0.005 -21"><span class='ocrx_word' id='word_1_278' title='bbox 339 3290 424 3362; x_wconf 80' lang='grc' dir='ltr'>μέρος</span> <span class='ocrx_word' id='word_1_279' title='bbox 442 3287 556 3358; x_wconf 79' lang='grc' dir='ltr'>ἄπειρον</span> <span class='ocrx_word' id='word_1_280' title='bbox 575 3288 666 3358; x_wconf 80' lang='grc' dir='ltr'>λέγων</span> <span class='ocrx_word' id='word_1_281' title='bbox 685 3287 832 3341; x_wconf 68' lang='lat' dir='ltr'>diationico</span> <span class='ocrx_word' id='word_1_282' title='bbox 850 3288 945 3360; x_wconf 82' lang='grc' dir='ltr'>μένειν</span> <span class='ocrx_word' id='word_1_283' title='bbox 964 3285 1050 3353; x_wconf 66' lang='lat' dir='ltr'>aricia</span> <span class='ocrx_word' id='word_1_284' title='bbox 1076 3307 1166 3358; x_wconf 90' lang='grc' dir='ltr'>φησιν.</span> <span class='ocrx_word' id='word_1_285' title='bbox 1204 3290 1315 3346; x_wconf 86' lang='lat' dir='ltr'>Videtur</span> <span class='ocrx_word' id='word_1_286' title='bbox 1333 3295 1391 3345; x_wconf 88' lang='lat' dir='ltr'>tum</span> <span class='ocrx_word' id='word_1_287' title='bbox 1409 3309 1466 3348; x_wconf 87' lang='lat' dir='ltr'>non</span> 
     </span>
     <span class='ocr_line' id='line_1_31' title="bbox 341 3380 480 3434; baseline 0 0"><span class='ocrx_word' id='word_1_288' title='bbox 341 3380 480 3434; x_wconf 80' lang='lat' dir='ltr'>exstitisse.</span> 
     </span>
    </p>

    <p class='ocr_par' dir='ltr' id='par_1_10' title="bbox 340 3465 1466 3799">
     <span class='ocr_line' id='line_1_32' title="bbox 411 3465 1466 3538; baseline 0 -15"><span class='ocrx_word' id='word_1_289' title='bbox 411 3482 438 3523; x_wconf 85' lang='lat' dir='ltr'>c.</span> <span class='ocrx_word' id='word_1_290' title='bbox 466 3465 559 3522; x_wconf 90' lang='lat' dir='ltr'>Herod.</span> <span class='ocrx_word' id='word_1_291' title='bbox 579 3467 593 3521; x_wconf 98' lang='grc' dir='ltr'>Ι</span> <span class='ocrx_word' id='word_1_292' title='bbox 614 3468 761 3522; x_wconf 79' lang='grc'>164-167.</span> <span class='ocrx_word' id='word_1_293' title='bbox 799 3467 883 3521; x_wconf 84' lang='lat' dir='ltr'>Tituli</span> <span class='ocrx_word' id='word_1_294' title='bbox 901 3466 972 3521; x_wconf 89' lang='lat' dir='ltr'>hand</span> <span class='ocrx_word' id='word_1_295' title='bbox 991 3469 1044 3523; x_wconf 83' lang='lat' dir='ltr'>scio</span> <span class='ocrx_word' id='word_1_296' title='bbox 1063 3485 1097 3522; x_wconf 86' lang='lat' dir='ltr'>an</span> <span class='ocrx_word' id='word_1_297' title='bbox 1117 3469 1298 3523; x_wconf 89' lang='lat' dir='ltr'>commenticii.</span> <span class='ocrx_word' id='word_1_298' title='bbox 1336 3470 1395 3538; x_wconf 85' lang='lat' dir='ltr'>Ipse</span> <span class='ocrx_word' id='word_1_299' title='bbox 1414 3486 1466 3523; x_wconf 87' lang='lat' dir='ltr'>nu·</span> 
     </span>
     <span class='ocr_line' id='line_1_33' title="bbox 340 3553 1465 3626; baseline 0.002 -15"><span class='ocrx_word' id='word_1_300' title='bbox 340 3573 426 3611; x_wconf 84' lang='lat' dir='ltr'>merus</span> <span class='ocrx_word' id='word_1_301' title='bbox 445 3553 496 3618; x_wconf 76' lang='grc' dir='ltr'>ἔπη</span> <span class='ocrx_word' id='word_1_302' title='bbox 514 3555 637 3624; x_wconf 80' lang='grc' dir='ltr'>δισχίλια</span> <span class='ocrx_word' id='word_1_303' title='bbox 655 3556 769 3611; x_wconf 86' lang='lat' dir='ltr'>Lobonis</span> <span class='ocrx_word' id='word_1_304' title='bbox 787 3555 881 3626; x_wconf 74' lang='lat' dir='ltr'>Argiai</span> <span class='ocrx_word' id='word_1_305' title='bbox 900 3557 987 3626; x_wconf 88' lang='lat' dir='ltr'>(Diog.</span> <span class='ocrx_word' id='word_1_306' title='bbox 1007 3557 1071 3612; x_wconf 84' lang='lat'>134</span> <span class='ocrx_word' id='word_1_307' title='bbox 1089 3561 1116 3611; x_wconf 92' lang='lat' dir='ltr'>et</span> <span class='ocrx_word' id='word_1_308' title='bbox 1129 3557 1175 3625; x_wconf 88' lang='lat'>35)</span> <span class='ocrx_word' id='word_1_309' title='bbox 1194 3557 1345 3612; x_wconf 85' lang='lat' dir='ltr'>mendacem</span> <span class='ocrx_word' id='word_1_310' title='bbox 1365 3557 1465 3613; x_wconf 87' lang='lat' dir='ltr'>doctri·</span> 
     </span>
     <span class='ocr_line' id='line_1_34' title="bbox 340 3645 1463 3716; baseline 0.004 -17"><span class='ocrx_word' id='word_1_311' title='bbox 340 3661 402 3700; x_wconf 84' lang='lat' dir='ltr'>nam</span> <span class='ocrx_word' id='word_1_312' title='bbox 427 3646 530 3714; x_wconf 81' lang='lat' dir='ltr'>arguit,</span> <span class='ocrx_word' id='word_1_313' title='bbox 557 3661 637 3714; x_wconf 87' lang='lat' dir='ltr'>qnam</span> <span class='ocrx_word' id='word_1_314' title='bbox 662 3646 685 3698; x_wconf 90' lang='lat' dir='ltr'>is</span> <span class='ocrx_word' id='word_1_315' title='bbox 709 3647 738 3699; x_wconf 93' lang='lat' dir='ltr'>in</span> <span class='ocrx_word' id='word_1_316' title='bbox 762 3645 781 3699; x_wconf 90' lang='lat'>1.</span> <span class='ocrx_word' id='word_1_317' title='bbox 809 3649 873 3712; x_wconf 80' lang='lat' dir='ltr'>napi</span> <span class='ocrx_word' id='word_1_318' title='bbox 892 3650 1012 3709; x_wconf 80' lang='grc' dir='ltr'>ποιητῶν</span> <span class='ocrx_word' id='word_1_319' title='bbox 1040 3647 1127 3716; x_wconf 89' lang='lat' dir='ltr'>(Diog.</span> <span class='ocrx_word' id='word_1_320' title='bbox 1147 3647 1161 3700; x_wconf 97' lang='lat' dir='ltr'>I</span> <span class='ocrx_word' id='word_1_321' title='bbox 1181 3647 1243 3714; x_wconf 83' lang='lat'>111)</span> <span class='ocrx_word' id='word_1_322' title='bbox 1271 3647 1402 3712; x_wconf 87' lang='lat' dir='ltr'>ediderat;</span> <span class='ocrx_word' id='word_1_323' title='bbox 1427 3649 1463 3703; x_wconf 84' lang='lat' dir='ltr'>cf.</span> 
     </span>
     <span class='ocr_line' id='line_1_35' title="bbox 340 3733 859 3799; baseline 0.002 -11"><span class='ocrx_word' id='word_1_324' title='bbox 340 3735 371 3788; x_wconf 84' lang='grc' dir='ltr'>Ε.</span> <span class='ocrx_word' id='word_1_325' title='bbox 389 3735 483 3799; x_wconf 87' lang='lat' dir='ltr'>Hiller,</span> <span class='ocrx_word' id='word_1_326' title='bbox 502 3735 570 3788; x_wconf 83' lang='lat' dir='ltr'>Mna.</span> <span class='ocrx_word' id='word_1_327' title='bbox 590 3734 640 3788; x_wconf 86' lang='lat' dir='ltr'>Rh.</span> <span class='ocrx_word' id='word_1_328' title='bbox 659 3733 780 3788; x_wconf 88' lang='lat' dir='ltr'>XXXIII</span> <span class='ocrx_word' id='word_1_329' title='bbox 798 3734 859 3790; x_wconf 83' lang='lat'>529.</span> 
     </span>
    </p>
   </div>
   <div class='ocr_carea' id='block_1_6' title="bbox 179 3909 1508 4000">
    <p class='ocr_par' dir='ltr' id='par_1_11' title="bbox 179 3909 1508 4000">
     <span class='ocr_line' id='line_1_36' title="bbox 179 3909 1508 4000; baseline 0.005 -24"><span class='ocrx_word' id='word_1_330' title='bbox 179 3943 340 3994; x_wconf 67' lang='lat' dir='ltr'>pavescens</span> <span class='ocrx_word' id='word_1_331' title='bbox 407 3913 503 3976; x_wconf 79' lang='lat' dir='ltr'>Arist.</span> <span class='ocrx_word' id='word_1_332' title='bbox 526 3913 620 3977; x_wconf 81' lang='lat' dir='ltr'>Rhcr.</span> <span class='ocrx_word' id='word_1_333' title='bbox 642 3913 677 3976; x_wconf 88' lang='lat' dir='ltr'>H</span> <span class='ocrx_word' id='word_1_334' title='bbox 701 3921 753 3978; x_wconf 80' lang='lat'>23.</span> <span class='ocrx_word' id='word_1_335' title='bbox 773 3912 879 3980; x_wconf 63' lang='lat'>139912</span> <span class='ocrx_word' id='word_1_336' title='bbox 905 3923 934 3979; x_wconf 84' lang='grc'>6.</span> <span class='ocrx_word' id='word_1_337' title='bbox 966 3909 1147 4000; x_wconf 79' lang='grc' dir='ltr'>Ξενοφάνης</span> <span class='ocrx_word' id='word_1_338' title='bbox 1170 3917 1265 3998; x_wconf 70' lang='grc' dir='ltr'>ἔλεγεν</span> <span class='ocrx_word' id='word_1_339' title='bbox 1289 3912 1333 3979; x_wconf 80' lang='grc' dir='ltr'>ὅτι</span> <span class='ocrx_word' id='word_1_340' title='bbox 1350 3910 1464 3997; x_wconf 82' lang='grc' dir='ltr'>ὁμοίως</span> <span class='ocrx_word' id='word_1_341' title='bbox 1481 3949 1508 3988; x_wconf 71' lang='grc' dir='ltr'>ει</span> 
     </span>
    </p>
   </div>
   <div class='ocr_carea' id='block_1_7' title="bbox 203 4007 1462 4108">
    <p class='ocr_par' dir='ltr' id='par_1_12' title="bbox 203 4007 1462 4108">
     <span class='ocr_line' id='line_1_37' title="bbox 203 4007 1462 4108; baseline 0.007 -30"><span class='ocrx_word' id='word_1_342' title='bbox 203 4007 316 4048; x_wconf 63' lang='lat' dir='ltr'><strong>⁰p¹¹²¹⁰¹¹⁰⁵</strong></span> <span class='ocrx_word' id='word_1_343' title='bbox 340 4013 503 4101; x_wconf 71' lang='grc' dir='ltr'>ἀσεβοῦσιν</span> <span class='ocrx_word' id='word_1_344' title='bbox 540 4021 567 4084; x_wconf 81' lang='lat' dir='ltr'>ni</span> <span class='ocrx_word' id='word_1_345' title='bbox 596 4019 738 4105; x_wconf 76' lang='grc' dir='ltr'>γενέσθαι</span> <span class='ocrx_word' id='word_1_346' title='bbox 769 4014 936 4108; x_wconf 82' lang='grc' dir='ltr'>φάσκοντες</span> <span class='ocrx_word' id='word_1_347' title='bbox 973 4017 1047 4096; x_wconf 75' lang='grc' dir='ltr'>τοὺς</span> <span class='ocrx_word' id='word_1_348' title='bbox 1081 4016 1175 4098; x_wconf 78' lang='grc' dir='ltr'>θεσδς</span> <span class='ocrx_word' id='word_1_349' title='bbox 1203 4032 1268 4096; x_wconf 79' lang='grc' dir='ltr'>τοῖς</span> <span class='ocrx_word' id='word_1_350' title='bbox 1295 4017 1462 4089; x_wconf 84' lang='grc' dir='ltr'>άποθανεΐν</span> 
     </span>
    </p>
   </div>
   <div class='ocr_carea' id='block_1_8' title="bbox 341 4119 1460 4213">
    <p class='ocr_par' dir='ltr' id='par_1_13' title="bbox 341 4107 1551 4222">
     <span class='ocr_line' id='line_1_38' title="bbox 341 4119 1460 4213; baseline 0.006 -26"><span class='ocrx_word' id='word_1_351' title='bbox 341 4129 502 4208; x_wconf 76' lang='grc' dir='ltr'>λέγουσιν·</span> <span class='ocrx_word' id='word_1_352' title='bbox 526 4119 709 4212; x_wconf 75' lang='grc' dir='ltr'>ἀμφοτέρως</span> <span class='ocrx_word' id='word_1_353' title='bbox 724 4125 781 4213; x_wconf 74' lang='grc' dir='ltr'>γάρ</span> <span class='ocrx_word' id='word_1_354' title='bbox 797 4131 957 4210; x_wconf 81' lang='grc' dir='ltr'>συμβαίνει</span> <span class='ocrx_word' id='word_1_355' title='bbox 973 4127 1016 4212; x_wconf 86' lang='grc' dir='ltr'>μὴ</span> <span class='ocrx_word' id='word_1_356' title='bbox 1040 4126 1113 4194; x_wconf 78' lang='grc' dir='ltr'>εἶναι</span> <span class='ocrx_word' id='word_1_357' title='bbox 1136 4127 1209 4203; x_wconf 83' lang='grc' dir='ltr'>τοδς</span> <span class='ocrx_word' id='word_1_358' title='bbox 1232 4125 1327 4205; x_wconf 76' lang='grc' dir='ltr'>θεοίς</span> <span class='ocrx_word' id='word_1_359' title='bbox 1350 4155 1420 4194; x_wconf 89' lang='grc' dir='ltr'>ποτε</span> <span class='ocrx_word' id='word_1_360' title='bbox 1436 4141 1460 4196; x_wconf 75' lang='lat'>⁸.</span> 
     </span>
    </p>
   </div>
   <div class='ocr_carea' id='block_1_9' title="bbox 339 4237 1551 4499">
    <p class='ocr_par' dir='ltr' id='par_1_14' title="bbox 339 4237 1551 4499">
     <span class='ocr_line' id='line_1_39' title="bbox 412 4237 1551 4324; baseline 0.003 -22"><span class='ocrx_word' id='word_1_361' title='bbox 412 4262 442 4302; x_wconf 82' lang='lat' dir='ltr'>a.</span> <span class='ocrx_word' id='word_1_362' title='bbox 469 4247 568 4302; x_wconf 91' lang='lat' dir='ltr'>Ibidem</span> <span class='ocrx_word' id='word_1_363' title='bbox 588 4250 677 4304; x_wconf 81' lang='lat' dir='ltr'>1400b</span> <span class='ocrx_word' id='word_1_364' title='bbox 696 4250 721 4304; x_wconf 84' lang='lat'>5.</span> <span class='ocrx_word' id='word_1_365' title='bbox 762 4241 926 4318; x_wconf 75' lang='grc' dir='ltr'>Ξενοφάνης</span> <span class='ocrx_word' id='word_1_366' title='bbox 953 4247 1086 4310; x_wconf 64' lang='lat' dir='ltr'>&#39;Electram</span> <span class='ocrx_word' id='word_1_367' title='bbox 1115 4247 1256 4321; x_wconf 73' lang='grc' dir='ltr'>ἐρωτῶσιν</span> <span class='ocrx_word' id='word_1_368' title='bbox 1279 4253 1304 4302; x_wconf 83' lang='grc' dir='ltr'>εἰ</span> <span class='ocrx_word' id='word_1_369' title='bbox 1321 4246 1410 4304; x_wconf 74' lang='grc' dir='ltr'>θύωσι</span> <span class='ocrx_word' id='word_1_370' title='bbox 1428 4257 1461 4324; x_wconf 76' lang='grc' dir='ltr'>τῇ</span> <span class='ocrx_word' id='word_1_371' title='bbox 1549 4237 1551 4272; x_wconf 60' lang='lat'>³</span> 
     </span>
     <span class='ocr_line' id='line_1_40' title="bbox 339 4332 1459 4411; baseline 0.005 -23"><span class='ocrx_word' id='word_1_372' title='bbox 339 4337 484 4406; x_wconf 73' lang='grc' dir='ltr'>Λευκοθέη</span> <span class='ocrx_word' id='word_1_373' title='bbox 502 4339 547 4388; x_wconf 83' lang='grc' dir='ltr'>καλ</span> <span class='ocrx_word' id='word_1_374' title='bbox 565 4341 706 4406; x_wconf 77' lang='grc' dir='ltr'>θρηνῶσιν</span> <span class='ocrx_word' id='word_1_375' title='bbox 726 4336 803 4406; x_wconf 80' lang='grc' dir='ltr'>ἢμή,</span> <span class='ocrx_word' id='word_1_376' title='bbox 824 4332 1027 4407; x_wconf 72' lang='grc' dir='ltr'>συνεβούλευεν,</span> <span class='ocrx_word' id='word_1_377' title='bbox 1046 4343 1132 4411; x_wconf 80' lang='grc' dir='ltr'>εἰμὲν</span> <span class='ocrx_word' id='word_1_378' title='bbox 1145 4339 1214 4394; x_wconf 72' lang='grc' dir='ltr'>θεδν</span> <span class='ocrx_word' id='word_1_379' title='bbox 1223 4338 1459 4411; x_wconf 79' lang='grc' dir='ltr'>ὑπολαμβάνουσι,</span> 
     </span>
     <span class='ocr_line' id='line_1_41' title="bbox 339 4424 943 4499; baseline 0.002 -19"><span class='ocrx_word' id='word_1_380' title='bbox 339 4425 378 4497; x_wconf 78' lang='grc' dir='ltr'><em>μή</em></span> <span class='ocrx_word' id='word_1_381' title='bbox 396 4431 517 4498; x_wconf 82' lang='grc' dir='ltr'>θρηνεῖν,</span> <span class='ocrx_word' id='word_1_382' title='bbox 536 4429 562 4478; x_wconf 82' lang='grc' dir='ltr'>εἰ</span> <span class='ocrx_word' id='word_1_383' title='bbox 578 4424 606 4478; x_wconf 86' lang='grc' dir='ltr'>δ’</span> <span class='ocrx_word' id='word_1_384' title='bbox 619 4425 778 4498; x_wconf 74' lang='grc' dir='ltr'>ἄνθρωπον,</span> <span class='ocrx_word' id='word_1_385' title='bbox 795 4424 835 4499; x_wconf 77' lang='grc' dir='ltr'>μη</span> <span class='ocrx_word' id='word_1_386' title='bbox 852 4426 943 4482; x_wconf 75' lang='grc' dir='ltr'>θύειν.</span> 
     </span>
    </p>
   </div>
   <div class='ocr_carea' id='block_1_10' title="bbox 0 0 1580 4996">
    <p class='ocr_par' dir='ltr' id='par_1_15' title="bbox 0 0 1580 4996">
     <span class='ocr_line' id='line_1_42' title="bbox 0 0 1580 4996; baseline 0 0"><span class='ocrx_word' id='word_1_387' title='bbox 0 0 1580 4996; x_wconf 95' lang='lat' dir='ltr'> </span> 
     </span>
    </p>
   </div>
  </div>
 </body>
</html>
