3148 4984
151 1466 278 1518 Simplioius

303 333 357 394 568
773 335 961 406 Neoplatonioi.

305 493 462 585 ἐκδημίας
485 495 542 560 οὐκ
566 495 599 560 ἐν
621 500 734 582 βραχεῖ
750 521 814 560 τινι
830 493 887 560 καὶ
903 493 1100 583 ἠμελημένοι,
1124 483 1201 560 ἀλλ’
1220 493 1298 559 ὅθεν
1314 492 1427 570 αὐτοῖς

305 604 323 669 δ
346 602 462 691 ἑφεξῆς
484 599 555 686 βίος
578 598 624 679 εἷς
647 604 685 668 τὸ
707 601 853 690 θυμῆρες
875 625 910 668 τε
933 601 991 667 καὶ
1015 602 1144 690 ἥδιστον
1166 600 1425 686 ἀπετελεύτησεν.

305 709 419 796 ἐπειδὴ
443 710 504 795 γὰρ
528 698 604 772 κατ’
625 707 725 774 ἐκεῖνο
756 719 813 774 τοῦ
834 709 947 794 χρόνου
969 698 1130 789 Ῥωμαῖοί
1157 731 1192 773 τε
1215 705 1271 772 καὶ
1295 704 1427 791 Πέρσαι

304 816 451 892 σπονδὰς
466 811 581 882 ἔθεντο
604 814 661 880 καὶ
684 815 857 903 ξυνθήκας,
880 814 979 902 μέρος
998 816 1120 902 ὑπῆρχε
1142 828 1206 878 τῶν
1229 803 1305 878 κατ’
1325 811 1428 890 αάτάς

305 919 594 1008 ἀναγεγραμμένων
617 923 655 988 τὸ
679 923 745 988 δεῖν
763 919 902 1000 ἐκείνους
925 923 1000 999 τοὺς
1023 921 1142 1008 ἀνδρας
1164 920 1197 998 ἐς
1220 922 1261 984 τὰ
1284 917 1427 1006 σφέτερα

305 1027 372 1116 ἤδη
396 1028 568 1106 κατιόντας
590 1030 745 1112 βιοτεύειν
768 1029 869 1106 ἀδεῶς
892 1029 930 1094 τό
954 1029 1071 1094 λοιπὸν
1094 1017 1151 1117 ἐφ’
1170 1025 1311 1107 ἑαυτοῖς,
1336 1025 1429 1092 οὐδὲν

305 1136 411 1200 ὁτιοῦν
434 1134 521 1223 πέρα
551 1147 616 1201 τῶν
643 1135 822 1202 δοκούντων
845 1139 974 1222 φρονεῖν
997 1137 1015 1223 ἢ
1037 1135 1252 1217 μεταβάλλειν
1275 1135 1332 1220 τὴν
1356 1157 1427 1196 ττα-

305 1237 413 1327 τρῴαν
436 1241 534 1320 δόξαν
552 1241 838 1326 ἀναγκαζομένους.

376 1380 404 1420 a.
424 1365 475 1420 Hic
497 1365 614 1420 Isidorus
638 1367 705 1419 alius
729 1366 833 1420 videtur
858 1383 914 1418 esse
939 1369 1019 1434 atque
1038 1365 1231 1418 Alexandrinus
1249 1364 1293 1416 ille
1311 1363 1358 1432 qui
1376 1379 1430 1416 me-

305 1459 423 1508 moratur
436 1454 552 1521 neom,
571 1455 602 1508 ef.
623 1453 695 1508 Suid.
715 1473 738 1508 v.
754 1456 898 1528 Συριανός.
927 1454 1081 1508 Damasoius
1101 1469 1160 1506 vero
1179 1455 1207 1505 et
1225 1451 1429 1521 Simplicius

304 1543 382 1595 iidem
401 1546 472 1609 sunt,
492 1543 637 1613 dequibus
656 1543 756 1596 dictum
775 1547 817 1596 est
836 1549 879 1594 BP
898 1543 984 1610 5441),
1008 1542 1051 1596 hie
1069 1542 1260 1596 commentariis
1279 1541 1307 1593 in
1326 1539 1431 1593 Aristo

305 1631 385 1684 telem
403 1635 430 1684 et
448 1631 599 1702 Epictetum
618 1632 723 1702 seriptis
743 1633 809 1685 satis
835 1633 862 1684 in
881 1631 993 1684 historia
1016 1631 1195 1701 philosophiae
1220 1629 1329 1696 nobilis,
1355 1647 1380 1682 v,
1401 1630 1429 1682 Z.

304 1720 345 1772 111
363 1719 398 1774 2⁸
417 1720 470 1774 844
480 1738 519 1790 sq.
556 1721 691 1774 Exsulatio
711 1721 756 1774 illa
771 1721 927 1788 voluntaria,
947 1721 979 1773 de
998 1737 1050 1790 qua
1068 1723 1160 1772 narrat
1178 1718 1315 1787 Agathias‚
1334 1718 1430 1771 incidit

304 1809 332 1861 in
351 1826 373 1862 a.
393 1808 454 1862 532.
492 1809 530 1863 cf.
550 1809 652 1879 Zumpt,
672 1809 816 1864 Commeat.
836 1809 882 1862 Ao.
901 1809 987 1862 Berol.
1007 1826 1029 1861 a.
1050 1810 1120 1862 1842
1138 1825 1163 1878 p.
1183 1807 1266 1876 59sq.

376 1915 406 1970 b.
426 1916 529 1970 Nimiae
547 1917 614 1970 istas
633 1917 839 1986 exspectationes
854 1917 1028 1969 commoverat
1045 1919 1077 1968 ut
1095 1914 1199 1968 videtur
1217 1915 1363 1967 inveterata
1382 1914 1430 1966 illa

305 2006 398 2074 opinio,
418 2005 488 2074 quod
505 2007 643 2076 putabant·
653 2005 778 2059 orientem
795 2022 851 2059 esse
868 2007 978 2058 matrem
995 2021 1024 2058 ae
1041 2004 1128 2058 sedem
1140 2005 1240 2073 priseae
1250 2003 1402 2072 sapientiae,
1412 2020 1430 2055 a

305 2111 357 2163 qua
366 2094 538 2148 descivissent
548 2093 641 2148 Graeci
650 2097 795 2148 novatores.
816 2094 854 2148 Cf.
866 2095 897 2147 de
907 2094 1017 2162 Myster.
1028 2093 1091 2161 Aeg.
1101 2093 1152 2146 VII
1162 2093 1179 2148 5
1188 2111 1213 2162 p.
1224 2093 1257 2146 25
1269 2093 1285 2145 9
1298 2092 1328 2145 Ρ.
1342 2111 1429 2164 μετα-

304 2186 460 2256 βαλλόμενα
479 2187 521 2237 ἀεὶ
540 2184 588 2236 διὰ
605 2185 653 2250 τὴν
666 2189 849 2255 καινοτομίαν
862 2189 908 2236 καὶ
928 2189 1107 2258 παρανομίαν
1125 2194 1179 2236 τῶν
1196 2179 1327 2249 Ἑλλήνων
1346 2181 1431 2234 οὐδὲν

306 2275 431 2326 παύεται.
470 2275 553 2344 φύσει
579 2275 632 2343 γὰρ
645 2267 769 2339 Ἕλληνές
794 2278 848 2326 εἰσι
867 2277 1060 2343 νεωτεροποιοὶ
1083 2277 1130 2325 καὶ
1149 2266 1276 2341 ᾄττοντες
1295 2276 1431 2344 φέρονται

307 2365 435 2434 πανταχῇ
459 2362 541 2414 οὐδὲν
564 2363 671 2432 ἔχοντες
696 2361 766 2433 ἕρμα
791 2363 821 2415 ίν
846 2361 953 2422 ἑαυτοῖς
972 2357 1036 2414 οὐδ’
1056 2363 1124 2433 ὅπερ
1145 2364 1179 2413 δν
1198 2361 1331 2422 δέξωνται
1351 2363 1431 2430 παριί

306 2469 387 2502 τινων
406 2451 654 2521 διαφυλάττοντες,
681 2453 813 2503 ἀλλὰκαὶ
834 2459 916 2503 τοῦτο
943 2451 1023 2511 ὀξέως
1042 2452 1157 2521 ἀφέντες
1177 2453 1270 2502 πάντα
1288 2450 1359 2501 κατὰ
1379 2449 1431 2514 τὴν

306 2543 427 2592 ἰίστατυν
446 2541 634 2608 εόρεσιλογίαν
651 2541 890 2610 μεταπλάττουσι·
917 2541 1050 2610 βάρβαροι
1068 2539 1100 2591 δὲ
1118 2540 1236 2610 μόνιμοι
1254 2543 1311 2597 τοῖς
1330 2541 1432 2602 ἤθεσιν

306 2630 381 2686 ὄντες
398 2631 444 2680 καὶ
465 2633 522 2687 τοῖς
540 2629 632 2695 λόγοις
650 2633 765 2694 βεβαίως
784 2633 842 2688 τοῖς
862 2629 957 2686 αὐτοῖς
975 2629 1134 2699 ἐμμένουσι.
1173 2625 1224 2679 Sed
1242 2625 1273 2678 ef.
1294 2625 1320 2678 Z.
1335 2623 1376 2677 III
1389 2622 1431 2678 2⁸

305 2715 358 2767 850
367 2715 387 2766 ⁴.

377 2817 402 2857 ο.
422 2803 442 2856 Ι.
462 2821 483 2857 e.
509 2804 590 2856 sacris
609 2803 825 2857 Christianorum.
864 2803 932 2856 Nam
956 2804 1099 2873 imperator
1124 2803 1287 2856 lastinianus
1311 2819 1431 2872 paganos

305 2892 510 2960 persequebatur
537 2892 766 2962 philosophiaeque
794 2892 944 2944 doctoribus
972 2892 1132 2962 stipendium
1160 2891 1259 2944 ademit
1277 2894 1305 2943 et
1325 2891 1431 2944 scholas

305 2997 394 3034 eorum
421 2980 571 3032 interdixit:
600 2981 690 3034 Zonar.
721 2981 814 3033 Annal.
839 2980 901 3033 XIV
928 2981 944 3033 6
969 2999 994 3050 p.
1013 2981 1067 3034 274
1090 2979 1192 3047 Dindf.;
1221 2980 1310 3033 Ioann.
1338 2980 1430 3034 Melan
1463 2979 1466 2984 ’

306 3068 448 3136 chronogr.
473 3069 563 3120 XVIII
587 3086 612 3137 p.
633 3069 699 3122 184:
724 3069 774 3122 187
795 3067 877 3122 Oxou.
903 3073 950 3123 ἐπὶ
975 3071 1006 3123 δὲ
1034 3079 1080 3136 τῆς
1109 3072 1241 3130 ὑπατείας
1265 3079 1316 3122 τοῦ
1343 3070 1433 3122 αὐτοῦ

307 3162 407 3210 Δεκίου
440 3158 473 3222 (a.
500 3157 564 3220 529)
592 3161 607 3210 ὁ
633 3160 715 3218 αὐτὸς
741 3159 869 3225 βασιλεὺς
896 3164 1035 3218 θεσπίσας
1064 3161 1218 3227 πρόσταξιν
1246 3158 1372 3229 ἔπεμψεν
1400 3159 1432 3212 ἒν

303 3243 430 3312 Ἀθήναις
443 3248 571 3306 κελεύσας
583 3247 691 3317 μηδένα
706 3247 852 3300 διδιίσκειν
867 3250 1040 3318 φιλοσοφίαν
1051 3249 1120 3318 μήτε
1135 3249 1244 3318 νόμιμα
1259 3249 1430 3315 ἐξηγεῖσθαι.

378 3355 407 3405 d.
429 3351 459 3404 In
476 3351 691 3404 antecedentibus
706 3355 860 3404 narraverat
875 3351 1022 3418 Chosroem‚
1037 3369 1123 3420 regem
1139 3353 1286 3419 Persarum,
1300 3352 1432 3406 Uranium

306 3440 489 3510 philosophum
504 3438 631 3493 Graecum
645 3457 731 3494 secum
750 3441 880 3507 habuisse,
899 3441 1028 3494 hominem
1048 3441 1232 3508 foedissimum,
1252 3441 1432 3510 Soeptioorum

306 3529 404 3598 placita
423 3530 576 3598 professum.
614 3528 741 3583 Chosroes
760 3531 889 3596 regnabat
908 3530 968 3582 inde
988 3531 1020 3582 ab
1036 3547 1059 3583 a.
1073 3529 1134 3582 531.
1172 3530 1273 3596 Pacem,
1292 3529 1367 3582 ouius
1380 3530 1432 3583 hoo

306 3619 362 3670 loeo
380 3618 478 3671 mentio
496 3617 536 3683 fit,
556 3635 614 3670 eum
632 3618 779 3670 iustiniano
798 3618 899 3687 pepigIt
917 3635 939 3672 a.
959 3619 1020 3672 533.
