3130 4980
311 316 365 377 244
826 321 913 376 Plato.

311 481 406 544 Ritter,
426 478 521 534 Geset.
541 480 567 534 d.
586 481 636 534 ΡΙι.
655 478 700 534 II2
719 481 780 536 301.
800 480 827 534 Ζ.
843 481 872 534 11
892 479 1005 536 11587.
1042 481 1115 536 Idem
1134 481 1290 536 Aristoteles
1309 481 1341 535 de
1355 497 1439 551 argu-

311 571 420 632 mentis,
449 569 544 637 quibua
569 568 648 623 Plato
671 585 747 622 suam
773 568 805 622 de
828 569 896 623 ideis
915 569 1062 624 doctrinam
1081 571 1150 624 inter
1168 569 1313 638 discipulos
1332 569 1438 623 mnnire

311 657 422 722 solebat,
441 657 599 726 explicatius
617 657 802 727 disputaverat
820 659 847 712 in
867 658 934 712 libro
953 658 1087 728 deperdito
1106 665 1168 730 περὶ
1184 660 1265 714 ἰόεσιν
1283 657 1438 726 (1ε.1508“

311 747 394 815 20sq.
414 747 499 814 Reae),
519 745 551 801 of.
571 746 662 810 Zeller,
682 747 756 800 Plat.
774 745 853 801 stud.
873 748 974 816 232sq.

381 853 411 906 d.
440 852 608 921 scripserunt
626 851 658 906 de
676 852 741 906 ideis
755 852 915 906 Platonicis:
934 853 1058 916 Herbart‚
1077 852 1108 906 de
1126 852 1260 907 Platonici
1278 853 1437 922 systematis

309 941 489 1004 fundamento,
509 940 583 994 Gott.
597 941 665 995 1805
684 941 809 1008 (Ψωλε,
829 941 884 996 Rei.
895 941 969 1008 ΧΠ).
1007 939 1232 1010 Trendelenburg‚
1251 941 1296 995 Pa
1315 941 1346 994 de
1365 940 1435 994 ideis

309 1033 337 1083 et
355 1031 469 1083 numeris
488 1029 609 1083 doctrina
627 1047 656 1082 ex
674 1028 786 1083 Aristot.
806 1030 914 1094 illustr.‚
934 1030 1006 1099 Lipa.
1028 1031 1105 1085 1826.
1143 1031 1237 1095 Zeller,
1253 1031 1323 1098 plat.
1342 1027 1436 1092 stud„

310 1117 375 1170 Tub.
396 1119 475 1182 1839,
493 1133 517 1186 p.
539 1118 638 1186 197εη.
675 1118 810 1186 Magum,
829 1135 867 1171 σιτ
886 1135 967 1186 ιεεσγ
987 1135 1022 1172 οτι
1041 1120 1085 1172 the
1103 1119 1230 1172 Platonic
1248 1119 1320 1186 idea,
1348 1117 1434 1171 Lond.

310 1207 388 1261 1866.
426 1207 459 1258 Η.
479 1205 577 1270 Cohen,
596 1205 623 1259 d.
641 1207 709 1274 piat.
728 1207 887 1260 Ιάειιιῑείινι
901 1207 1026 1275 γεγεῖισί,
1047 1209 1204 1272 ωιίωίείιείί,
1225 1207 1270 1262 Za.
1287 1208 1308 1274 f.
1325 1207 1434 1260 Vtiliter-

308 1296 404 1363 μεγεῖι.
423 1293 476 1359 IV,
501 1294 585 1347 Berol.
608 1295 684 1348 1866.
731 1295 827 1359 Dieck,
856 1295 962 1350 Uetera.
987 1313 1025 1351 τι.
1050 1297 1117 1364 plat.
1138 1296 1309 1360 Ιιίεειιλελτι,
1338 1295 1433 1364 Progr.

308 1383 382 1436 Port.
395 1384 470 1436 1876.
497 1381 531 1435 H.
540 1382 662 1446 Jackson
679 1384 736 1436 Pia
746 1385 814 1438 later
827 1385 922 1452 theory
934 1384 969 1450 of
976 1385 1052 1439 ιἰίεσε
1069 1385 1180 1453 (όοιιειι.
1191 1386 1223 1452 of
1226 1385 1323 1452 philol.
1333 1384 1366 1438 X.
1382 1383 1433 1437 XI.

309 1471 387 1524 Xlll.
402 1471 485 1539 xlv),
499 1470 582 1524 Lond.
594 1471 663 1524 1882
674 1488 712 1540 sq.
728 1471 759 1526 G.
771 1471 919 1536 Schneider,
931 1472 956 1528 ct.
965 1473 1034 1540 plat.
1046 1473 1234 1542 Μειομίιγειῖι,
1249 1473 1321 1542 Lipa.
1334 1473 1412 1527 1884,

139 1663 169 1744 ²⁰0
181 1654 282 1744 ”meg
339 1648 341 1652 ’
379 1649 498 1731 Oratyi
522 1657 585 1714 439
600 1649 633 1712 C.
680 1649 825 1736 Πότερον
848 1648 961 1738 ιγὼμίν
983 1675 1016 1714 τι
1039 1641 1123 1714 εῖναι
1148 1647 1227 1715 αότό
1249 1650 1349 1714 καλὸν
1373 1647 1483 1713 καίειν

311 1755 439 1841 ἀγαθὸν
461 1751 516 1819 καί
540 1749 575 1838 ἓν
597 1753 733 1820 ἕκαστον
748 1769 812 1820 τῶν
827 1751 928 1821 όντων
952 1758 1061 1836 οὕτως,
1086 1757 1106 1844 ἢ
1128 1757 1191 1844 μης
1214 1761 1281 1820 ΚΡ.
1298 1743 1434 1840 Ἔμοιγε

311 1864 415 1941 δοκεῖ,
446 1858 472 1925 ὡ
496 1861 673 1946 Σώκρατες.
725 1865 791 1927 ΣΩ.
830 1861 925 1928 Αότὸ
947 1861 1054 1928 τοίνυν
1084 1861 1185 1928 ἐκεῖνο
1216 1862 1431 1948 σκεψώμεθα,

310 1972 354 2058 μὴ
378 1966 407 2034 εί
429 1967 610 2055 πρόσιοπόν
633 1965 666 2032 τί
689 1967 758 2034 ἐστι
782 1969 882 2035 καλὸν
905 1968 924 2058 ἤ
947 1993 979 2034 τι
996 1982 1060 2034 τῶν
1083 1970 1244 2048 τοιούτων,
1268 1967 1325 2033 καί
1342 1969 1433 2033 δοκεῖ

310 2087 413 2142 ταῦτα
429 2075 540 2139 πάντα
563 2079 644 2162 ῥεῖν,
673 2065 746 2139 ἀλλ’
773 2075 867 2155 αότό,
891 2089 1017 2163 φῶμεν,
1041 2077 1079 2141 τὸ
1102 2076 1202 2141 καλὸν
1224 2074 1261 2140 οό
1283 2085 1433 2140 τοιοῦτον

310 2181 361 2249 άεί
384 2181 472 2248 ἐστιν
502 2172 569 2246 οἷόν
599 2180 706 2262 ἕστιν,·
744 2187 811 2246 ΚΡ.
845 2172 995 2270 Ἀνάγκη.
1029 2185 1095 2246 ΣΩ.
1130 2167 1202 2268 Ἆρ’
1229 2177 1283 2245 οὖν
1306 2171 1433 2246 οἷόντε

310 2292 504 2377 προσειπεῖν
528 2286 607 2353 αι’τό
630 2285 749 2375 ὀρθῶς,
774 2285 803 2352 εί
826 2287 877 2353 άεί
900 2287 1119 2374 ὑπεξέρχεται,
1145 2299 1275 2373 πρῶτον
1297 2285 1356 2370 μὲν
1379 2287 1432 2352 ὅτι

311 2395 412 2460 ἐκεῖνό
435 2393 538 2474 ἐστιν,
573 2389 689 2458 ἔπειτα
720 2393 770 2458 ὅτι
794 2405 953 2474 τοιοῦτον,
985 2394 1147 2483 ἢάνάγκη
1172 2396 1241 2476 όίμα
1264 2395 1354 2480 ἡμῶν
1378 2393 1433 2458 λε-

310 2499 531 2586 γόντωνόίλλο
555 2498 635 2564 αὐτὸ
657 2497 755 2577 εὐθὺς
771 2497 941 2585 γίγνεσθαι
964 2500 1022 2566 καί
1044 2499 1210 2580 ὑπεξιέναι
1233 2499 1291 2565 καὶ
1313 2498 1432 2588 μηκέτι

310 2610 412 2686 οὕτως
435 2603 531 2688 ἔχειν,
563 2611 628 2670 ΚΡ.
658 2595 809 2694 Ἀνάγκη.
846 2609 909 2671 EQ.
944 2611 1025 2684 Πῶς
1048 2603 1103 2672 σόν
1125 2608 1164 2671 ἂν
1187 2603 1237 2694 εἴη
1260 2631 1294 2670 τι
1316 2605 1430 2683 ἐκεῖνο,

310 2711 328 2780 ὃ
350 2712 515 2802 μηδέποτε
538 2713 692 2790 ὡσαύτως
714 2709 795 2794 ἔχει,
818 2711 847 2778 εί
870 2714 929 2801 γάρ
954 2739 1036 2780 ποτε
1059 2715 1212 2791 ὡσαύτως
1233 2709 1327 2794 ῖσχει,
1351 2709 1385 2778 όν
1400 2701 1428 2797 γ’

310 2818 419 2906 ἐκείνην
450 2819 497 2906 τῷ
530 2818 631 2906 χρόνῳ
666 2819 762 2906 δῆλον
796 2821 846 2884 ότι
881 2819 972 2886 οὐδὲν
1005 2818 1209 2904 μεταβαίνει’
1245 2816 1274 2884 εἰ
1308 2818 1345 2886 δὲ
1380 2818 1430 2884 ἀεὶ

310 2927 464 3003 ὡσαύτως
487 2923 549 3008 ἔχει
573 2925 630 2990 καί
653 2927 691 2991 τὸ
715 2924 793 2991 αότό
817 2925 895 3007 ἐστι,
920 2941 993 3005 πῶς
1010 2929 1048 2992 ἂν
1067 2927 1163 2992 τοῦτό
1179 2951 1213 3012 γε
1228 2925 1430 3010 μεταβάλλοι

309 3033 329 3118 ἢ
352 3035 475 3099 κινοῖτο
490 3031 589 3119 μηδὲν
606 3030 812 3114 ἐξιστάμενον
835 3045 891 3120 τῆς
915 3033 1014 3099 αὑτοῦ
1029 3031 1135 3113 ἷόέας;
1163 3038 1229 3098 ΚΡ.
1259 3031 1428 3115 Οὐδαμῶς.

310 3140 376 3201 ΣΩ.
406 3126 509 3201 Ἀλλά
531 3140 594 3226 μὴν
617 3127 688 3203 οὐδ’
714 3138 752 3202 άν
775 3136 937 3227 γνωσθείη
960 3163 996 3224 γε
1019 3129 1081 3204 ὑπ)
1108 3139 1242 3216 οὐδενός.
1274 3141 1343 3220 ἅμα
1367 3139 1429 3224 γὰρ

309 3245 348 3308 λῖν
371 3242 521 3321 ἐπιόντος
543 3255 601 3310 τοῦ
623 3243 822 3329 γνωσομένου
845 3245 924 3310 etto
947 3245 1004 3311 καὶ
1025 3245 1156 3312 ἀλλοῖον
1171 3243 1321 3331 γίγνοιτο,
1345 3247 1430 3310 ὥστε

309 3349 366 3416 οόκ
389 3351 428 3414 ἂν
451 3347 611 3437 γνωσθείη
635 3346 683 3414 ἔτι
707 3351 822 3417 ὁποῖόν
845 3349 881 3436 γε’
902 3347 936 3415 τί
958 3351 1045 3416 ἐστιν
1068 3353 1088 3440 ἢ
1107 3365 1180 3429 πῶς
1202 3347 1287 3433 ἔχον·
1311 3364 1429 3436 γνῶσις

308 3456 345 3522 δὲ
379 3457 416 3544 δή
453 3480 518 3521 που
555 3453 689 3539 οὐδεμία
724 3459 891 3542 γιγνώσκει
919 3454 937 3523 ὃ
966 3459 1133 3543 γιγνώσκει
1164 3459 1324 3546 μηδαμῶς
1347 3453 1426 3538 ἔχον.

307 3567 375 3627 ΚΡ.
399 3551 510 3627 ’Ἐστιν
539 3563 584 3640 ὡς
611 3561 721 3648 λέγεις.
761 3567 827 3628 ΣΩ.
855 3554 947 3628 Ἀλλ)
978 3563 1052 3630 οὐδὲ
1080 3578 1195 3650 γνῶσιν
1218 3556 1300 3628 εἶναι
1324 3564 1428 3650 φάναι

308 3666 402 3749 εἰκός,
427 3666 453 3733 ὡ
476 3670 636 3756 Κρατύλε,
661 3666 690 3734 εἰ
711 3668 917 3753 μεταπίπτει
940 3671 1051 3736 πάντα
1073 3673 1224 3759 χρήματα
1248 3669 1305 3736 καί
1327 3669 1428 3758 μηδὲν

307 3775 403 3860 μένει.
427 3773 456 3841 εί
478 3776 538 3859 μὲν
561 3779 622 3862 γὰρ
647 3775 725 3842 αὐτὸ
748 3787 851 3856 τοῦτο,
874 3779 893 3864 η
917 3791 1040 3863 γνῶσις,
1064 3789 1123 3844 τοῦ
1144 3790 1260 3862 γνῶσις
1283 3769 1366 3843 εἶναι
1381 3779 1426 3864 μη

306 3879 521 3966 μεταπίπτει,
544 3882 636 3965 με’νοι
659 3907 695 3947 τε
718 3883 757 3946 ἂν
780 3881 829 3948 ἀεὶ
853 3885 872 3971 ἡ
895 3898 1011 3968 γνῶσις
1034 3883 1091 3949 καί
1114 3880 1163 3972 εῖη
1186 3897 1317 3968 γνῶσις·
1341 3880 1426 3949 εἰδὲ

306 3989 363 4055 καί
387 3988 527 4055 αὐτότὸ
550 3979 636 4064 εῖόος
651 3986 856 4070 μεταπίπτει
879 4001 936 4076 τῆς
959 3991 1111 4074 γνώσεως,
1136 3992 1205 4072 ἅμα
1221 3979 1252 4054 τ’
1272 3989 1312 4054 liv
1325 4014 1425 4072 μετα-

306 4094 430 4162 πίπτοι
453 4093 500 4174 εῖς
523 4094 603 4160 άλλο
627 4087 713 4172 εἶδος
728 4095 873 4179 γνώσεως
895 4094 953 4160 καί
977 4094 1035 4162 οὐκ
1058 4097 1096 4160 ἂν
1119 4092 1167 4184 ε’ίη
1192 4110 1321 4180 γνῶσις·
1345 4093 1375 4162 εἰ
1390 4094 1426 4161 δὲ

307 4201 356 4266 άεὶ
379 4199 599 4284 μεταπίπτει,
635 4199 685 4266 άεὶ
709 4200 766 4266 οὐκ
789 4202 828 4265 ἂν
850 4197 900 4289 εἴη
924 4215 1048 4286 γνῶσις.
1083 4202 1140 4268 καὶ
1172 4201 1209 4268 ἐκ
1232 4204 1346 4268 τοότον
1369 4213 1426 4268 τοῦ

306 4307 401 4391 λόγον
425 4305 496 4372 σ’ότε
518 4309 556 4373 τὸ
579 4307 776 4392 γνωσόμενον
799 4306 870 4372 σ’ότε
894 4310 932 4373 τὸ
955 4309 1221 4396 γνωσθησόμενον
1243 4311 1282 4374 ἂν
1305 4306 1365 4397 εἰἠ.
1396 4305 1424 4373 εἰ

306 4411 343 4476 δὲ
378 4408 447 4477 ἔστι
481 4413 540 4496 μὲν
571 4412 620 4478 οῖεί
651 4417 689 4480 τὸ
719 4427 909 4499 γιγνῶσκον,
944 4411 1011 4480 ἔστι
1037 4415 1073 4481 tie*
1103 4417 1140 4482 τὸ
1164 4417 1423 4501 γιγνωσκόμενον,
