3140 4990
260 290 313 355 152
731 285 907 358 Empedocleo.

333 453 385 508 393
423 447 485 505 ἔνθ’
507 450 577 519 ἦσαν
596 455 706 516 Χθονίη
725 469 752 502 τε
771 451 816 502 καὶ
834 443 949 512 Ἡλιόπη
967 454 1107 504 ταναῶπις
1122 445 1142 508 ¹,

421 545 505 611 Δηρίς
523 536 556 594 θ’
580 540 753 612 αἱματόεσσα
772 542 818 591 καὶ
833 532 960 609 Ἁρμονίη
979 541 1142 606 θεμερῶπις,

420 631 565 684 Καλλιστώ
584 624 613 682 τ’
636 628 745 699 Λλσχρή
765 645 800 690 τε,
823 627 922 682 Θόωσά
942 643 969 678 τε
989 627 1096 690 Δηναίη
1115 639 1150 685 τε,

421 720 562 791 Νημερτής
581 713 608 770 τ’
631 719 746 790 ἐρόεσσα
764 715 951 788 μελιίγκουρός
969 706 995 765 τ’
1014 708 1155 781 Ἀσάφεια,

424 810 510 862 Φασώ
529 826 556 860 τε
578 809 706 880 Φθιμίνη
726 807 817 858 τεκαὶ
836 805 940 869 Εὐναίη
958 805 1005 856 καὶ
1017 795 1142 872 ’Ἐγερσις
1160 800 1215 850 κτλ.

262 895 332 964 Quor
359 912 449 950 versus
467 894 627 950 Plutarchus
647 892 680 946 ad
698 891 779 945 bonos
802 890 937 960 malorque
960 889 1051 954 genios
1075 886 1209 940 hominum
1238 883 1310 937 vitae
1338 880 1386 936 ud·

262 985 331 1040 ditos
350 985 436 1042 refert.
475 983 590 1054 Opponit
608 982 729 1036 tenebras
747 983 775 1034 et
792 981 887 1042 lucem,
908 977 1063 1032 discordiam
1084 979 1111 1030 et
1132 972 1306 1037 concordiam,
1324 970 1384 1040 pul·

261 1073 444 1128 chritndiucm
466 1075 493 1127 et
512 1070 712 1140 turpitudinem,
732 1069 893 1124 celeritatem
913 1069 941 1121 et
959 1065 1115 1120 tarditatem
1133 1066 1184 1119 eet.

130 1311 236 1354 *³¹¹³ssst
328 1305 460 1368 Arisioi.
491 1305 585 1368 Rhei.
615 1303 631 1365 I
666 1311 716 1368 13.
752 1299 866 1367 13731‘
891 1307 941 1364 14.
986 1291 1037 1374 Ὠς
1070 1293 1273 1380 Ἐμπεδοκλῆς
1306 1297 1382 1378 λε’γει
1393 1306 1458 1351 1424

101 1375 328 1497 ῃεοιῐθῃεήιιπερὶ
359 1418 415 1476 τοῦ
442 1405 485 1495 μὴ
515 1413 635 1475 κτείνειν
663 1405 699 1474 τὸ
723 1407 887 1490 ἔμψυχον·
911 1405 1003 1470 τοῦτο
1026 1403 1083 1490 γάρ
1108 1398 1143 1468 od
1168 1407 1229 1468 τισὶ
1252 1406 1309 1485 μὲν
1334 1403 1383 1464 δι’-

260 1544 345 1584 καιον
368 1521 428 1582 τισὶ
452 1511 481 1580 δ’
500 1513 534 1582 οὗ
561 1519 683 1594 δίκαιον,

306 1633 370 1690 426
396 1619 472 1689 ἄλλα
495 1620 531 1690 τὸ
553 1624 610 1706 μὲν
633 1616 755 1686 πάντων
779 1614 910 1702 νόμιμον
934 1614 985 1684 διώ
1008 1613 1041 1682 τ’
1066 1611 1287 1700 εὗρνμίδοντος
1318 1621 1384 1680 404

395 1731 519 1815 αἰθέρος
533 1725 667 1814 ,ἠνεκίως
689 1728 809 1792 τέταται
832 1720 883 1791 διά
905 1720 938 1790 τ’
964 1721 1096 1790 ἀπλέτου
1119 1719 1223 1809 αὐγῆς.

139 1898 227 1929 aureum
328 1873 535 1955 Empedocles
559 1891 607 1954 ep.
629 1871 782 1953 Porphyr.
808 1869 845 1932 de
868 1869 992 1932 Abstin.
1015 1867 1049 1931 H
1074 1875 1113 1932 21
1133 1867 1165 1930 et
1182 1873 1233 1931 27.
1267 1865 1459 1928 Athenaeo

261 1980 325 2044 ΧΠ
349 1987 413 2045 510
437 1980 466 2042 D
492 1980 549 2063 (VS.
573 1977 772 2060 ooo—411).

307 2111 371 2170 405
399 2100 483 2170 Οὗδί
502 2129 549 2179 τις
571 2095 590 2168 ι’
592 2131 609 2165 ν
632 2105 772 2168 κείνοισιν
787 2111 800 2138 ⁸
817 2096 911 2184 Ἄρης
933 2095 1009 2177 θεὸς
1033 2095 1106 2166 ου’-δέ
1130 2095 1289 2180 Κυδοιμὸς
1320 2105 1384 2164 368

397 2203 569 2285 odolla}
591 2202 733 2290 βασιλεὺς
757 2202 829 2273 οὐδὲ
853 2203 978 2292 Κρόνος
1002 2202 1072 2272 οὐδὲ
1094 2209 1263 2283 Ποσειδῶν,

395 2311 472 2380 ἀλλὰ
495 2313 617 2397 Κύπρις
639 2317 787 2396 βασίλεια.
1319 2319 1385 2376 370

396 2417 452 2507 τὴν
476 2426 507 2486 o‘l
527 2417 561 2505 γ’
587 2417 770 2503 εὐσεβέεσσιν
793 2403 966 2504 άμάλμασιν
990 2418 1146 2486 ἱλάσκοντο

127 1953 239 1991 saeculum

396 2539 537 2606 στακτοῖς
558 2555 590 2593 τε
614 2527 733 2613 ζώροισι
756 2521 884 2612 μόροισί
903 2553 935 2592 τε
960 2521 1192 2609 δαιδαλεόδμοις

256 2695 258 2700 .
308 2645 373 2702 410
397 2633 536 2722 σμόρνης
559 2630 593 2700 τ’
619 2631 751 2718 ιἰκρῆτου
774 2637 899 2708 θυσίαις
922 2631 1049 2715 λιβάνου
1072 2661 1104 2699 τε
1128 2631 1285 2711 θυώδους,

396 2742 520 2818 ’ξουθών
543 2769 575 2806 τε
601 2735 738 2817 σπονδὰς
759 2742 889 2823 μελιτών
911 2739 1089 2826 ῥιπτοῦντες
1112 2743 1143 2816 ἒς
1167 2732 1282 2817 οὖδας·

396 2846 518 2928 ταόραιν
542 2842 575 2910 δ’
601 2841 752 2930 ἀκρήτοισι
777 2841 882 2934 φόνοις
905 2842 939 2909 οὗ
965 2840 1069 2912 δἐόετο
1092 2842 1201 2929 βωμός
1214 2847 1237 2925 b,
1319 2853 1387 2914 375

396 2950 474 3018 ἀλλὰ
495 2947 593 3035 μόσος
616 2948 705 3017 ταῦτ’
731 2955 815 3018 ἴσκεν
838 2955 869 3016 ἓν
892 2948 1083 3036 ἀνθρώποισι
1105 2953 1257 3038 μέγιστον,

396 3053 502 3142 θυμόν
526 3055 771 3144 ιἰπορραίσαντας
793 3060 928 3142 ε’ίδμεναι
951 3055 1005 3144 ἧία
1027 3070 1096 3143 γυῖα
1111 3069 1132 3125 ⁰.

334 3198 363 3238 a.
387 3181 551 3237 Describitur
571 3183 614 3237 bic
633 3199 740 3236 aureum
761 3181 891 3250 quoddam
911 3183 1060 3248 saeculum,
1088 3199 1139 3252 quo
1167 3183 1257 3237 nullae
1285 3183 1389 3238 inerint

264 3272 419 3326 animalium
438 3271 644 3334 immolationem
664 3271 696 3325 cl.
715 3288 754 3324 vs.
774 3271 825 3325 421
846 3272 919 3340 (364)

423 3360 494 3428 ἦσαν
513 3363 566 3434 γὰρ
584 3357 649 3414 κτίλ’
672 3362 784 3414 ἅπαντα
803 3366 848 3414 καλ
868 3363 1042 3435 ἀνθρώποισι
1062 3373 1186 3434 προςηνῆ,

424 3454 505 3520 φηρές
524 3446 550 3501 τ’
573 3454 668 3502 οἰωνοί
685 3469 713 3502 τε
734 3452 926 3523 φιλοφροσύνη
945 3469 973 3503 τε
992 3448 1085 3522 δεδῄει

423 3538 539 3608 δένδρεα
559 3535 588 3590 δ’
610 3539 811 3610 ἐμπεδόφυλλα
829 3543 876 3592 καὶ
890 3539 1092 3612 ίμπεδόκαρπα
1106 3543 1221 3606 τεθήλει,

423 3637 535 3697 καρπῶν
554 3628 706 3698 ιλφθονίησι
724 3629 840 3698 κατήρεα
859 3624 942 3681 πάντ’
964 3631 1097 3682 ἐνιαυτόν.

111 3737 256 3779 communit„
334 3714 365 3772 b.
394 3713 463 3768 Sext.
483 3713 569 3768 Maih.
587 3715 626 3768 IX
646 3715 706 3768 127.
741 3719 768 3768 οἱ
790 3717 844 3788 μὲν
863 3714 911 3770 οὖν
930 3721 993 3788 περὶ
1012 3721 1060 3771 τὸν
1079 3721 1253 3791 Πυθαγόραν
1271 3722 1389 3774 καὶτὸν

119 3800 246 3842 “nimium
263 3800 452 3877 Ἐμπεδοκλέα
471 3807 517 3858 καὶ
536 3815 590 3856 τῶν
597 3800 708 3856 Ἰταλῶν
718 3807 824 3870 πλῆθός
838 3823 909 3875 φασι
922 3808 962 3876 μὴ
975 3808 1065 3878 μόνον
1082 3809 1149 3880 ἡμῖν
1168 3811 1236 3881 πρὸς
1254 3811 1388 3875 ἀλλήλους

263 3897 310 3947 καὶ
330 3895 398 3966 πρὸς
417 3893 480 3951 τοὺς
498 3892 580 3952 θεοὺς
598 3892 670 3944 ελναί
683 3911 744 3944 τινα
758 3899 912 3959 κοινωνίαν,
932 3897 1000 3947 ἀλλὰ
1018 3901 1065 3948 καὶ
1083 3899 1151 3966 πρὸς
1170 3899 1204 3949 τὰ
1223 3901 1312 3968 ίίλογει
1331 3907 1388 3950 τῶν

335 4139 362 4205 1)
381 4137 422 4192 Of.
442 4138 524 4202 Diels,
546 4137 628 4208 θονρ.
648 4157 675 4194 α.
695 4140 776 4209 Ειιιρ.
796 4158 821 4210 p.
841 4143 883 4196 21.
928 4201 930 4204 ,

335 4227 381 4280 Vs.
392 4227 452 4280 426.
473 4229 557 4296 αὐγῆς
575 4227 637 4282 libri
656 4228 708 4282 fere
727 4245 823 4295 omnes,
853 4227 888 4284 αὖ
907 4240 956 4300 γῆς
974 4229 1101 4299 Scaliger,
1112 4231 1216 4298 Becker,
1226 4233 1386 4288 Ruentem-

263 4315 309 4370 Vs.
329 4315 390 4370 409.
423 4315 571 4386 Vulgabam
597 4324 732 4388 γραπτοῖς
755 4339 783 4372 τε
813 4316 904 4388 ζῴοισι
932 4322 1023 4374 tuetur
1051 4320 1078 4373 Z.
1104 4319 1137 4374 Ι*
1164 4322 1223 4386 734,
1249 4323 1275 4376 3.
1312 4321 1388 4377 Gerr.

264 4404 389 4474 Bemays.
405 4431 439 4442 -
459 4405 504 4460 Vs.
515 4405 576 4460 414.
596 4405 718 4460 Formam
734 4408 864 4480 ἐίδμεναι
882 4423 933 4460 non
953 4408 1084 4462 serendam
1104 4409 1172 4464 vidit
1191 4409 1323 4464 Mcrzdorf
1333 4411 1352 4466 1.
1363 4427 1386 4468 ο.
