3146 4982
409 329 418 357 1

654 388 756 458 Iogiea.

138 545 260 611 εἴδεσιν,
282 539 342 598 οἷον
360 548 433 614 λύπη
450 551 497 602 καὶ
516 550 602 619 φόβος
620 553 668 604 καὶ
686 551 721 604 τά
740 553 931 623 παραπλήσια,
951 554 1019 608 ἀλλά
1038 558 1085 608 καὶ
1102 558 1205 624 κλοπῆς
1222 562 1269 611 καὶ

147 639 278 706 μοιχείας
295 639 343 690 καὶ
361 647 415 690 τῶν
434 639 538 708 ὁμοίων
556 637 633 692 ἐστὶν
650 643 819 705 αἰσθέσθαι,
838 645 885 694 καὶ
904 644 1028 696 καθόλου
1047 645 1205 719 ἀφροσύνης
1222 651 1269 700 καὶ

148 724 254 786 ἀειλίας
272 727 319 778 καὶ
338 727 427 778 ἀλλων
441 727 490 780 οὐκ
504 728 605 796 ὀλίγων
623 739 734 782 κακιῶν·
755 729 821 784 εάἀὲ
833 731 923 802 μόνον
933 741 1025 804 χαράς
1043 737 1090 786 καὶ
1108 736 1270 808 εὐεργεσιῶν

147 817 193 866 καὶ
213 816 303 866 ἀλλων
321 811 432 866 πολλῶν
449 817 662 887 κατορθώσεων,
682 818 751 870 ἀλλά
769 821 817 870 καὶ
835 821 992 890 φρονήσεως
1010 825 1057 874 καὶ
1076 821 1204 894 ἀνδρείας
1221 829 1269 878 καὶ

148 912 203 956 τῶν
221 904 329 956 λοιπῶν
347 903 456 977 ἀρετῶν.
494 901 701 972 cf.Diog.V11
720 905 754 960 53
780 917 903 978 φυσικῶς
922 907 954 962 ἀὲ
982 915 1086 963 νοεῖται
1109 911 1219 966 δίκαιόν
1242 934 1269 967 τι

146 995 193 1044 καὶ
217 993 341 1060 ἀγαθόν,
371 993 399 1044 et
421 995 464 1044 ΒΡ
483 991 562 1046 393ο.
609 993 752 1064 Propterea
779 1011 853 1048 suam
881 995 1029 1051 doctrinam
1056 999 1125 1054 vitae
1154 1001 1269 1070 agendae

147 1096 226 1150 quum
244 1080 355 1134 maxime
373 1081 508 1134 convenire
526 1083 555 1134 et
577 1085 702 1156 μάλιστα
721 1095 776 1137 τῶν
793 1087 926 1158 ἐμφύτων
945 1088 1086 1142 ἅπτεσθαι
1105 1092 1270 1164 προλήψεων

147 1167 270 1222 dicebant
288 1187 395 1241 eamque
414 1171 497 1224 solnm
516 1175 664 1245 ὁμολογεῖν
682 1177 714 1246 τῇ
733 1175 824 1245 φύσει,
843 1193 867 1230 v.
882 1165 1021 1230 Plutarch.
1041 1175 1120 1232 Stoic.
1139 1177 1204 1250 Rep.
1225 1179 1267 1247 17,

147 1257 163 1310 1
182 1275 208 1328 p.
228 1259 312 1325 1041;
331 1257 428 1314 Comm.
447 1259 534 1316 Notit.
552 1261 578 1328 3,
600 1263 613 1315 l
632 1279 657 1332 p.
677 1263 755 1318 1060.

68 1425 138 1470 tm
214 1417 306 1502 Diog.
337 1419 402 1484 VII
427 1427 477 1486 60.
527 1419 650 1500 Γάνος
681 1419 718 1488 δέ
746 1421 817 1488 ἐστι
846 1423 1005 1490 πλειόνων
1034 1423 1092 1490 καῖ
1122 1425 1266 1515 ἀναφαι-
1294 1421 1418 1518 effigies

136 1522 249 1618 Υρέτων
279 1525 480 1616 ἐννοημάτων
508 1527 686 1616 σύλληψις,
721 1519 789 1596 οἷον
818 1529 918 1617 ζῷον·
956 1541 1052 1598 τοῦτο
1081 1533 1143 1619 γάρ
1172 1557 1269 1621 περι-

146 1630 261 1722 είληφε
282 1634 325 1700 τά
340 1635 426 1699 κατά
440 1632 539 1722 μέρος
562 1635 640 1722 ζῷα.
674 1646 725 1704 61.
749 1635 924 1724 ἐννόημα
949 1636 986 1702 δέ
1001 1633 1073 1704 ἐστι
1089 1638 1268 1726 φάντασμα

141 1737 297 1818 άιανεέας
319 1738 392 1806 otte
413 1765 447 1805 τι
469 1740 505 1807 ov
527 1739 600 1808 ούτε
623 1741 734 1823 ποιόν,
757 1742 875 1809 ὡσανεὶ
898 1741 936 1809 δέ
957 1768 991 1810 τι
1013 1743 1050 1810 ἀν
1071 1743 1129 1810 καὶ
1152 1745 1269 1814 ὡσανεὶ

147 1843 259 1926 ποιάν,
296 1835 363 1911 εἶεν
391 1843 515 1932 γίνεται
543 1847 748 1931 ἀνατύπωμα
775 1849 886 1915 ἵππου
913 1848 971 1915 καὶ
1001 1851 1046 1938 μὴ
1075 1850 1267 1938 παράντος·.

147 1943 208 2018 εἶά
215 1975 256 2044 ες
279 1949 317 2018 δέ
338 1947 408 2018 ἔστι
431 1955 469 2020 τὸ
492 1953 639 2020 ἀπὸτοῦ
661 1953 769 2040 γένους
792 1954 1031 2044 περιεχόμενον,
1056 1957 1100 2035 ὡς
1122 1957 1189 2023 ὑπὸ
1211 1969 1269 2024 τοῦ

147 2052 230 2146 ζῴον
266 2059 284 2124 ὁ
313 2057 492 2147 άνθρωπες
519 2057 714 2148 περιέχεται.
760 2061 1040 2146 γενικώτατον
1069 2059 1107 2128 δέ
1134 2057 1221 2128 ἔστιν
1250 2059 1269 2130 ὃ

147 2163 236 2250 γένος
269 2164 306 2232 ’ἀν
340 2163 428 2252 γένος
461 2161 630 2248 εάκέηει,
666 2157 734 2234 οἷον
762 2167 801 2233 τὸ
823 2163 886 2234 άνλ
933 2163 1210 2235 εἰδικώτατον
1233 2167 1270 2235 δέ

147 2267 236 2338 ἔστιν
258 2268 277 2338 ὃ
298 2264 384 2350 citios
406 2273 442 2339 'cio
464 2265 551 2350 εἶδες
573 2272 632 2340 οὐκ
654 2269 726 2356 istoc,
750 2275 861 2362 ὥσπερ
884 2274 903 2340 ὁ
927 2274 1112 2364 Σωκράτης.

68 2421 137 2462 ³⁹⁷⁸
216 2413 357 2498 Simpiio.
376 2415 410 2480 in
423 2415 531 2498 Categ.
544 2416 565 2480 f.
579 2425 619 2482 16
634 2417 748 2480 ABos.
766 2415 870 2482 Schol.
885 2403 939 2481 Ar.
956 2423 1018 2484 48²
1036 2426 1086 2484 13.
1119 2413 1161 2484 Οῖ
1177 2421 1268 2482 Στω-
1295 2439 1419 2491 saugosae

147 2518 214 2588 ἵκεῖ
236 2517 283 2599 εἷς
306 2519 463 2586 ἐλάττονα
486 2519 673 2588 συστέλλειν
696 2521 823 2602 ἀξιοῦσι
845 2523 901 2588 τὸν
923 2535 988 2590 τῶν
1010 2524 1152 2611 πρώτων
1171 2536 1269 2610 γενῶν

146 2625 291 2715 ἀριθμὸν
312 2623 372 2694 καί
394 2652 468 2694 τινα
490 2627 524 2694 ἐν
546 2632 617 2708 τοῖς
639 2628 809 2696 ἐλάττοσιν
831 2627 1063 2718 ἀπηλλαγμένα
1087 2631 1267 2718 παραλαμ-

146 2733 309 2818 βάνουσιῢ.
354 2743 529 2800 ποιεῦνται
559 2737 621 2823 γάρ
651 2737 709 2824 τὴν
731 2738 833 2825 τομὴν
855 2733 902 2814 εἷς
928 2735 1084 2825 τέσσαρα,
1114 2733 1160 2815 εἷς
1183 2738 1268 2804 ὑπο-

146 2838 277 2925 κείμενα
301 2839 360 2906 καὶ
382 2843 466 2907 ποιά
488 2839 546 2908 καὶ
568 2843 652 2941 πάιςΙ
666 2838 779 2924 ἔγεντο
802 2840 860 2908 καὶ
883 2842 968 2932 πρός
991 2840 1025 2908 τί
1047 2867 1121 2922 πως
1144 2839 1267 2926 ἔγεντο.

219 2997 248 3038 ε.
273 2982 312 3038 Cf.
331 2983 400 3038 Zeno
418 3001 459 3054 ep.
479 2983 551 3038 Stob.
570 2983 655 3038 Eol.I
672 3002 697 3055 p.
713 2985 774 3040 332.
811 2985 954 3056 Propterea
972 2987 1000 3039 et
1018 2985 1137 3040 Platonis
1156 2985 1188 3040 do
1200 2985 1268 3040 ideis

147 3073 294 3127 docuinam
313 3075 341 3126 st
358 3071 512 3126 Aristotelis
531 3073 664 3128 deforma
682 3074 886 3144 impugnabant:
906 3074 976 3128 Plse.
995 3073 1009 3126 Ι
1029 3075 1070 3142 10,
1090 3075 1115 3130 5.
1134 3074 1200 3128 Dox.
1214 3075 1267 3130 309

148 3165 176 3216 οἱ
193 3164 252 3216 ἀπὸ
271 3164 398 3230 Ζήνωνος
416 3165 535 3216 Στωϊκοὶ
553 3163 711 3234 ἐννοήματα
726 3165 844 3238 ἡμέτερα
862 3164 912 3224 τάς
932 3162 1009 3224 ῖάέας
1028 3163 1145 3234 ἔφασαν.
1181 3161 1268 3230 Nega·

146 3251 213 3306 bunt
230 3251 301 3305 enim
317 3251 440 3319 generale
458 3251 602 3321 quidquam
620 3250 746 3306 exsistere
760 3253 864 3322 praeter
881 3251 911 3306 id
929 3251 998 3322 quod
1016 3251 1045 3304 in
1063 3250 1267 3320 cogitationibus

147 3340 247 3396 uostris
264 3341 377 3406 inesset3
397 3339 468 3394 Sext.
486 3340 571 3394 Moth.
586 3339 638 3394 VII
655 3341 708 3394 246
728 3343 790 3396 εύτε
808 3341 841 3396 ot
860 3343 971 3408 ἀληθεῖς
991 3343 1053 3394 εύτε
1071 3340 1268 3408 novisissime}

148 3433 179 3484 αἱ
195 3434 302 3500 γενικαὶ
319 3429 506 3501 (φαντασίαι)’
534 3423 572 3482 ὧν
589 3431 644 3504 γάρ
663 3431 697 3484 τά
716 3429 776 3497 είάη
795 3435 858 3484 τοῖα
877 3434 893 3495 ἢ
912 3435 988 3494 τοῖα,
1014 3431 1120 3482 τούτων
1144 3430 1180 3482 τά
1202 3433 1267 3498 γένη

148 3522 210 3576 εύτε
229 3525 292 3574 τοῖα
313 3522 374 3572 οὔτε
394 3524 463 3572 τοῖα.
500 3516 591 3588 Simpl.
611 3517 639 3570 in
658 3516 749 3586 Catsg.
767 3518 785 3572 f.
805 3517 840 3572 26
859 3524 885 3571 Ε
896 3517 958 3572 Bas.
978 3516 1063 3584 Schol.
1083 3514 1129 3570 Ar.
1149 3515 1205 3570 54⁸
1224 3516 1265 3570 11.

182 3649 185 3652 ·
217 3623 249 3680 1).
275 3623 437 3678 Posteriores
455 3640 487 3677 no
506 3627 573 3678 ὄντα
590 3624 764 3694 incorporalia
776 3640 833 3678 esse
847 3623 1025 3689 concedesent,
1044 3622 1268 3690 generalissimum

146 3713 214 3768 illud
238 3713 387 3766 accuratius
415 3711 599 3783 appellandum
626 3729 682 3767 osse
707 3714 761 3767 rati
779 3715 843 3766 sunt
861 3715 894 3766 τὸ
912 3717 952 3780 τὶ,
979 3712 1010 3766 of.
1029 3712 1126 3766 Plotin.
1145 3711 1212 3766 Eun.
1230 3711 1268 3766 VI

147 3805 171 3870 1,
191 3802 227 3857 25
246 3805 315 3877 πρὸς
334 3801 366 3856 ἀὲ
385 3803 449 3863 τοὺς
467 3806 597 3876 τέτταρας
615 3803 800 3876 (κατηγορίας)
819 3807 948 3863 τιθέντας
972 3805 1019 3854 καὶ
1038 3811 1173 3876 τετραχῶς
1192 3801 1266 3854 ἀιαι-

145 3903 276 3964 ροῢντας,
291 3897 329 3953 είς
358 3893 526 3964 ὑποκείμενα
553 3896 601 3946 καὶ
628 3893 698 3946 ποιά
724 3895 770 3946 καὶ
799 3892 856 3953 πὼς
879 3893 979 3962 ἔχοντα
1006 3893 1053 3944 καλ
1078 3891 1147 3962 πρός
1165 3893 1193 3943 τί
1211 3909 1268 3950 πως

146 3982 257 4052 ἔχοντα,
276 3984 324 4034 καὶ
342 3983 436 4034 κοινὸν
454 3983 480 4033 τὶ
499 3977 545 4034 ἐπ’
564 3981 803 4042 αύτῶντιθέντας
826 3983 873 4034 καὶ
891 3981 933 4034 ἑνὶ
950 3983 1023 4050 γένει
1048 3981 1267 4052 περιλαμβάνον-

146 4088 195 4130 τας
220 4071 255 4122 τὰ
278 4071 386 4135 πάντα,
415 4068 457 4121 ὅτι
481 4069 535 4142 μὲν
558 4071 652 4122 κεινὸν
676 4073 723 4122 καὶ
741 4070 788 4122 ἐπὶ
807 4072 921 4122 πάντων
939 4068 969 4122 ἓν
986 4073 1067 4137 γένος
1084 4069 1266 4138 λαμβάνουσι,

146 4159 236 4211 πολλά
266 4161 301 4209 ίίν
329 4177 371 4218 τις
398 4160 479 4226 λέγει.
524 4155 935 4227 .Alox.Aphr0d.Top.s.155.
970 4155 1054 4225 Schol.
1073 4153 1120 4210 Ar.
1141 4153 1212 4208 2781)
1232 4155 1268 4208 20

145 4247 282 4307 δεικνύεις
301 4247 336 4298 ἀν
355 4245 398 4299 ὅτι
414 4247 560 4318 μὴκαλῶς
578 4247 610 4304 τὸ
628 4249 655 4299 τὶ
676 4249 704 4298 οἱ
721 4247 779 4299 ἀπὸ
797 4251 888 4306 Στοᾶς
905 4249 986 4315 γένος
1011 4254 1060 4298 τοῦ
1078 4246 1157 4304 ὄντος
1176 4248 1266 4297 τίθεν-

145 4349 204 4389 ται’
224 4337 250 4388 ελ
268 4335 323 4407 γάρ
342 4337 376 4399 τί,
396 4334 480 4402 ἀηλεν
498 4335 541 4388 ὅτι
560 4337 606 4388 καὶ
625 4338 664 4388 iio,
680 4363 714 4372 —
729 4329 789 4387 ἀλλ’
807 4337 905 4388 ἐκεῖνοι
922 4335 1159 4407 νομοθετήσαντες
1174 4335 1268 4394 αὐτοῖς

146 4425 178 4478 τὸ
195 4427 230 4478 ὃν
247 4425 319 4477 κατά
344 4425 481 4495 σωμάτων
502 4425 597 4495 μόνων
623 4427 755 4493 λέγεσθαι
774 4423 956 4494 ἀιαφεύγοιεν
975 4425 1010 4474 ἀν
1029 4423 1060 4475 τὸ
1079 4424 1266 4496 ἠπορημένον·

128 4513 195 4566 out
215 4521 305 4565 ταῦτα
321 4514 377 4586 γάρ
395 4514 427 4564 τὸ
445 4515 471 4564 τὶ
490 4514 666 4585 γενικώτερον
685 4513 772 4578 αὐτοῦ
790 4527 878 4582 φασιν
897 4511 967 4566 εἶναι
980 4511 1221 4586 κατηγορούμενον
1236 4513 1268 4564 οὐ

998 4598 1054 4652 27*
