3146 4982
629 307 730 360 Placita
748 323 844 360 eorum.
1246 307 1300 368 ¹185

179 461 244 529 τινί
251 515 258 543 ,
294 454 362 529 οἷον
393 466 431 530 τδ
461 462 591 547 σμιλίον
620 467 708 543 τινὸς
737 465 796 549 μέν
818 465 907 532 ἐστιν
930 463 1038 532 αότιον
1060 467 1218 556 καθάπερ
1242 481 1299 556 τῆς

178 583 288 658 τομῆς,
312 569 376 635 τινὶ
401 569 437 636 δὲ
461 571 620 657 καθάπερ
644 571 686 660 τῇ
710 571 825 658 σαρκί·
874 581 946 640 208.
976 575 1019 638 τά
1042 572 1079 638 δέ
1101 597 1135 658 γε
1158 573 1241 661 πρός
1264 599 1298 640 τι

179 675 360 742 ἐπινοεῖται
395 674 508 760 μόνον,
544 667 620 742 ἀλλ>
645 677 700 759 οάχ
729 679 884 766 ὑπάρχει,
920 680 1036 758 καθὼς
1065 678 1097 744 ἐν
1127 683 1197 758 τοῖς
1220 680 1299 767 περὶ

178 781 375 862 ἀποδείξεως
398 785 665 872 παρεστήσαμεν·
689 783 747 850 καὶ
770 788 808 851 τδ
832 782 939 852 αἴτιον
962 786 1026 872 ὄρσ
1042 785 1299 874 ἐπινοηθήσεται

135 946 143 958 .
177 890 287 972 μόνον,
324 889 379 970 οὐχ
409 889 548 976 ὑπάρξει
576 889 620 956 δέ.
657 929 698 938 -
736 900 809 958 232.
838 894 923 979 πρὸς
945 893 1086 972 τούτοις,
1121 889 1150 958 εῖ
1172 889 1242 959 ἔστι
1265 889 1300 958 τί

178 1019 266 1073 τινος
288 991 404 1076 αότιον,
429 995 500 1083 ἤτοι
523 998 561 1062 τὸ
584 999 653 1080 άμα
676 997 712 1062 ὄν
735 1008 794 1063 τοῦ
817 1001 885 1081 άμα
908 995 998 1076 ὄντος
1022 997 1110 1064 ἐστὶν
1132 995 1253 1078 αἴτιον,
1278 1000 1298 1087 ἢ

177 1103 215 1166 τδ
243 1101 401 1190 πρότερον
429 1115 488 1168 τοῦ
515 1104 662 1190 ὕστερον,
687 1105 706 1192 ἢ
729 1106 767 1169 τὸ
790 1106 920 1192 ὕστερον
943 1116 1000 1170 τοῦ
1022 1105 1195 1192 πρότερον·
1226 1104 1298 1171 οότε

178 1207 214 1273 δέ
236 1211 274 1274 τδ
297 1211 366 1291 ἀμα
390 1209 425 1274 ὄν
447 1220 506 1274 τοῦ
528 1212 596 1292 άμα
620 1206 712 1287 ὄντος
743 1206 850 1276 αότιύν
874 1210 962 1277 ἐστιν
985 1209 1057 1277 οότε
1079 1213 1117 1277 τὸ
1141 1211 1298 1299 πρότερον

177 1325 235 1379 τοῦ
257 1316 388 1402 ὕστερον
412 1313 484 1380 οότε
506 1317 544 1381 τὸ
560 1317 690 1403 ὑστερον
705 1327 763 1382 τοῦ
779 1316 946 1404 πρότερον,
970 1319 1014 1395 ὡς
1030 1319 1296 1406 παραστήσομεν·

177 1420 235 1487 ούκ
258 1420 322 1509 άρα
347 1418 418 1486 ἔστι
442 1446 475 1486 τι
500 1417 616 1487 αῖτιον.
665 1431 738 1490 233.
768 1425 806 1489 τδ
828 1421 888 1506 μὲν
911 1419 965 1488 σύν
996 1426 1065 1506 άμᾳ
1088 1423 1123 1488 ὄν
1146 1434 1204 1489 τοῦ
1227 1427 1296 1507 ἅμα

176 1524 267 1606 ὄντος
296 1526 333 1593 ού
365 1529 502 1593 δύναται
531 1528 693 1613 τυγχάνειν
726 1526 834 1596 αἴτιον
859 1530 915 1596 διὰ
938 1531 976 1596 τδ
999 1529 1210 1616 συνυπάρχειν
1233 1529 1297 1613 ἀμ-

176 1635 300 1721 φύτερα
324 1633 380 1699 καὶ
404 1635 448 1722 μὴ
471 1634 596 1717 μᾶλλον
611 1635 685 1700 τάδε
706 1635 800 1700 τοῦδε
816 1637 996 1723 γεννητικὸν
1011 1635 1165 1719 ὑπάρχειν
1188 1636 1297 1724 ἢτόδε

176 1741 283 1821 τοῦδε,
317 1737 471 1827 ἑκατέρου
503 1743 560 1828 τὴν
589 1738 663 1830 ἴσην
693 1741 836 1828 ὕπαρξιν
859 1737 1011 1822 έχοντοςθ.
1059 1749 1132 1807 234.
1162 1740 1297 1807 οὐδὲτὸ

176 1846 335 1933 πρότερον
364 1845 401 1911 δὲ
424 1843 519 1912 ἔσται
546 1858 604 1912 τοῦ
626 1848 757 1934 ὕστερον
780 1846 944 1932 γενομένου
968 1847 1148 1935 ποιητικόν.
1183 1844 1213 1912 εῖ
1235 1850 1296 1934 γάρ

176 1953 229 2018 ὄτε
253 1949 324 2018 ἔστι
346 1954 385 2018 τδ
408 1949 523 2034 αἴτιον,
548 1950 640 2018 οόπω
664 1949 734 2018 ὄστι
757 1955 795 2018 τδ
811 1948 850 2017 οὑ
863 1948 952 2018 ἐστιν
968 1949 1082 2033 αἴτιον,
1106 1951 1178 2018 οότε
1194 1952 1295 2020 ἐκεῖνο

176 2054 225 2124 ὄτι
249 2055 357 2124 αότιύν
380 2058 459 2138 ἐστι,
482 2061 528 2146 μὴ
551 2054 622 2139 ὄχον
644 2060 682 2124 τὸ
705 2053 745 2123 οὑ
766 2054 872 2124 αότιύν
895 2058 996 2138 ἐστιν,
1032 2057 1104 2124 οότε
1126 2069 1221 2126 τοῦτο
1246 2055 1295 2125 ὄτι

176 2164 395 2248 ἀποτέλεσμα,
417 2167 462 2252 μὴ
486 2164 715 2250 συμπαρόντος
738 2163 827 2252 αὕτη)
850 2175 909 2230 τοῦ
930 2159 969 2229 οὑ
981 2163 1189 2248 ἀποτέλεσμά
1205 2164 1294 2230 ἐστι·

175 2285 240 2336 τῶν
263 2273 323 2359 γὰρ
347 2272 431 2358 πρός
454 2296 488 2336 τι
512 2267 662 2357 ἑκάτερόν
685 2269 755 2336 ἐστι
770 2271 900 2352 τούτων,
924 2269 981 2336 καὶ
1003 2273 1045 2335 τὰ
1067 2271 1152 2358 πρός
1166 2296 1199 2338 τι
1216 2262 1291 2338 κατ’

175 2376 315 2465 ἀνάγκην
331 2378 380 2442 δεῖ
396 2377 608 2464 συνυπάρχειν
623 2377 775 2466 ἀλληλοις
797 2376 854 2442 καὶ
878 2376 914 2443 ού
937 2378 975 2442 τδ
997 2376 1055 2460 μέν
1071 2381 1295 2466 προηγεῖσθαι

174 2486 212 2549 τὸ
242 2483 279 2548 δὲ
307 2485 457 2571 ὑστερεῖν.
505 2493 579 2550 235.
612 2481 763 2549 λείπεται
793 2480 847 2550 οὖν
877 2485 915 2549 τδ
945 2485 1076 2571 ὑστερσν
1106 2483 1208 2569 λέγειν
1236 2495 1295 2549 τοῦ

175 2589 336 2678 προτέρου
360 2587 468 2655 αότιον
491 2587 658 2675 γίνεσθαι·
694 2590 775 2677 ὑπερ
806 2588 893 2656 ἐστὶν
922 2589 1136 2656 ἀτοπώτατον
1158 2589 1215 2656 καὶ
1238 2589 1295 2656 ἀν-

175 2697 260 2784 δρῶν
281 2699 323 2762 τά
340 2697 522 2784 πράγματα
546 2695 821 2784 ἀναστρεψάντων.
848 2735 888 2744 -
913 2705 986 2763 237.
1011 2695 1068 2762 καὶ
1090 2697 1152 2784 μὴν
1174 2693 1203 2762 εὶ
1225 2693 1294 2762 ἔστι

175 2827 207 2868 τι
232 2799 347 2881 αῖτιον,
371 2800 444 2890 ἤτοι
469 2801 650 2879 αὐτοτελῶς
672 2801 729 2867 καὶ
753 2799 823 2889 ἰδίᾳ
845 2802 943 2885 μόνον
966 2804 1215 2890 προσχρώμενον
1237 2804 1294 2868 δυ-

175 2909 269 2990 νάμει
291 2909 378 2985 τινός
402 2907 490 2973 ἐστιν
513 2905 635 2988 αότιον,
667 2909 687 2996 ἢ
710 2919 861 2995 συνεργοῦ
883 2910 967 2995 πρὸς
990 2920 1085 2975 τοῦτο
1108 2910 1213 2976 δεῖται
1237 2923 1294 2998 της

175 3015 362 3102 πασχούσης
393 3015 487 3101 ὑλης,
518 3016 601 3079 ὥστε
628 3015 667 3080 τὸ
690 3013 900 3097 ἀποτέλεσμα
930 3016 1015 3079 κατὰ
1046 3019 1153 3104 κοινὴν
1184 3016 1294 3103 ἀμφο-

174 3120 274 3206 τέρων
307 3124 459 3186 νοεῖσθαι
494 3121 634 3186 σύνοδον.
684 3129 756 3187 238.
794 3119 852 3184 καὶ
881 3117 910 3186 εἰ
937 3119 996 3203 μὲν
1025 3120 1203 3200 αὐτοτελῶς
1237 3121 1294 3188 καὶ

173 3223 243 3314 ῖδῖᾳ
274 3228 518 3312 προςχρώμενον
548 3227 681 3309 δυνάμει
711 3230 822 3292 ποιεῖν
851 3251 885 3291 τι
908 3225 1066 3314 πέφυκεν,
1096 3226 1215 3314 ιόφειλε
1238 3230 1293 3294 διὰ

175 3335 299 3411 παντὸς
323 3330 419 3398 ἑαυτὸ
443 3329 513 3414 ἔχον
535 3331 593 3398 καὶ
616 3335 674 3420 τὴν
697 3330 785 3398 ἰδίαν
807 3333 941 3415 δύναμιν
963 3332 1104 3399 πάντοτε
1127 3339 1236 3400 ποιεῖν
1255 3337 1293 3400 τὸ

173 3439 383 3523 ἀποτέλεσμα
407 3439 464 3506 καὶ
486 3442 531 3528 μὴ
548 3429 605 3526 ἐφ’
624 3436 668 3504 ὧν
682 3438 741 3522 μὲν
757 3443 865 3505 ποιεῖν
887 3427 943 3526 ἐφ’
961 3435 1005 3504 ὧν
1028 3438 1065 3506 δὲ
1086 3439 1291 3527 ἀπρακτεῖνῑ).

175 3555 249 3613 239.
273 3543 303 3611 εὶ
326 3545 377 3626 δέ,
393 3532 452 3624 Ιὡς
483 3545 568 3633 φασί
590 3570 674 3624 τινες
697 3560 761 3612 τῶν
784 3547 1000 3630 δογματικῶν,
1025 3544 1061 3612 ού
1083 3559 1148 3612 τῶν
1170 3545 1292 3612 ἀπολε-

174 3652 317 3736 λυμένιον
340 3652 396 3718 καὶ
420 3652 650 3740 ἀφεστηκότων
673 3650 775 3732 ἐστίν,
799 3651 882 3716 ἀλλὰ
905 3665 970 3716 τῶν
993 3652 1077 3738 πρός
1099 3677 1148 3732 τι,
1176 3653 1232 3718 διά
1255 3654 1293 3718 τδ

173 3759 230 3826 καὶ
266 3758 345 3824 αύτδ
379 3761 463 3846 πρὸς
496 3758 544 3845 τηῖ
579 3759 739 3840 πάσχοντι
773 3763 979 3843 θεωρεῖσθαι
1009 3757 1066 3824 καὶ
1100 3759 1139 3824 τὸ
1167 3758 1293 3840 πάσχον

172 3867 257 3951 πρὸς
281 3863 379 3950 αὐτῷ,
400 3865 505 3950 χεῖρόν
525 3890 557 3930 τι
574 3864 746 3951 ἀνακύψει.
794 3873 866 3930 240.
890 3861 920 3930 εἰ
942 3867 1003 3951 γὰρ
1026 3866 1063 3930 τὸ
1087 3863 1193 3951 ἕτερον
1209 3867 1293 3951 πρὸς

172 3973 219 4058 τῷ
243 3969 342 4058 ἑτέρην
373 3975 513 4051 νοεῖται,
556 3966 596 4037 οὑ
616 3970 735 4054 τὸμὲν
764 3981 879 4036 ποιοῦν
902 3972 940 4036 τὸ
963 3969 1000 4036 δέ
1023 3970 1163 4052 πάσχον,
1198 3966 1292 4035 ὄστοιι

172 4077 233 4160 μία
262 4077 322 4161 μὲν
351 4074 473 4157 ὄννοια,
503 4078 591 4144 δυοῖν
620 4067 652 4142 δ’
679 4075 846 4160 ὀνομάτων
876 4076 1034 4156 τεύξεται,
1070 4086 1128 4142 τοῦ
1155 4099 1190 4141 τε
1214 4099 1292 4142 ποι-

173 4195 283 4260 οῦντος
313 4182 370 4248 καὶ
399 4194 456 4248 τοῦ
493 4183 689 4264 πάσχοντος·
731 4182 789 4248 καὶ
826 4183 881 4247 διδ
911 4193 1007 4247 τοῦτο
1042 4180 1079 4246 ού
1107 4181 1231 4264 μᾶλλον
1259 4176 1293 4246 ἓν

172 4287 261 4374 αὐτῷ
292 4291 311 4377 ἢ
341 4286 374 4356 ἓν
403 4288 451 4374 τῷ
481 4287 637 4374 λεγομένῳ
673 4288 811 4369 πάσχειν
840 4285 1016 4372 ἐγκείσεται
1047 4289 1066 4373 ἡ
1096 4287 1292 4373 δραστήριος

172 4395 316 4476 δύναμις.
341 4397 385 4472 ὡς
409 4397 469 4480 γὰρ
493 4394 572 4460 αδτδ
595 4393 686 4460 οὐδέν
709 4394 844 4458 δύναται
868 4397 977 4458 ποιεῖν
998 4391 1097 4478 χωρὶς
1119 4403 1177 4457 τοῦ
1199 4393 1294 4477 λεγο-

226 4517 283 4557 τοι.
298 4516 358 4558 Phil.
387 4518 427 4558 τε.
442 4517 490 4558 vn.
1042 4499 1078 4552 32
