3130 4980
303 299 359 358 248
820 299 907 353 Plato.

306 457 418 527 οὐσίαν
446 461 485 548 δὴ
515 461 602 526 κατὰ
631 461 686 526 τὸν
721 459 816 544 λόγον
844 467 957 524 τοῦτον
986 455 1241 545 γιγνωσκομένην
1269 457 1337 522 ὑπὸ
1371 468 1433 544 τῆς

305 568 463 653 γνώσεως,
498 555 583 632 καθ’
603 566 677 632 ὅσον
700 567 927 650 γιγνώσκεται,
961 566 1047 630 κατὰ
1076 573 1229 630 τοσοῦτον
1258 566 1433 630 κινεῖσθαι

306 675 362 739 διὰ
384 674 422 740 τὸ
445 672 598 755 πάσχειν,
633 669 652 738 ὃ
674 673 713 760 δή
737 695 844 760 φαμεν
867 669 926 738 οὐκ
948 670 987 735 dv
1014 668 1169 755 γενέσθαι
1192 667 1270 756 περὶ
1293 671 1331 735 τὸ
1355 668 1432 758 ἦρε-

305 789 393 864 μοῦν.
443 783 562 846 ΘΕΑΙ.
608 767 748 865 Ὀρθῶς.
794 777 858 848 ΞΕ.
908 774 950 842 Τι’
977 776 1014 842 δὲ
1041 778 1126 864 πρὸς
1148 776 1243 858 Διός,
1273 776 1318 852 ὡς
1349 773 1432 862 ἄλη·

305 891 379 964 θῶς
407 883 533 974 κίνησιν
560 883 619 950 καὶ
648 885 731 972 ζωὴν
766 882 824 949 καὶ
854 885 961 971 ψυχὴν
987 881 1045 948 καὶ
1075 882 1232 970 φρόνησιν
1259 879 1279 970 ἦ
1309 877 1433 970 ῥᾳδίως

306 992 565 1082 πεισθησόμεθα
581 990 629 1077 τῷ
645 991 814 1068 παντελῶς
836 987 906 1056 ὄντι
920 991 966 1078 μη
981 993 1147 1076 παρεῖναι,
1170 987 1253 1078 μηδὲ
1276 988 1333 1076 ζῆν
1350 986 1431 1054 αὐτὸ

305 1097 389 1187 μηδὲ
413 1102 552 1188 φρονεῖν,
576 1097 660 1164 ἀλλὰ
683 1097 796 1180 σεμνὸν
819 1095 876 1162 καὶ
899 1098 1001 1181 ἅγιον,
1024 1107 1096 1161 νοῦν
1119 1093 1177 1161 οὐκ
1200 1091 1285 1177 ἔχον,
1316 1092 1432 1183 ἀκίνη-

306 1229 362 1270 τον
392 1200 484 1282 ἑστὸς
514 1196 616 1284 εἶναι,1
665 1207 786 1269 ΘΕΑΙ.
831 1204 943 1270 Λεινὸν
970 1191 1062 1286 μέντ’
1085 1201 1139 1283 ἅν,
1170 1198 1303 1283 ὦξὲνε,
1334 1201 1431 1287 λόγον

307 1314 533 1398 συγχωροῖμεν.
564 1309 629 1381 ΞΕ.
657 1298 761 1374 Ἀλλὰ
783 1321 855 1375 νοῦν
877 1307 938 1392 μὲν
960 1305 1051 1391 ἔχειν,
1075 1309 1158 1397 ζωὴν
1181 1307 1218 1374 δὲ
1239 1309 1284 1396 μὴ
1301 1321 1433 1396 φῶμεν,

311 1419 433 1482 ΘΕΑΙ.
479 1414 551 1482 Καὶ
573 1429 665 1498 πῶς,
698 1415 764 1486 ΞΕ.
788 1405 893 1482 Ἀλλὰ
915 1426 1020 1480 ταῦτα
1050 1413 1109 1498 μὲν
1132 1414 1302 1504 ἀμφότερα
1326 1405 1429 1480 ἕνόντ’

310 1521 400 1608 αὐτῷ
435 1520 582 1608 λέγομεν,
624 1520 661 1587 οὐ
691 1524 754 1611 μὴν
791 1521 824 1588 ἐν
859 1521 950 1610 ψυχῇ
989 1545 1024 1607 γε
1058 1522 1201 1610 φήσομεν
1236 1519 1315 1587 αὐτὸ
1349 1517 1434 1604 ἔχειν

310 1626 410 1709 αὐτάς
470 1631 590 1694 em
645 1627 716 1694 Καὶ
750 1619 816 1694 τίν’
850 1629 889 1694 ἂν
923 1627 1030 1715 ἕτερον
1063 1624 1130 1710 ἔχει
1164 1628 1305 1716 τρόπον,·
1365 1627 1433 1699 ΞΕ.

307 1723 412 1800 ’Λλλὰ
435 1735 517 1822 δῆτα
539 1745 611 1800 νοῦν
633 1732 693 1817 μὲν
715 1733 773 1800 καὶ
799 1735 883 1823 ζωὴν
909 1733 967 1801 καὶ
990 1735 1112 1823 ψυχήν,
1148 1731 1298 1822 ἀκίνητον
1320 1733 1435 1818 μέντοι

309 1842 348 1908 τὸ
381 1840 547 1929 παράπαν
581 1837 726 1928 ἔμψυχον
759 1841 795 1908 ’ὂν
830 1839 981 1924 ἑστάναι,
1028 1845 1148 1908 ΘΕΑΙ.
1182 1841 1301 1906 Πάντα
1323 1837 1436 1927 ἔμοιγε

310 1945 413 2033 ἶν’λογα
437 1936 530 2013 ταῦτ’
550 1939 633 2013 εἶναι
656 1944 819 2036 φαίνεται.
865 1947 929 2019 ΞΕ.
960 1947 1031 2013 Καὶ
1054 1949 1092 2014 τὸ
1115 1949 1296 2031 κινούμενον
1319 1949 1359 2036 δὴ
1374 1947 1435 2013 καὶ

310 2050 434 2142 κίνησιν
468 2052 686 2143 συγχωρητέον
720 2055 765 2132 ὡς
798 2051 885 2120 ὄντα.
946 2059 1066 2120 ΘΕΑΙ.
1105 2059 1186 2134 Πῶς
1208 2044 1239 2119 δ’
1266 2053 1321 2135 οὕς
1366 2055 1433 2126 ΞΕ.

310 2157 489 2244 Ξυμβαίνει
522 2150 553 2226 δ’
590 2157 660 2242 οὖν,
702 2157 729 2225 ὦ
763 2157 936 2249 Θεαίτητε,
970 2161 1127 2250 αὀκινήτων
1160 2185 1196 2226 τε
1229 2157 1328 2226 ὄντων
1361 2171 1435 2226 νοῦν

309 2265 422 2354 μηδενὶ
451 2265 530 2354 περὶ
558 2268 693 2356 μηδενὸς
722 2259 807 2334 εἶναι
834 2268 995 2356 μηδαμοῦ.
1051 2272 1171 2334 ΘΕΑΙ.
1208 2267 1344 2355 Κομιὸῇ
1372 2267 1435 2351 μὲν

311 2369 392 2437 οὖν’.

384 2548 412 2588 a.
441 2533 529 2586 Etiam
554 2533 618 2586 haec
642 2533 767 2587 adversus
785 2533 893 2586 Eleates
918 2536 945 2586 et
969 2533 1114 2601 Megaricos
1133 2533 1317 2604 disputentur,
1345 2553 1369 2588 v.
1388 2540 1434 2587 BP

311 2623 353 2678 95.
372 2623 433 2677 223.
470 2621 562 2692 Neque
587 2638 648 2675 vero
666 2623 799 2675 consentit
823 2639 881 2675 eum
899 2621 1043 2690 Heraclito,
1062 2623 1093 2676 ef.
1112 2623 1147 2676 ib.
1166 2622 1250 2676 2490
1275 2627 1312 2691 τῷ
1331 2623 1367 2688 δὴ
1385 2643 1436 2694 φι-

311 2714 424 2784 λοσόφῳ
443 2740 478 2750 -
498 2713 603 2780 ἀνάγκη
623 2711 671 2764 διὰ
691 2722 778 2764 ταῦτα
795 2714 865 2784 μήτε
883 2723 937 2764 των
955 2713 985 2766 ἓν
1003 2717 1019 2777 ἢ
1036 2717 1083 2765 καὶ
1102 2715 1241 2766 τὰπολλὰ
1260 2712 1320 2778 εἴδη
1338 2714 1436 2780 λεγόν-

312 2821 366 2854 των
384 2804 416 2854 τό
434 2810 493 2854 πᾶν
511 2801 622 2866 ἑστηκὸς
641 2800 842 2870 ἀποδέχεσθαι,
862 2812 916 2853 τῶν
934 2820 962 2854 τε
982 2798 1017 2854 αὖ
1035 2804 1165 2874 πανταχῇ
1184 2803 1215 2853 τὸ
1234 2804 1266 2853 ὂν
1283 2803 1436 2853 κινούντων

225 2955 227 2960 Ι
311 2889 384 2960 μηδὲ
410 2891 442 2941 τὸ
467 2892 603 2961 παράπαν
628 2889 738 2942 ἀκούειν
764 2889 806 2955 (cf.
825 2893 869 2940 BP
887 2889 962 2953 252),
992 2891 1061 2941 ἀλλὰ
1084 2891 1154 2942 κατὰ
1178 2890 1226 2955 τὴν
1249 2899 1303 2940 των
1321 2889 1437 2942 παίδων

312 2979 401 3047 εὐχήν,
421 2977 475 3031 ὅσα
495 2979 608 3044 ἀκίνητα
627 2981 673 3030 καὶ
691 2983 864 3049 κεκινημένα,
892 2980 924 3030 τὸ
949 2981 980 3030 ὂν
999 2997 1027 3031 τε
1044 2982 1090 3030 καὶ
1111 2980 1142 3030 τὸ
1162 2987 1219 3031 πᾶν
1237 2977 1436 3048 ξυναμφότερα

314 3068 410 3134 λέγειν.
439 3095 473 3104 -
501 3065 582 3118 Porro
601 3068 630 3118 et
647 3065 719 3135 ipses
737 3066 809 3118 ideas
827 3066 868 3118 vel
887 3066 1033 3120 consentire
1051 3066 1123 3118 inter
1141 3083 1169 3118 se
1187 3065 1228 3118 vel
1247 3064 1388 3116 dissentire
1408 3067 1436 3116 et

314 3154 491 3208 dissociabiles
518 3171 575 3208 esse
603 3154 726 3220 docebat,
755 3171 921 3224 summasque
949 3155 989 3207 vel
1012 3154 1138 3208 maximas
1161 3154 1234 3206 ideas
1259 3153 1371 3207 vocabat
1389 3169 1436 3206 ess

313 3260 379 3313 quae
407 3243 611 3312 oum·pluriu1is
638 3243 780 3296 ooneoeieri
806 3246 928 3312 possent,
956 3243 1030 3296 velut
1055 3243 1081 3296 in
1112 3259 1228 3296 sermone
1252 3242 1354 3294 vooeles
1372 3257 1436 3310 pree

313 3332 407 3386 ceteris
427 3332 528 3386 litteris
546 3332 678 3386 haberant
695 3332 748 3384 vim
766 3331 912 3401 copulandi,
932 3332 963 3385 of.
974 3331 1088 3401 Sophist
1103 3331 1235 3400 252Esq.
1272 3330 1349 3384 Teios
1362 3329 1436 3383 ideas

313 3412 370 3476 esse
389 3421 554 3474 demonstret
577 3420 745 3490 potissimum
768 3420 861 3474 hasce:
890 3423 922 3472 ὂν
939 3424 986 3474 καὶ
1003 3423 1043 3493 μὴ
1062 3425 1107 3484 dv,
1135 3425 1243 3487 κίνησιν
1259 3424 1307 3474 καὶ
1326 3423 1435 3484 στάσιν,

314 3511 415 3562 ταύτὸν
432 3514 479 3562 καὶ
497 3513 616 3579 θάτερον
633 3509 675 3575 (ef.
694 3509 921 3576 Trendelenburg‚
941 3507 1037 3564 Geseh.
1057 3509 1084 3562 d.
1104 3507 1244 3577 Koteyor„
1269 3527 1293 3578 p.
1313 3509 1435 3578 205eq.).

315 3595 373 3661 Qua
391 3597 419 3650 in
438 3597 661 3652 demonstratione
674 3597 859 3664 gravissimum
873 3600 915 3650 eet
928 3597 1003 3664 illud,
1023 3598 1093 3667 quod
1106 3600 1197 3651 contre
1210 3597 1342 3650 Eleatioos
1356 3597 1436 3650 etium

314 3687 355 3758 μὴ
373 3689 405 3739 ὄν
429 3701 486 3740 esse
510 3689 538 3738 et
555 3686 641 3741 ideam
660 3703 716 3740 esse
741 3686 839 3740 evincit
857 3685 941 3740 2de
970 3691 1033 3758 περὶ
1056 3687 1172 3742 ἕκαστον
1196 3691 1248 3760 ἄρα
1272 3697 1327 3738 τῶν
1354 3686 1436 3740 εἰδῶν

314 3777 386 3830 πολὺ
404 3780 457 3847 μέν
476 3779 534 3830 ἐστι
553 3778 585 3828 τὸ
603 3779 642 3840 ὄν,
664 3779 777 3847 ἄπειρον
796 3776 828 3830 δὲ
848 3777 947 3841 πλήθει
965 3778 1049 3848 τὸμὴ
1068 3779 1106 3828 ὄν.
1142 3774 1353 3844 Unumquodque
1367 3775 1437 3828 enim

314 3879 360 3918 eus
379 3880 431 3918 non
450 3880 507 3918 esse
525 3863 553 3916 id
572 3862 641 3932 quod
659 3863 692 3916 ab
711 3879 740 3916 eo
759 3863 929 3916 diversum
948 3864 984 3917 sit
1002 3865 1105 3939 (ἕτερον
1125 3864 1233 3928 aorem:
1251 3863 1285 3916 ib.
1301 3862 1436 3932 257Bsq.

314 3953 367 4010 258
377 3953 410 4007 D.

114 4193 302 4296 qwj'foggeffm
382 4184 503 4247 Phileb.
529 4191 570 4247 14
584 4182 618 4247 O.
665 4184 731 4246 ΣΩ.
754 4169 812 4246 Ἓν
834 4183 876 4246 τὰ
900 4182 1009 4248 πολλὰ
1025 4173 1108 4246 εἶναι
1131 4179 1189 4247 καὶ
1210 4183 1249 4247 τὸ
1271 4177 1305 4248 ἓν
1327 4182 1488 4257 πολλὰςω

156 4303 179 4343 et
193 4301 263 4342 mum
315 4290 510 4370 θαυμαστὸν
544 4286 673 4370 λεχθέν,
709 4287 767 4354 καὶ
801 4283 914 4376 ῥᾴδιον
948 4287 1196 4376 ἀμφισβητῆσαι
1230 4285 1278 4373 τῷ
1315 4287 1438 4352 τούτων

317 4393 528 4480 ὁποτερονοῦν
552 4392 724 4492 τιθεμένην.
750 4433 792 4442 -
828 4392 943 4480 (Λέγω
967 4393 1015 4480 δὲ)
1039 4394 1164 4461 ὁπόταν
1187 4395 1225 4460 τὸ
1247 4389 1281 4460 ἓν
1303 4395 1348 4481 μὴ
1372 4407 1439 4460 τῶν
