<?xml version="1.0" encoding="UTF-8"?>
<!DOCTYPE html PUBLIC "-//W3C//DTD XHTML 1.0 Transitional//EN"
    "http://www.w3.org/TR/xhtml1/DTD/xhtml1-transitional.dtd">
<html xmlns="http://www.w3.org/1999/xhtml" xml:lang="en" lang="en">
 <head>
  <title>
</title>
<meta http-equiv="Content-Type" content="text/html;charset=utf-8" />
  <meta name='ocr-system' content='tesseract 3.04.00' />
  <meta name='ocr-capabilities' content='ocr_page ocr_carea ocr_par ocr_line ocrx_word'/>
</head>
<body>
  <div class='ocr_page' id='page_1' title='image "./historiaphiloso00rittgoog_0264.png"; bbox 0 0 3130 4980; ppageno 0'>
   <div class='ocr_carea' id='block_1_1' title="bbox 304 349 906 408">
    <p class='ocr_par' dir='ltr' id='par_1_1' title="bbox 304 349 906 408">
     <span class='ocr_line' id='line_1_1' title="bbox 304 349 906 408; baseline -0.007 0"><span class='ocrx_word' id='word_1_1' title='bbox 304 349 359 408; x_wconf 64' lang='lat'><strong><em>256</em></strong></span> <span class='ocrx_word' id='word_1_2' title='bbox 820 351 906 404; x_wconf 84' lang='lat' dir='ltr'><strong>Plato.</strong></span> 
     </span>
    </p>
   </div>
   <div class='ocr_carea' id='block_1_2' title="bbox 133 507 1427 918">
    <p class='ocr_par' dir='ltr' id='par_1_2' title="bbox 305 507 1427 705">
     <span class='ocr_line' id='line_1_2' title="bbox 305 507 1426 599; baseline -0.001 -23"><span class='ocrx_word' id='word_1_3' title='bbox 305 513 349 598; x_wconf 82' lang='grc' dir='ltr'><strong><em>μὴ</em></strong></span> <span class='ocrx_word' id='word_1_4' title='bbox 371 511 470 596; x_wconf 92' lang='grc' dir='ltr'><strong><em>μόνον</em></strong></span> <span class='ocrx_word' id='word_1_5' title='bbox 492 511 530 576; x_wconf 84' lang='grc' dir='ltr'><strong><em>τὸ</em></strong></span> <span class='ocrx_word' id='word_1_6' title='bbox 553 511 790 596; x_wconf 65' lang='grc' dir='ltr'><strong><em>γιγνώσκεσθαι</em></strong></span> <span class='ocrx_word' id='word_1_7' title='bbox 813 509 917 599; x_wconf 79' lang='grc' dir='ltr'><strong><em>φάναι</em></strong></span> <span class='ocrx_word' id='word_1_8' title='bbox 939 510 1006 575; x_wconf 84' lang='grc' dir='ltr'><strong><em>ὑπὸ</em></strong></span> <span class='ocrx_word' id='word_1_9' title='bbox 1029 519 1087 574; x_wconf 87' lang='grc' dir='ltr'><strong><em>τοῦ</em></strong></span> <span class='ocrx_word' id='word_1_10' title='bbox 1109 507 1240 594; x_wconf 83' lang='grc' dir='ltr'><strong><em>ἀγαθοῦ</em></strong></span> <span class='ocrx_word' id='word_1_11' title='bbox 1262 512 1426 595; x_wconf 86' lang='grc' dir='ltr'><strong><em>παρεῖναι,</em></strong></span> 
     </span>
     <span class='ocr_line' id='line_1_3' title="bbox 306 603 1427 705; baseline -0.002 -23"><span class='ocrx_word' id='word_1_12' title='bbox 306 617 390 682; x_wconf 83' lang='grc' dir='ltr'><strong><em>ἀλλὰ</em></strong></span> <span class='ocrx_word' id='word_1_13' title='bbox 424 616 482 682; x_wconf 78' lang='grc' dir='ltr'><strong><em>καί</em></strong></span> <span class='ocrx_word' id='word_1_14' title='bbox 516 618 555 682; x_wconf 89' lang='grc' dir='ltr'><strong><em>τὸ</em></strong></span> <span class='ocrx_word' id='word_1_15' title='bbox 588 609 672 682; x_wconf 77' lang='grc' dir='ltr'><strong><em>εἶναί</em></strong></span> <span class='ocrx_word' id='word_1_16' title='bbox 705 641 740 682; x_wconf 87' lang='grc' dir='ltr'><strong><em>τε</em></strong></span> <span class='ocrx_word' id='word_1_17' title='bbox 774 615 831 682; x_wconf 77' lang='grc' dir='ltr'><strong><em>καί</em></strong></span> <span class='ocrx_word' id='word_1_18' title='bbox 865 618 922 705; x_wconf 82' lang='grc' dir='ltr'><strong><em>τὴν</em></strong></span> <span class='ocrx_word' id='word_1_19' title='bbox 949 613 1062 681; x_wconf 90' lang='grc' dir='ltr'><strong><em>οὐσίαν</em></strong></span> <span class='ocrx_word' id='word_1_20' title='bbox 1084 603 1143 679; x_wconf 69' lang='grc' dir='ltr'><strong><em>ὐπ’</em></strong></span> <span class='ocrx_word' id='word_1_21' title='bbox 1170 613 1301 681; x_wconf 77' lang='grc' dir='ltr'><strong><em>ἐκείνου·</em></strong></span> <span class='ocrx_word' id='word_1_22' title='bbox 1316 613 1427 692; x_wconf 84' lang='grc' dir='ltr'><strong><em>αὐτοῖς</em></strong></span> 
     </span>
    </p>

    <p class='ocr_par' dir='ltr' id='par_1_3' title="bbox 133 711 1426 918">
     <span class='ocr_line' id='line_1_4' title="bbox 133 711 1426 809; baseline -0.002 -21"><span class='ocrx_word' id='word_1_23' title='bbox 133 740 280 782; x_wconf 66' lang='lat' dir='ltr'><strong>crescentiae</strong></span> <span class='ocrx_word' id='word_1_24' title='bbox 307 727 496 809; x_wconf 66' lang='lat' dir='ltr'><strong>operataue,</strong></span> <span class='ocrx_word' id='word_1_25' title='bbox 521 722 578 789; x_wconf 86' lang='grc' dir='ltr'><strong><em>οὐκ</em></strong></span> <span class='ocrx_word' id='word_1_26' title='bbox 601 720 713 802; x_wconf 78' lang='grc' dir='ltr'><strong><em>οὐσίας</em></strong></span> <span class='ocrx_word' id='word_1_27' title='bbox 734 719 827 801; x_wconf 79' lang='grc' dir='ltr'><strong><em>’όντος</em></strong></span> <span class='ocrx_word' id='word_1_28' title='bbox 850 734 907 788; x_wconf 87' lang='grc' dir='ltr'><strong><em>τοῦ</em></strong></span> <span class='ocrx_word' id='word_1_29' title='bbox 930 723 1074 808; x_wconf 86' lang='grc' dir='ltr'><strong><em>ἀγαθοῦ,</em></strong></span> <span class='ocrx_word' id='word_1_30' title='bbox 1099 711 1175 787; x_wconf 76' lang='grc' dir='ltr'><strong><em>ἀλλ’</em></strong></span> <span class='ocrx_word' id='word_1_31' title='bbox 1201 717 1251 788; x_wconf 69' lang='grc' dir='ltr'><strong><em>ἔτι</em></strong></span> <span class='ocrx_word' id='word_1_32' title='bbox 1274 720 1426 788; x_wconf 80' lang='grc' dir='ltr'><strong><em>ἐπέκεινα</em></strong></span> 
     </span>
     <span class='ocr_line' id='line_1_5' title="bbox 306 827 1184 918; baseline -0.002 -23"><span class='ocrx_word' id='word_1_33' title='bbox 306 843 363 918; x_wconf 73' lang='grc' dir='ltr'><strong><em>τῆς</em></strong></span> <span class='ocrx_word' id='word_1_34' title='bbox 389 827 501 908; x_wconf 79' lang='grc' dir='ltr'><strong><em>οὐσίας</em></strong></span> <span class='ocrx_word' id='word_1_35' title='bbox 524 827 684 918; x_wconf 76' lang='grc' dir='ltr'><strong><em>πρεσβείᾳ</em></strong></span> <span class='ocrx_word' id='word_1_36' title='bbox 706 829 764 896; x_wconf 82' lang='grc' dir='ltr'><strong><em>καί</em></strong></span> <span class='ocrx_word' id='word_1_37' title='bbox 787 829 920 913; x_wconf 78' lang='grc' dir='ltr'><em>δυνάμει</em></span> <span class='ocrx_word' id='word_1_38' title='bbox 943 827 1184 916; x_wconf 71' lang='grc' dir='ltr'><strong><em>ὐπερίχοντος“.</em></strong></span> 
     </span>
    </p>
   </div>
   <div class='ocr_carea' id='block_1_3' title="bbox 305 1007 1427 1432">
    <p class='ocr_par' dir='ltr' id='par_1_4' title="bbox 305 1007 1427 1432">
     <span class='ocr_line' id='line_1_6' title="bbox 377 1007 1427 1081; baseline -0.004 -19"><span class='ocrx_word' id='word_1_39' title='bbox 377 1023 405 1062; x_wconf 80' lang='lat' dir='ltr'><strong>a.</strong></span> <span class='ocrx_word' id='word_1_40' title='bbox 434 1009 498 1078; x_wconf 80' lang='lat' dir='ltr'><strong>Rep.</strong></span> <span class='ocrx_word' id='word_1_41' title='bbox 519 1009 556 1060; x_wconf 84' lang='lat' dir='ltr'><strong><em>VI</em></strong></span> <span class='ocrx_word' id='word_1_42' title='bbox 573 1008 660 1063; x_wconf 80' lang='lat'>5091)</span> <span class='ocrx_word' id='word_1_43' title='bbox 679 1013 795 1081; x_wconf 84' lang='grc' dir='ltr'><strong><em>λέγομεν</em></strong></span> <span class='ocrx_word' id='word_1_44' title='bbox 820 1009 878 1062; x_wconf 83' lang='grc' dir='ltr'><strong><em>ἀύω</em></strong></span> <span class='ocrx_word' id='word_1_45' title='bbox 902 1009 976 1060; x_wconf 85' lang='grc' dir='ltr'><strong><em>αὐτὼ</em></strong></span> <span class='ocrx_word' id='word_1_46' title='bbox 995 1007 1065 1060; x_wconf 80' lang='grc' dir='ltr'><strong><em>εἶναι</em></strong></span> <span class='ocrx_word' id='word_1_47' title='bbox 1083 1011 1129 1060; x_wconf 84' lang='grc' dir='ltr'><strong><em>καὶ</em></strong></span> <span class='ocrx_word' id='word_1_48' title='bbox 1147 1009 1303 1073; x_wconf 81' lang='grc' dir='ltr'><strong><em>βασιλεύειν</em></strong></span> <span class='ocrx_word' id='word_1_49' title='bbox 1326 1008 1357 1058; x_wconf 88' lang='grc' dir='ltr'><strong><em>τὸ</em></strong></span> <span class='ocrx_word' id='word_1_50' title='bbox 1374 1007 1427 1078; x_wconf 81' lang='grc' dir='ltr'><strong><em>μὲν</em></strong></span> 
     </span>
     <span class='ocr_line' id='line_1_7' title="bbox 305 1092 1425 1166; baseline -0.004 -16"><span class='ocrx_word' id='word_1_51' title='bbox 305 1099 493 1166; x_wconf 85' lang='grc' dir='ltr'><strong><em>(τὸάγαθὸν)</em></strong></span> <span class='ocrx_word' id='word_1_52' title='bbox 521 1108 650 1164; x_wconf 80' lang='grc' dir='ltr'><strong><em>νοητοῦ</em></strong></span> <span class='ocrx_word' id='word_1_53' title='bbox 675 1102 770 1166; x_wconf 93' lang='grc' dir='ltr'><strong><em>γένους</em></strong></span> <span class='ocrx_word' id='word_1_54' title='bbox 789 1101 881 1150; x_wconf 85' lang='grc' dir='ltr'><strong><em>τεκαὶ</em></strong></span> <span class='ocrx_word' id='word_1_55' title='bbox 901 1098 989 1150; x_wconf 90' lang='grc' dir='ltr'><strong><em>τύπου</em></strong></span> <span class='ocrx_word' id='word_1_56' title='bbox 1008 1098 1039 1148; x_wconf 84' lang='grc' dir='ltr'><strong><em>τὸ</em></strong></span> <span class='ocrx_word' id='word_1_57' title='bbox 1058 1092 1086 1150; x_wconf 73' lang='grc' dir='ltr'><strong><em>δ’</em></strong></span> <span class='ocrx_word' id='word_1_58' title='bbox 1110 1093 1144 1148; x_wconf 90' lang='grc' dir='ltr'><strong><em>αὐ</em></strong></span> <span class='ocrx_word' id='word_1_59' title='bbox 1162 1098 1222 1160; x_wconf 86' lang='grc' dir='ltr'><strong><em>(τὸν</em></strong></span> <span class='ocrx_word' id='word_1_60' title='bbox 1240 1095 1327 1162; x_wconf 82' lang='grc' dir='ltr'><strong><em>ἥλιον)</em></strong></span> <span class='ocrx_word' id='word_1_61' title='bbox 1346 1097 1425 1165; x_wconf 85' lang='grc' dir='ltr'><strong><em>ὁρα-</em></strong></span> 
     </span>
     <span class='ocr_line' id='line_1_8' title="bbox 306 1183 1426 1254; baseline -0.004 -15"><span class='ocrx_word' id='word_1_62' title='bbox 306 1197 374 1239; x_wconf 83' lang='grc' dir='ltr'><strong><em>τοῦ.</em></strong></span> <span class='ocrx_word' id='word_1_63' title='bbox 411 1186 443 1238; x_wconf 87' lang='lat' dir='ltr'><strong><em>In</em></strong></span> <span class='ocrx_word' id='word_1_64' title='bbox 468 1185 638 1254; x_wconf 88' lang='lat' dir='ltr'><strong>sequentibus</strong></span> <span class='ocrx_word' id='word_1_65' title='bbox 663 1184 775 1252; x_wconf 80' lang='lat' dir='ltr'>imagine</span> <span class='ocrx_word' id='word_1_66' title='bbox 800 1184 963 1237; x_wconf 89' lang='lat' dir='ltr'><strong>nobilissima</strong></span> <span class='ocrx_word' id='word_1_67' title='bbox 985 1183 1139 1237; x_wconf 88' lang='lat' dir='ltr'><strong>illustratur</strong></span> <span class='ocrx_word' id='word_1_68' title='bbox 1162 1183 1260 1236; x_wconf 83' lang='lat' dir='ltr'><strong>sensim</strong></span> <span class='ocrx_word' id='word_1_69' title='bbox 1280 1183 1426 1251; x_wconf 82' lang='lat' dir='ltr'><strong>sensimque</strong></span> 
     </span>
     <span class='ocr_line' id='line_1_9' title="bbox 306 1270 1426 1343; baseline -0.004 -15"><span class='ocrx_word' id='word_1_70' title='bbox 306 1275 481 1343; x_wconf 76' lang='lat' dir='ltr'><strong>cognitionem</strong></span> <span class='ocrx_word' id='word_1_71' title='bbox 509 1274 650 1327; x_wconf 89' lang='lat' dir='ltr'><strong>humanam</strong></span> <span class='ocrx_word' id='word_1_72' title='bbox 677 1291 708 1326; x_wconf 84' lang='lat' dir='ltr'><strong><em>ex</em></strong></span> <span class='ocrx_word' id='word_1_73' title='bbox 739 1273 854 1326; x_wconf 86' lang='lat' dir='ltr'><strong>tenebris</strong></span> <span class='ocrx_word' id='word_1_74' title='bbox 881 1272 1009 1342; x_wconf 85' lang='lat' dir='ltr'><strong>falsisque</strong></span> <span class='ocrx_word' id='word_1_75' title='bbox 1036 1273 1187 1342; x_wconf 87' lang='lat' dir='ltr'><strong>opinionum</strong></span> <span class='ocrx_word' id='word_1_76' title='bbox 1215 1272 1362 1324; x_wconf 75' lang='lat' dir='ltr'><strong>simulacris</strong></span> <span class='ocrx_word' id='word_1_77' title='bbox 1393 1270 1426 1325; x_wconf 73' lang='lat' dir='ltr'><strong>aa</strong></span> 
     </span>
     <span class='ocr_line' id='line_1_10' title="bbox 305 1361 1426 1432; baseline -0.003 -16"><span class='ocrx_word' id='word_1_78' title='bbox 305 1364 391 1416; x_wconf 86' lang='lat' dir='ltr'><strong>lucem</strong></span> <span class='ocrx_word' id='word_1_79' title='bbox 418 1366 446 1416; x_wconf 86' lang='lat' dir='ltr'><strong><em>et</em></strong></span> <span class='ocrx_word' id='word_1_80' title='bbox 473 1379 561 1416; x_wconf 88' lang='lat' dir='ltr'><strong>rerum</strong></span> <span class='ocrx_word' id='word_1_81' title='bbox 588 1363 728 1416; x_wconf 88' lang='lat' dir='ltr'><strong>veritatem</strong></span> <span class='ocrx_word' id='word_1_82' title='bbox 746 1362 827 1429; x_wconf 91' lang='lat' dir='ltr'><strong>eniti,</strong></span> <span class='ocrx_word' id='word_1_83' title='bbox 855 1361 908 1414; x_wconf 85' lang='lat' dir='ltr'><strong><em>VII</em></strong></span> <span class='ocrx_word' id='word_1_84' title='bbox 926 1362 980 1415; x_wconf 83' lang='lat'><strong><em>514</em></strong></span> <span class='ocrx_word' id='word_1_85' title='bbox 990 1379 1028 1431; x_wconf 87' lang='lat' dir='ltr'><strong>sq.</strong></span> <span class='ocrx_word' id='word_1_86' title='bbox 1066 1361 1185 1432; x_wconf 88' lang='lat' dir='ltr'><strong>Denique</strong></span> <span class='ocrx_word' id='word_1_87' title='bbox 1203 1362 1243 1414; x_wconf 87' lang='lat' dir='ltr'><strong>ita</strong></span> <span class='ocrx_word' id='word_1_88' title='bbox 1268 1361 1426 1414; x_wconf 86' lang='lat' dir='ltr'><strong>sententiam</strong></span> 
     </span>
    </p>
   </div>
   <div class='ocr_carea' id='block_1_4' title="bbox 133 1540 1428 2055">
    <p class='ocr_par' dir='ltr' id='par_1_5' title="bbox 133 1540 1428 2055">
     <span class='ocr_line' id='line_1_11' title="bbox 308 1540 1426 1614; baseline -0.002 -22"><span class='ocrx_word' id='word_1_89' title='bbox 308 1544 345 1608; x_wconf 79' lang='grc' dir='ltr'><strong><em>τῷ</em></strong></span> <span class='ocrx_word' id='word_1_90' title='bbox 364 1544 477 1608; x_wconf 77' lang='grc' dir='ltr'><strong><em>γνωστῷ</em></strong></span> <span class='ocrx_word' id='word_1_91' title='bbox 496 1543 637 1593; x_wconf 86' lang='grc' dir='ltr'><strong><em>τελευταία</em></strong></span> <span class='ocrx_word' id='word_1_92' title='bbox 655 1543 671 1606; x_wconf 82' lang='grc' dir='ltr'>ἡ</span> <span class='ocrx_word' id='word_1_93' title='bbox 690 1551 740 1592; x_wconf 87' lang='grc' dir='ltr'><strong><em>τοῦ</em></strong></span> <span class='ocrx_word' id='word_1_94' title='bbox 758 1543 871 1609; x_wconf 85' lang='grc' dir='ltr'><strong><em>ἀγαθοῦ</em></strong></span> <span class='ocrx_word' id='word_1_95' title='bbox 895 1540 956 1593; x_wconf 77' lang='grc' dir='ltr'><strong><em>ῖάέα</em></strong></span> <span class='ocrx_word' id='word_1_96' title='bbox 974 1545 1021 1593; x_wconf 80' lang='grc' dir='ltr'><strong><em>καὶ</em></strong></span> <span class='ocrx_word' id='word_1_97' title='bbox 1038 1543 1122 1613; x_wconf 85' lang='grc' dir='ltr'><strong><em>μόγις</em></strong></span> <span class='ocrx_word' id='word_1_98' title='bbox 1141 1543 1277 1614; x_wconf 81' lang='grc' dir='ltr'><strong><em>ὁρᾶσθαι,</em></strong></span> <span class='ocrx_word' id='word_1_99' title='bbox 1305 1541 1426 1610; x_wconf 70' lang='grc' dir='ltr'><strong><em>ἀρθεῖσα</em></strong></span> 
     </span>
     <span class='ocr_line' id='line_1_12' title="bbox 307 1629 1427 1703; baseline -0.001 -22"><span class='ocrx_word' id='word_1_100' title='bbox 307 1629 340 1681; x_wconf 78' lang='grc' dir='ltr'><strong><em>ἀὲ</em></strong></span> <span class='ocrx_word' id='word_1_101' title='bbox 368 1631 547 1697; x_wconf 77' lang='grc' dir='ltr'><strong><em>συλλογιστέα</em></strong></span> <span class='ocrx_word' id='word_1_102' title='bbox 577 1629 647 1682; x_wconf 80' lang='grc' dir='ltr'><strong><em>εἶναι</em></strong></span> <span class='ocrx_word' id='word_1_103' title='bbox 676 1631 711 1688; x_wconf 84' lang='grc' dir='ltr'><strong><em>ὡς</em></strong></span> <span class='ocrx_word' id='word_1_104' title='bbox 737 1633 790 1703; x_wconf 78' lang='grc' dir='ltr'><strong><em>ἰίρα</em></strong></span> <span class='ocrx_word' id='word_1_105' title='bbox 809 1639 881 1682; x_wconf 85' lang='grc' dir='ltr'><strong><em>πᾶσι</em></strong></span> <span class='ocrx_word' id='word_1_106' title='bbox 900 1632 1013 1682; x_wconf 88' lang='grc' dir='ltr'><strong><em>πάντων</em></strong></span> <span class='ocrx_word' id='word_1_107' title='bbox 1032 1631 1099 1695; x_wconf 81' lang='grc' dir='ltr'><strong><em>αὕτη</em></strong></span> <span class='ocrx_word' id='word_1_108' title='bbox 1118 1631 1210 1703; x_wconf 90' lang='grc' dir='ltr'><strong><em>ὀρθῶν</em></strong></span> <span class='ocrx_word' id='word_1_109' title='bbox 1228 1648 1255 1682; x_wconf 87' lang='grc' dir='ltr'><strong><em>τε</em></strong></span> <span class='ocrx_word' id='word_1_110' title='bbox 1274 1632 1320 1681; x_wconf 85' lang='grc' dir='ltr'><strong><em>καὶ</em></strong></span> <span class='ocrx_word' id='word_1_111' title='bbox 1338 1631 1427 1681; x_wconf 85' lang='grc' dir='ltr'><strong><em>καλῶν</em></strong></span> 
     </span>
     <span class='ocr_line' id='line_1_13' title="bbox 309 1718 1427 1789; baseline -0.002 -19"><span class='ocrx_word' id='word_1_112' title='bbox 309 1723 398 1782; x_wconf 79' lang='grc' dir='ltr'><strong><em>αἰτία,</em></strong></span> <span class='ocrx_word' id='word_1_113' title='bbox 426 1719 455 1770; x_wconf 78' lang='grc' dir='ltr'><strong><em>ἔν</em></strong></span> <span class='ocrx_word' id='word_1_114' title='bbox 480 1737 507 1770; x_wconf 85' lang='grc' dir='ltr'><strong><em>τε</em></strong></span> <span class='ocrx_word' id='word_1_115' title='bbox 533 1721 621 1789; x_wconf 80' lang='grc' dir='ltr'><strong><em>ὁρατῷ</em></strong></span> <span class='ocrx_word' id='word_1_116' title='bbox 647 1729 704 1788; x_wconf 76' lang='grc' dir='ltr'><strong><em>φῶς</em></strong></span> <span class='ocrx_word' id='word_1_117' title='bbox 722 1723 769 1770; x_wconf 85' lang='grc' dir='ltr'><strong><em>καλ</em></strong></span> <span class='ocrx_word' id='word_1_118' title='bbox 788 1720 836 1770; x_wconf 89' lang='grc' dir='ltr'><strong><em>τὸν</em></strong></span> <span class='ocrx_word' id='word_1_119' title='bbox 858 1720 958 1770; x_wconf 91' lang='grc' dir='ltr'><strong><em>τούτου</em></strong></span> <span class='ocrx_word' id='word_1_120' title='bbox 976 1720 1071 1789; x_wconf 83' lang='grc' dir='ltr'><strong><em>κύριον</em></strong></span> <span class='ocrx_word' id='word_1_121' title='bbox 1089 1728 1218 1782; x_wconf 84' lang='grc' dir='ltr'><strong><em>τεκοῦσα,</em></strong></span> <span class='ocrx_word' id='word_1_122' title='bbox 1246 1718 1276 1770; x_wconf 81' lang='grc' dir='ltr'><strong><em>ἒν</em></strong></span> <span class='ocrx_word' id='word_1_123' title='bbox 1294 1736 1322 1769; x_wconf 86' lang='grc' dir='ltr'><strong><em>τε</em></strong></span> <span class='ocrx_word' id='word_1_124' title='bbox 1341 1719 1427 1785; x_wconf 81' lang='grc' dir='ltr'><strong><em>νοητῷ</em></strong></span> 
     </span>
     <span class='ocr_line' id='line_1_14' title="bbox 308 1805 1428 1880; baseline -0.002 -22"><span class='ocrx_word' id='word_1_125' title='bbox 308 1808 377 1872; x_wconf 84' lang='grc' dir='ltr'><strong><em>αὐτὴ</em></strong></span> <span class='ocrx_word' id='word_1_126' title='bbox 404 1811 483 1880; x_wconf 83' lang='grc' dir='ltr'><strong><em>κυρία</em></strong></span> <span class='ocrx_word' id='word_1_127' title='bbox 504 1808 635 1872; x_wconf 83' lang='grc' dir='ltr'><strong><em>ἀλήθειαν</em></strong></span> <span class='ocrx_word' id='word_1_128' title='bbox 653 1811 699 1858; x_wconf 82' lang='grc' dir='ltr'><strong><em>καὶ</em></strong></span> <span class='ocrx_word' id='word_1_129' title='bbox 718 1816 785 1858; x_wconf 89' lang='grc' dir='ltr'><strong><em>νοῦν</em></strong></span> <span class='ocrx_word' id='word_1_130' title='bbox 803 1811 1020 1880; x_wconf 77' lang='grc' dir='ltr'><strong><em>παρασχομένη,</em></strong></span> <span class='ocrx_word' id='word_1_131' title='bbox 1048 1809 1094 1858; x_wconf 84' lang='grc' dir='ltr'><strong><em>καὶ</em></strong></span> <span class='ocrx_word' id='word_1_132' title='bbox 1113 1806 1155 1858; x_wconf 84' lang='grc' dir='ltr'><strong><em>ότι</em></strong></span> <span class='ocrx_word' id='word_1_133' title='bbox 1175 1805 1221 1859; x_wconf 81' lang='grc' dir='ltr'><strong><em>δεῖ</em></strong></span> <span class='ocrx_word' id='word_1_134' title='bbox 1238 1807 1339 1870; x_wconf 90' lang='grc' dir='ltr'><strong><em>ταύτην</em></strong></span> <span class='ocrx_word' id='word_1_135' title='bbox 1358 1805 1428 1858; x_wconf 75' lang='grc' dir='ltr'><strong><em>ῐύεῑν</em></strong></span> 
     </span>
     <span class='ocr_line' id='line_1_15' title="bbox 308 1891 1427 1968; baseline -0.004 -20"><span class='ocrx_word' id='word_1_136' title='bbox 308 1898 356 1948; x_wconf 87' lang='grc' dir='ltr'><strong><em>τὸν</em></strong></span> <span class='ocrx_word' id='word_1_137' title='bbox 373 1898 508 1967; x_wconf 86' lang='grc' dir='ltr'><strong><em>μέλλοντα</em></strong></span> <span class='ocrx_word' id='word_1_138' title='bbox 528 1896 672 1968; x_wconf 72' lang='grc' dir='ltr'><strong><em>ἐμφρόνως</em></strong></span> <span class='ocrx_word' id='word_1_139' title='bbox 691 1897 806 1968; x_wconf 79' lang='grc' dir='ltr'><strong><em>πράξειν</em></strong></span> <span class='ocrx_word' id='word_1_140' title='bbox 824 1897 839 1960; x_wconf 67' lang='grc' dir='ltr'><strong><em>η·</em></strong></span> <span class='ocrx_word' id='word_1_141' title='bbox 859 1895 919 1962; x_wconf 77' lang='grc' dir='ltr'><strong><em>ἰδίᾳ</em></strong></span> <span class='ocrx_word' id='word_1_142' title='bbox 938 1899 953 1960; x_wconf 79' lang='grc' dir='ltr'>ἢ</span> <span class='ocrx_word' id='word_1_143' title='bbox 972 1895 1103 1966; x_wconf 74' lang='grc' dir='ltr'><strong><em>δημοσίᾳ.</em></strong></span> <span class='ocrx_word' id='word_1_144' title='bbox 1141 1893 1180 1948; x_wconf 82' lang='lat' dir='ltr'><strong><em>Cf.</em></strong></span> <span class='ocrx_word' id='word_1_145' title='bbox 1198 1893 1264 1963; x_wconf 77' lang='lat' dir='ltr'><strong>Rep.</strong></span> <span class='ocrx_word' id='word_1_146' title='bbox 1279 1893 1318 1944; x_wconf 83' lang='lat' dir='ltr'><strong><em>VI</em></strong></span> <span class='ocrx_word' id='word_1_147' title='bbox 1335 1892 1389 1946; x_wconf 85' lang='grc'><strong><em>504</em></strong></span> <span class='ocrx_word' id='word_1_148' title='bbox 1397 1891 1427 1958; x_wconf 84' lang='grc' dir='ltr'><strong><em>Ε,</em></strong></span> 
     </span>
     <span class='ocr_line' id='line_1_16' title="bbox 133 1979 1427 2055; baseline -0.002 -18"><span class='ocrx_word' id='word_1_149' title='bbox 133 1979 180 2021; x_wconf 58' lang='lat'><strong><em>*¹0⁹</em></strong></span> <span class='ocrx_word' id='word_1_150' title='bbox 194 1980 281 2030; x_wconf 57' lang='lat'><strong><em>⁸90010⁸</em></strong></span> <span class='ocrx_word' id='word_1_151' title='bbox 309 1983 360 2036; x_wconf 87' lang='lat' dir='ltr'><strong><em>VH</em></strong></span> <span class='ocrx_word' id='word_1_152' title='bbox 378 1982 462 2037; x_wconf 82' lang='lat' dir='ltr'>534E</span> <span class='ocrx_word' id='word_1_153' title='bbox 481 1982 522 2048; x_wconf 79' lang='lat' dir='ltr'><strong>(uf.</strong></span> <span class='ocrx_word' id='word_1_154' title='bbox 542 1989 586 2035; x_wconf 74' lang='lat' dir='ltr'><strong><em>BP</em></strong></span> <span class='ocrx_word' id='word_1_155' title='bbox 605 1981 699 2046; x_wconf 76' lang='lat'>2470).</span> <span class='ocrx_word' id='word_1_156' title='bbox 720 2013 754 2020; x_wconf 98' lang='lat'><em>-</em></span> <span class='ocrx_word' id='word_1_157' title='bbox 781 1982 883 2034; x_wconf 84' lang='lat' dir='ltr'><strong>Phileb.</strong></span> <span class='ocrx_word' id='word_1_158' title='bbox 903 1981 971 2036; x_wconf 81' lang='grc' dir='ltr'><strong><em>65Α</em></strong></span> <span class='ocrx_word' id='word_1_159' title='bbox 991 1985 1089 2036; x_wconf 86' lang='grc' dir='ltr'><strong><em>οὐκοῦν</em></strong></span> <span class='ocrx_word' id='word_1_160' title='bbox 1107 1984 1189 2055; x_wconf 78' lang='grc' dir='ltr'><strong><em>εἰμὴ</em></strong></span> <span class='ocrx_word' id='word_1_161' title='bbox 1206 1985 1260 2054; x_wconf 80' lang='grc' dir='ltr'><strong><em>μιᾷ</em></strong></span> <span class='ocrx_word' id='word_1_162' title='bbox 1279 1982 1427 2054; x_wconf 74' lang='grc' dir='ltr'><strong><em>δυνάμεθα</em></strong></span> 
     </span>
    </p>
   </div>
   <div class='ocr_carea' id='block_1_5' title="bbox 178 2033 1427 2145">
    <p class='ocr_par' dir='ltr' id='par_1_6' title="bbox 178 2033 1427 2145">
     <span class='ocr_line' id='line_1_17' title="bbox 178 2033 1427 2145; baseline -0.003 -21"><span class='ocrx_word' id='word_1_163' title='bbox 178 2033 230 2074; x_wconf 62' lang='lat' dir='ltr'><strong><em>bom</em></strong></span> <span class='ocrx_word' id='word_1_164' title='bbox 311 2073 372 2140; x_wconf 77' lang='grc' dir='ltr'><strong><em>ἰύέᾳ</em></strong></span> <span class='ocrx_word' id='word_1_165' title='bbox 391 2075 423 2125; x_wconf 84' lang='grc' dir='ltr'><strong><em>τὸ</em></strong></span> <span class='ocrx_word' id='word_1_166' title='bbox 442 2074 552 2140; x_wconf 87' lang='grc' dir='ltr'><strong><em>ἀγαθὸν</em></strong></span> <span class='ocrx_word' id='word_1_167' title='bbox 569 2079 711 2144; x_wconf 89' lang='grc' dir='ltr'><strong><em>θηρεῦσαι,</em></strong></span> <span class='ocrx_word' id='word_1_168' title='bbox 730 2073 782 2124; x_wconf 81' lang='grc' dir='ltr'><strong><em>σὺν</em></strong></span> <span class='ocrx_word' id='word_1_169' title='bbox 800 2076 873 2145; x_wconf 89' lang='grc' dir='ltr'><strong><em>τρισὶ</em></strong></span> <span class='ocrx_word' id='word_1_170' title='bbox 886 2073 1020 2139; x_wconf 75' lang='grc' dir='ltr'><strong><em>λαβόντες,</em></strong></span> <span class='ocrx_word' id='word_1_171' title='bbox 1040 2074 1130 2124; x_wconf 89' lang='grc' dir='ltr'><strong><em>κάλλει</em></strong></span> <span class='ocrx_word' id='word_1_172' title='bbox 1148 2075 1195 2123; x_wconf 87' lang='grc' dir='ltr'><strong><em>καὶ</em></strong></span> <span class='ocrx_word' id='word_1_173' title='bbox 1214 2074 1368 2143; x_wconf 81' lang='grc' dir='ltr'><strong><em>ξιμμετρίᾳ</em></strong></span> <span class='ocrx_word' id='word_1_174' title='bbox 1382 2074 1427 2122; x_wconf 82' lang='grc' dir='ltr'><strong><em>καλ</em></strong></span> 
     </span>
    </p>
   </div>
   <div class='ocr_carea' id='block_1_6' title="bbox 125 2153 1430 3452">
    <p class='ocr_par' dir='ltr' id='par_1_7' title="bbox 308 2153 1428 2321">
     <span class='ocr_line' id='line_1_18' title="bbox 308 2153 1428 2234; baseline -0.002 -22"><span class='ocrx_word' id='word_1_175' title='bbox 308 2163 430 2228; x_wconf 84' lang='grc' dir='ltr'><strong><em>ἀληθείᾳ,</em></strong></span> <span class='ocrx_word' id='word_1_176' title='bbox 449 2164 571 2230; x_wconf 89' lang='grc' dir='ltr'><strong><em>λέγωμεν</em></strong></span> <span class='ocrx_word' id='word_1_177' title='bbox 590 2163 624 2220; x_wconf 88' lang='grc' dir='ltr'><strong><em>ὡς</em></strong></span> <span class='ocrx_word' id='word_1_178' title='bbox 644 2153 803 2228; x_wconf 53' lang='grc' dir='ltr'><strong><em>τοῦτοῖοἷον</em></strong></span> <span class='ocrx_word' id='word_1_179' title='bbox 821 2160 851 2212; x_wconf 78' lang='grc' dir='ltr'><strong><em>ἓν</em></strong></span> <span class='ocrx_word' id='word_1_180' title='bbox 869 2155 995 2234; x_wconf 70' lang='grc' dir='ltr'><strong><em>ὀρθότατ’</em></strong></span> <span class='ocrx_word' id='word_1_181' title='bbox 1013 2163 1048 2212; x_wconf 86' lang='grc' dir='ltr'><strong><em>ἀν</em></strong></span> <span class='ocrx_word' id='word_1_182' title='bbox 1068 2155 1256 2232; x_wconf 73' lang='grc' dir='ltr'><strong><em>αλτιασαίμεθ</em></strong></span> <span class='ocrx_word' id='word_1_183' title='bbox 1279 2162 1315 2210; x_wconf 83' lang='grc' dir='ltr'><strong><em>ἀν</em></strong></span> <span class='ocrx_word' id='word_1_184' title='bbox 1333 2170 1387 2210; x_wconf 91' lang='grc' dir='ltr'><strong><em>τῶν</em></strong></span> <span class='ocrx_word' id='word_1_185' title='bbox 1399 2161 1428 2211; x_wconf 73' lang='grc' dir='ltr'><strong><em>ἰν</em></strong></span> 
     </span>
     <span class='ocr_line' id='line_1_19' title="bbox 308 2249 1427 2321; baseline -0.002 -20"><span class='ocrx_word' id='word_1_186' title='bbox 308 2253 340 2319; x_wconf 75' lang='grc' dir='ltr'><strong><em>τῇ</em></strong></span> <span class='ocrx_word' id='word_1_187' title='bbox 359 2253 499 2321; x_wconf 82' lang='grc' dir='ltr'><strong><em>συμμίξει,</em></strong></span> <span class='ocrx_word' id='word_1_188' title='bbox 517 2253 564 2302; x_wconf 85' lang='grc' dir='ltr'><strong><em>καὶ</em></strong></span> <span class='ocrx_word' id='word_1_189' title='bbox 584 2249 632 2302; x_wconf 65' lang='lat' dir='ltr'><strong><em>aaa</em></strong></span> <span class='ocrx_word' id='word_1_190' title='bbox 651 2259 734 2300; x_wconf 87' lang='grc' dir='ltr'><strong><em>τοῦτο</em></strong></span> <span class='ocrx_word' id='word_1_191' title='bbox 753 2251 787 2308; x_wconf 88' lang='grc' dir='ltr'><strong><em>ὡς</em></strong></span> <span class='ocrx_word' id='word_1_192' title='bbox 802 2249 912 2316; x_wconf 88' lang='grc' dir='ltr'><strong><em>ἀγαθὸν</em></strong></span> <span class='ocrx_word' id='word_1_193' title='bbox 931 2251 962 2299; x_wconf 87' lang='grc' dir='ltr'><strong><em>ὂν</em></strong></span> <span class='ocrx_word' id='word_1_194' title='bbox 981 2251 1111 2314; x_wconf 81' lang='grc' dir='ltr'><strong><em>τοιαύτην</em></strong></span> <span class='ocrx_word' id='word_1_195' title='bbox 1129 2249 1214 2314; x_wconf 75' lang='grc' dir='ltr'><strong><em>αὐτὴν</em></strong></span> <span class='ocrx_word' id='word_1_196' title='bbox 1227 2251 1379 2316; x_wconf 87' lang='grc' dir='ltr'><strong><em>γεγονέναι.</em></strong></span> <span class='ocrx_word' id='word_1_197' title='bbox 1394 2275 1427 2285; x_wconf 93' lang='grc'>-</span> 
     </span>
    </p>

    <p class='ocr_par' dir='ltr' id='par_1_8' title="bbox 125 2335 1430 3452">
     <span class='ocr_line' id='line_1_20' title="bbox 125 2335 1429 2405; baseline 0 -17"><span class='ocrx_word' id='word_1_198' title='bbox 125 2343 191 2374; x_wconf 69' lang='lat' dir='ltr'><strong>unam</strong></span> <span class='ocrx_word' id='word_1_199' title='bbox 204 2335 283 2376; x_wconf 73' lang='lat' dir='ltr'><strong>bonum</strong></span> <span class='ocrx_word' id='word_1_200' title='bbox 310 2337 458 2390; x_wconf 84' lang='lat' dir='ltr'><strong>Posteriora</strong></span> <span class='ocrx_word' id='word_1_201' title='bbox 476 2339 564 2389; x_wconf 86' lang='lat' dir='ltr'><strong>aetate</strong></span> <span class='ocrx_word' id='word_1_202' title='bbox 582 2353 642 2388; x_wconf 87' lang='lat' dir='ltr'><strong><em>eum</em></strong></span> <span class='ocrx_word' id='word_1_203' title='bbox 659 2337 730 2388; x_wconf 88' lang='lat' dir='ltr'><strong>inter</strong></span> <span class='ocrx_word' id='word_1_204' title='bbox 749 2335 890 2405; x_wconf 84' lang='lat' dir='ltr'><strong>discipulos</strong></span> <span class='ocrx_word' id='word_1_205' title='bbox 909 2335 1063 2404; x_wconf 81' lang='lat' dir='ltr'><strong>explicatius</strong></span> <span class='ocrx_word' id='word_1_206' title='bbox 1078 2337 1109 2388; x_wconf 91' lang='lat' dir='ltr'><strong><em>de</em></strong></span> <span class='ocrx_word' id='word_1_207' title='bbox 1123 2336 1182 2388; x_wconf 89' lang='lat' dir='ltr'><strong>idea</strong></span> <span class='ocrx_word' id='word_1_208' title='bbox 1199 2337 1261 2388; x_wconf 90' lang='lat' dir='ltr'><strong>boni</strong></span> <span class='ocrx_word' id='word_1_209' title='bbox 1280 2335 1429 2404; x_wconf 84' lang='lat' dir='ltr'><strong>disputasse</strong></span> 
     </span>
     <span class='ocr_line' id='line_1_21' title="bbox 308 2423 1429 2492; baseline 0 -16"><span class='ocrx_word' id='word_1_210' title='bbox 308 2425 470 2492; x_wconf 74' lang='lat' dir='ltr'><strong>argumentis</strong></span> <span class='ocrx_word' id='word_1_211' title='bbox 488 2424 615 2477; x_wconf 76' lang='lat' dir='ltr'><strong>adhibitis</strong></span> <span class='ocrx_word' id='word_1_212' title='bbox 633 2424 827 2477; x_wconf 79' lang='lat' dir='ltr'><strong>mathematicis</strong></span> <span class='ocrx_word' id='word_1_213' title='bbox 846 2427 874 2476; x_wconf 89' lang='lat' dir='ltr'><strong><em>et</em></strong></span> <span class='ocrx_word' id='word_1_214' title='bbox 892 2425 1073 2476; x_wconf 86' lang='lat' dir='ltr'><strong>astronomicis</strong></span> <span class='ocrx_word' id='word_1_215' title='bbox 1092 2424 1170 2476; x_wconf 87' lang='lat' dir='ltr'><strong>testis</strong></span> <span class='ocrx_word' id='word_1_216' title='bbox 1197 2426 1240 2476; x_wconf 88' lang='lat' dir='ltr'><strong>est</strong></span> <span class='ocrx_word' id='word_1_217' title='bbox 1256 2423 1429 2477; x_wconf 81' lang='lat' dir='ltr'><strong>Aristoxenus</strong></span> 
     </span>
     <span class='ocr_line' id='line_1_22' title="bbox 308 2511 1429 2587; baseline -0.002 -21"><span class='ocrx_word' id='word_1_218' title='bbox 308 2513 399 2566; x_wconf 87' lang='lat' dir='ltr'><strong>Harm.</strong></span> <span class='ocrx_word' id='word_1_219' title='bbox 418 2513 458 2566; x_wconf 81' lang='lat' dir='ltr'><strong><em>El.</em></strong></span> <span class='ocrx_word' id='word_1_220' title='bbox 476 2513 504 2566; x_wconf 93' lang='grc' dir='ltr'>Π</span> <span class='ocrx_word' id='word_1_221' title='bbox 522 2531 546 2582; x_wconf 93' lang='lat' dir='ltr'><strong><em>p.</em></strong></span> <span class='ocrx_word' id='word_1_222' title='bbox 566 2515 602 2567; x_wconf 87' lang='lat'><strong><em>30</em></strong></span> <span class='ocrx_word' id='word_1_223' title='bbox 619 2513 698 2566; x_wconf 84' lang='lat' dir='ltr'><strong>Meib.</strong></span> <span class='ocrx_word' id='word_1_224' title='bbox 718 2542 752 2550; x_wconf 91' lang='lat'>—</span> <span class='ocrx_word' id='word_1_225' title='bbox 772 2543 806 2550; x_wconf 98' lang='lat'><em>-</em></span> <span class='ocrx_word' id='word_1_226' title='bbox 824 2516 953 2584; x_wconf 83' lang='grc' dir='ltr'><strong><em>καθάπερ</em></strong></span> <span class='ocrx_word' id='word_1_227' title='bbox 963 2511 1149 2587; x_wconf 83' lang='grc' dir='ltr'><strong><em>Ἀριστοτέλης</em></strong></span> <span class='ocrx_word' id='word_1_228' title='bbox 1168 2516 1211 2565; x_wconf 88' lang='grc' dir='ltr'><strong><em>ἀεὶ</em></strong></span> <span class='ocrx_word' id='word_1_229' title='bbox 1229 2513 1353 2582; x_wconf 81' lang='grc' dir='ltr'><strong><em>όιηγεῐτο</em></strong></span> <span class='ocrx_word' id='word_1_230' title='bbox 1367 2515 1429 2573; x_wconf 86' lang='grc' dir='ltr'><strong><em>τοὺς</em></strong></span> 
     </span>
     <span class='ocr_line' id='line_1_23' title="bbox 308 2603 1429 2676; baseline 0.002 -22"><span class='ocrx_word' id='word_1_231' title='bbox 308 2606 454 2663; x_wconf 81' lang='grc' dir='ltr'><strong><em>πλείστους</em></strong></span> <span class='ocrx_word' id='word_1_232' title='bbox 473 2615 526 2654; x_wconf 91' lang='grc' dir='ltr'><strong><em>τῶν</em></strong></span> <span class='ocrx_word' id='word_1_233' title='bbox 545 2605 722 2655; x_wconf 76' lang='grc' dir='ltr'><strong><em>ἀκουσάντων</em></strong></span> <span class='ocrx_word' id='word_1_234' title='bbox 741 2603 987 2676; x_wconf 81' lang='grc' dir='ltr'><strong><em>παράΠλάτωνος</em></strong></span> <span class='ocrx_word' id='word_1_235' title='bbox 1006 2604 1054 2668; x_wconf 81' lang='grc' dir='ltr'><strong><em>τὴν</em></strong></span> <span class='ocrx_word' id='word_1_236' title='bbox 1068 2607 1130 2676; x_wconf 87' lang='grc' dir='ltr'><strong><em>περὶ</em></strong></span> <span class='ocrx_word' id='word_1_237' title='bbox 1149 2604 1279 2670; x_wconf 90' lang='grc' dir='ltr'><strong><em>τάγαθοῦ</em></strong></span> <span class='ocrx_word' id='word_1_238' title='bbox 1297 2604 1429 2676; x_wconf 81' lang='grc' dir='ltr'><strong><em>ἀκρόασιν</em></strong></span> 
     </span>
     <span class='ocr_line' id='line_1_24' title="bbox 308 2691 1429 2765; baseline -0.001 -20"><span class='ocrx_word' id='word_1_239' title='bbox 308 2699 418 2745; x_wconf 77' lang='grc' dir='ltr'><strong><em>πενθεῖν.</em></strong></span> <span class='ocrx_word' id='word_1_240' title='bbox 447 2697 593 2765; x_wconf 75' lang='grc' dir='ltr'><strong><em>προσιέναι</em></strong></span> <span class='ocrx_word' id='word_1_241' title='bbox 616 2691 669 2762; x_wconf 74' lang='grc' dir='ltr'><strong><em>μὲν</em></strong></span> <span class='ocrx_word' id='word_1_242' title='bbox 693 2693 747 2764; x_wconf 87' lang='grc' dir='ltr'><strong><em>γάρ</em></strong></span> <span class='ocrx_word' id='word_1_243' title='bbox 774 2691 891 2744; x_wconf 75' lang='grc' dir='ltr'><strong><em>ἕκαστον</em></strong></span> <span class='ocrx_word' id='word_1_244' title='bbox 917 2693 1151 2762; x_wconf 75' lang='grc' dir='ltr'><strong><em>ὑπολαμβάνοντα</em></strong></span> <span class='ocrx_word' id='word_1_245' title='bbox 1170 2692 1313 2757; x_wconf 80' lang='grc' dir='ltr'><strong><em>λήιγεσθαί</em></strong></span> <span class='ocrx_word' id='word_1_246' title='bbox 1331 2712 1357 2744; x_wconf 93' lang='grc' dir='ltr'><strong><em>τι</em></strong></span> <span class='ocrx_word' id='word_1_247' title='bbox 1376 2703 1429 2744; x_wconf 90' lang='grc' dir='ltr'><strong><em>τῶν</em></strong></span> 
     </span>
     <span class='ocr_line' id='line_1_25' title="bbox 308 2775 1425 2854; baseline -0.001 -21"><span class='ocrx_word' id='word_1_248' title='bbox 308 2784 495 2854; x_wconf 77' lang='grc' dir='ltr'><strong><em>νομιζομένων</em></strong></span> <span class='ocrx_word' id='word_1_249' title='bbox 513 2783 618 2832; x_wconf 89' lang='grc' dir='ltr'><strong><em>τούτων</em></strong></span> <span class='ocrx_word' id='word_1_250' title='bbox 636 2781 820 2851; x_wconf 84' lang='grc' dir='ltr'><strong><em>ἀνθρωπίνων</em></strong></span> <span class='ocrx_word' id='word_1_251' title='bbox 838 2781 962 2848; x_wconf 83' lang='grc' dir='ltr'><strong><em>ἀγαθῶν,</em></strong></span> <span class='ocrx_word' id='word_1_252' title='bbox 988 2775 1048 2832; x_wconf 77' lang='grc' dir='ltr'><strong><em>οἷον</em></strong></span> <span class='ocrx_word' id='word_1_253' title='bbox 1066 2783 1188 2832; x_wconf 87' lang='grc' dir='ltr'><strong><em>πλοῦτον</em></strong></span> <span class='ocrx_word' id='word_1_254' title='bbox 1208 2781 1314 2848; x_wconf 83' lang='grc' dir='ltr'><strong><em>ὑγίειαν</em></strong></span> <span class='ocrx_word' id='word_1_255' title='bbox 1334 2783 1425 2850; x_wconf 77' lang='grc' dir='ltr'><strong><em>ἰσχύν,</em></strong></span> 
     </span>
     <span class='ocr_line' id='line_1_26' title="bbox 309 2869 1429 2943; baseline -0.001 -21"><span class='ocrx_word' id='word_1_256' title='bbox 309 2873 340 2922; x_wconf 86' lang='grc' dir='ltr'><strong><em>τὸ</em></strong></span> <span class='ocrx_word' id='word_1_257' title='bbox 359 2871 423 2922; x_wconf 88' lang='grc' dir='ltr'><strong><em>ὅλον</em></strong></span> <span class='ocrx_word' id='word_1_258' title='bbox 441 2869 624 2940; x_wconf 72' lang='grc' dir='ltr'><strong><em>εὐδαιμονίαν</em></strong></span> <span class='ocrx_word' id='word_1_259' title='bbox 649 2870 710 2920; x_wconf 89' lang='grc' dir='ltr'><strong><em>τινά</em></strong></span> <span class='ocrx_word' id='word_1_260' title='bbox 728 2871 904 2940; x_wconf 86' lang='grc' dir='ltr'><strong><em>θαυμαστήν.</em></strong></span> <span class='ocrx_word' id='word_1_261' title='bbox 937 2869 981 2921; x_wconf 83' lang='grc' dir='ltr'><strong><em>ὅτε</em></strong></span> <span class='ocrx_word' id='word_1_262' title='bbox 1000 2869 1033 2921; x_wconf 77' lang='grc' dir='ltr'><strong><em>ἀὲ</em></strong></span> <span class='ocrx_word' id='word_1_263' title='bbox 1052 2875 1206 2939; x_wconf 76' lang='grc' dir='ltr'><strong><em>φανείησαν</em></strong></span> <span class='ocrx_word' id='word_1_264' title='bbox 1224 2871 1252 2920; x_wconf 86' lang='grc' dir='ltr'><strong><em>οἱ</em></strong></span> <span class='ocrx_word' id='word_1_265' title='bbox 1269 2869 1348 2936; x_wconf 89' lang='grc' dir='ltr'><strong><em>λόγοι</em></strong></span> <span class='ocrx_word' id='word_1_266' title='bbox 1367 2873 1429 2943; x_wconf 88' lang='grc' dir='ltr'><strong><em>περὶ</em></strong></span> 
     </span>
     <span class='ocr_line' id='line_1_27' title="bbox 308 2959 1429 3031; baseline 0.001 -21"><span class='ocrx_word' id='word_1_267' title='bbox 308 2961 485 3030; x_wconf 91' lang='grc' dir='ltr'><strong><em>μαθημάτων</em></strong></span> <span class='ocrx_word' id='word_1_268' title='bbox 503 2963 549 3010; x_wconf 85' lang='grc' dir='ltr'><strong><em>καὶ</em></strong></span> <span class='ocrx_word' id='word_1_269' title='bbox 568 2960 698 3029; x_wconf 81' lang='grc' dir='ltr'><strong><em>ἀριθμῶν</em></strong></span> <span class='ocrx_word' id='word_1_270' title='bbox 710 2961 757 3010; x_wconf 87' lang='grc' dir='ltr'><strong><em>καὶ</em></strong></span> <span class='ocrx_word' id='word_1_271' title='bbox 775 2963 942 3030; x_wconf 83' lang='grc' dir='ltr'><strong><em>γεωμετρίας</em></strong></span> <span class='ocrx_word' id='word_1_272' title='bbox 960 2961 1006 3010; x_wconf 80' lang='grc' dir='ltr'><strong><em>καὶ</em></strong></span> <span class='ocrx_word' id='word_1_273' title='bbox 1025 2959 1208 3027; x_wconf 88' lang='grc' dir='ltr'><strong><em>ἀστρολογίας</em></strong></span> <span class='ocrx_word' id='word_1_274' title='bbox 1226 2961 1274 3009; x_wconf 87' lang='grc' dir='ltr'><strong><em>καὶ</em></strong></span> <span class='ocrx_word' id='word_1_275' title='bbox 1294 2959 1326 3010; x_wconf 86' lang='grc' dir='ltr'><strong><em>τό</em></strong></span> <span class='ocrx_word' id='word_1_276' title='bbox 1345 2963 1429 3031; x_wconf 86' lang='grc' dir='ltr'><strong><em>πέρας</em></strong></span> 
     </span>
     <span class='ocr_line' id='line_1_28' title="bbox 309 3046 1428 3118; baseline 0 -20"><span class='ocrx_word' id='word_1_277' title='bbox 309 3047 351 3098; x_wconf 85' lang='grc' dir='ltr'><strong><em>ὅτι</em></strong></span> <span class='ocrx_word' id='word_1_278' title='bbox 371 3047 481 3114; x_wconf 89' lang='grc' dir='ltr'><strong><em>ἀγαθόν</em></strong></span> <span class='ocrx_word' id='word_1_279' title='bbox 494 3048 570 3098; x_wconf 72' lang='grc' dir='ltr'><strong><em>ἐστιν</em></strong></span> <span class='ocrx_word' id='word_1_280' title='bbox 588 3046 602 3098; x_wconf 77' lang='grc' dir='ltr'><strong>ἕ</strong></span> <span class='ocrx_word' id='word_1_281' title='bbox 607 3067 634 3110; x_wconf 90' lang='grc' dir='ltr'><strong><em>ν,</em></strong></span> <span class='ocrx_word' id='word_1_282' title='bbox 655 3049 793 3106; x_wconf 88' lang='grc' dir='ltr'><strong><em>παντελῶς</em></strong></span> <span class='ocrx_word' id='word_1_283' title='bbox 812 3046 892 3118; x_wconf 81' lang='grc' dir='ltr'><strong><em>οἶμαι</em></strong></span> <span class='ocrx_word' id='word_1_284' title='bbox 910 3046 1072 3118; x_wconf 73' lang='grc' dir='ltr'><strong><em>παράδοξόν</em></strong></span> <span class='ocrx_word' id='word_1_285' title='bbox 1090 3067 1117 3098; x_wconf 90' lang='grc' dir='ltr'><strong><em>τι</em></strong></span> <span class='ocrx_word' id='word_1_286' title='bbox 1136 3047 1265 3116; x_wconf 72' lang='grc' dir='ltr'><strong><em>ἐφαίνετο</em></strong></span> <span class='ocrx_word' id='word_1_287' title='bbox 1284 3048 1384 3106; x_wconf 85' lang='grc' dir='ltr'><strong><em>αὐτοῖς.</em></strong></span> <span class='ocrx_word' id='word_1_288' title='bbox 1395 3074 1428 3084; x_wconf 94' lang='grc'><strong>-</strong></span> 
     </span>
     <span class='ocr_line' id='line_1_29' title="bbox 309 3133 1429 3200; baseline -0.002 -13"><span class='ocrx_word' id='word_1_289' title='bbox 309 3133 346 3188; x_wconf 84' lang='lat' dir='ltr'><strong><em>Cf.</em></strong></span> <span class='ocrx_word' id='word_1_290' title='bbox 366 3133 450 3186; x_wconf 80' lang='lat' dir='ltr'><strong>Arist.</strong></span> <span class='ocrx_word' id='word_1_291' title='bbox 469 3133 532 3186; x_wconf 77' lang='lat' dir='ltr'><strong>Met.</strong></span> <span class='ocrx_word' id='word_1_292' title='bbox 552 3134 614 3186; x_wconf 74' lang='lat' dir='ltr'><strong><em>XsV</em></strong></span> <span class='ocrx_word' id='word_1_293' title='bbox 632 3133 657 3188; x_wconf 83' lang='grc'><strong><em>4.</em></strong></span> <span class='ocrx_word' id='word_1_294' title='bbox 678 3135 766 3188; x_wconf 81' lang='lat' dir='ltr'><strong><em>1091b</em></strong></span> <span class='ocrx_word' id='word_1_295' title='bbox 786 3135 819 3187; x_wconf 89' lang='grc'><strong><em>13</em></strong></span> <span class='ocrx_word' id='word_1_296' title='bbox 846 3145 900 3186; x_wconf 91' lang='grc' dir='ltr'><strong><em>τῶν</em></strong></span> <span class='ocrx_word' id='word_1_297' title='bbox 924 3136 956 3188; x_wconf 79' lang='grc' dir='ltr'><strong><em>δὲ</em></strong></span> <span class='ocrx_word' id='word_1_298' title='bbox 984 3137 1032 3194; x_wconf 84' lang='grc' dir='ltr'><strong><em>τάς</em></strong></span> <span class='ocrx_word' id='word_1_299' title='bbox 1061 3136 1204 3200; x_wconf 81' lang='grc' dir='ltr'><strong><em>ἀκινήτους</em></strong></span> <span class='ocrx_word' id='word_1_300' title='bbox 1232 3135 1328 3194; x_wconf 81' lang='grc' dir='ltr'><strong><em>οὐσίας</em></strong></span> <span class='ocrx_word' id='word_1_301' title='bbox 1360 3134 1429 3186; x_wconf 82' lang='grc' dir='ltr'><strong><em>εἶναι</em></strong></span> 
     </span>
     <span class='ocr_line' id='line_1_30' title="bbox 309 3221 1430 3294; baseline -0.001 -19"><span class='ocrx_word' id='word_1_302' title='bbox 309 3225 443 3292; x_wconf 91' lang='grc' dir='ltr'><strong><em>λεγόντων</em></strong></span> <span class='ocrx_word' id='word_1_303' title='bbox 472 3226 499 3274; x_wconf 82' lang='grc' dir='ltr'><strong><em>οἱ</em></strong></span> <span class='ocrx_word' id='word_1_304' title='bbox 525 3228 577 3294; x_wconf 92' lang='grc' dir='ltr'><strong><em>μέν</em></strong></span> <span class='ocrx_word' id='word_1_305' title='bbox 605 3241 694 3294; x_wconf 77' lang='grc' dir='ltr'><strong><em>(μασιν</em></strong></span> <span class='ocrx_word' id='word_1_306' title='bbox 722 3226 789 3276; x_wconf 83' lang='grc' dir='ltr'><strong><em>αὐτὸ</em></strong></span> <span class='ocrx_word' id='word_1_307' title='bbox 816 3227 848 3276; x_wconf 91' lang='grc' dir='ltr'><strong><em>τὸ</em></strong></span> <span class='ocrx_word' id='word_1_308' title='bbox 876 3223 905 3276; x_wconf 69' lang='grc' dir='ltr'><strong><em>ἓν</em></strong></span> <span class='ocrx_word' id='word_1_309' title='bbox 932 3227 964 3275; x_wconf 87' lang='grc' dir='ltr'><strong><em>τὸ</em></strong></span> <span class='ocrx_word' id='word_1_310' title='bbox 992 3225 1103 3292; x_wconf 88' lang='grc' dir='ltr'><strong><em>ἀγαθὸν</em></strong></span> <span class='ocrx_word' id='word_1_311' title='bbox 1128 3224 1195 3274; x_wconf 85' lang='grc' dir='ltr'><strong><em>αὐτὸ</em></strong></span> <span class='ocrx_word' id='word_1_312' title='bbox 1219 3221 1302 3274; x_wconf 82' lang='grc' dir='ltr'><strong><em>εἶναι’</em></strong></span> <span class='ocrx_word' id='word_1_313' title='bbox 1333 3225 1430 3275; x_wconf 86' lang='grc' dir='ltr'><strong><em>οὐσίαν</em></strong></span> 
     </span>
     <span class='ocr_line' id='line_1_31' title="bbox 308 3307 1429 3384; baseline -0.001 -21"><span class='ocrx_word' id='word_1_314' title='bbox 308 3316 405 3383; x_wconf 87' lang='grc' dir='ltr'><strong><em>μέντοι</em></strong></span> <span class='ocrx_word' id='word_1_315' title='bbox 424 3313 456 3363; x_wconf 85' lang='grc' dir='ltr'><strong><em>τὸ</em></strong></span> <span class='ocrx_word' id='word_1_316' title='bbox 474 3311 503 3364; x_wconf 68' lang='grc' dir='ltr'><strong><em>ἓν</em></strong></span> <span class='ocrx_word' id='word_1_317' title='bbox 522 3313 607 3363; x_wconf 87' lang='grc' dir='ltr'><strong><em>αὐτοῦ</em></strong></span> <span class='ocrx_word' id='word_1_318' title='bbox 625 3307 712 3380; x_wconf 81' lang='grc' dir='ltr'><strong><em>ᾤοντο</em></strong></span> <span class='ocrx_word' id='word_1_319' title='bbox 731 3313 801 3365; x_wconf 76' lang='grc' dir='ltr'><strong><em>εἶναι</em></strong></span> <span class='ocrx_word' id='word_1_320' title='bbox 819 3315 950 3384; x_wconf 87' lang='grc' dir='ltr'><strong><em>μάλιστα,</em></strong></span> <span class='ocrx_word' id='word_1_321' title='bbox 979 3328 1044 3380; x_wconf 85' lang='lat' dir='ltr'><strong>quae</strong></span> <span class='ocrx_word' id='word_1_322' title='bbox 1062 3311 1141 3362; x_wconf 82' lang='lat' dir='ltr'><strong>verba</strong></span> <span class='ocrx_word' id='word_1_323' title='bbox 1159 3327 1175 3362; x_wconf 85' lang='lat' dir='ltr'><strong>a</strong></span> <span class='ocrx_word' id='word_1_324' title='bbox 1193 3309 1302 3377; x_wconf 77' lang='lat' dir='ltr'><strong>Syriano</strong></span> <span class='ocrx_word' id='word_1_325' title='bbox 1321 3310 1354 3362; x_wconf 81' lang='lat' dir='ltr'><strong>ad</strong></span> <span class='ocrx_word' id='word_1_326' title='bbox 1372 3310 1429 3362; x_wconf 90' lang='lat' dir='ltr'><strong>Pla·</strong></span> 
     </span>
     <span class='ocr_line' id='line_1_32' title="bbox 308 3397 570 3452; baseline 0 0"><span class='ocrx_word' id='word_1_327' title='bbox 308 3402 396 3452; x_wconf 83' lang='lat' dir='ltr'><strong>touom</strong></span> <span class='ocrx_word' id='word_1_328' title='bbox 414 3397 570 3452; x_wconf 82' lang='lat' dir='ltr'><strong>referuntur.</strong></span> 
     </span>
    </p>
   </div>
   <div class='ocr_carea' id='block_1_7' title="bbox 128 3590 1474 4530">
    <p class='ocr_par' dir='ltr' id='par_1_9' title="bbox 167 3590 1474 3679">
     <span class='ocr_line' id='line_1_33' title="bbox 167 3590 1474 3679; baseline 0.002 -23"><span class='ocrx_word' id='word_1_329' title='bbox 167 3608 284 3649; x_wconf 71' lang='lat' dir='ltr'><strong>sensibilia</strong></span> <span class='ocrx_word' id='word_1_330' title='bbox 378 3593 508 3656; x_wconf 85' lang='lat' dir='ltr'><strong>Aristot.</strong></span> <span class='ocrx_word' id='word_1_331' title='bbox 532 3594 608 3657; x_wconf 87' lang='lat' dir='ltr'><strong>Met.</strong></span> <span class='ocrx_word' id='word_1_332' title='bbox 632 3593 649 3656; x_wconf 91' lang='grc' dir='ltr'>Ι</span> <span class='ocrx_word' id='word_1_333' title='bbox 674 3603 701 3658; x_wconf 83' lang='grc'><strong><em>6.</em></strong></span> <span class='ocrx_word' id='word_1_334' title='bbox 727 3593 809 3660; x_wconf 71' lang='lat' dir='ltr'><strong><em>987b</em></strong></span> <span class='ocrx_word' id='word_1_335' title='bbox 835 3605 852 3659; x_wconf 81' lang='grc' dir='ltr'><strong><em>τ</em></strong></span> <span class='ocrx_word' id='word_1_336' title='bbox 879 3594 929 3678; x_wconf 86' lang='lat' dir='ltr'><strong>(ef.</strong></span> <span class='ocrx_word' id='word_1_337' title='bbox 945 3593 1008 3660; x_wconf 73' lang='grc' dir='ltr'><strong><em>ΒΡ</em></strong></span> <span class='ocrx_word' id='word_1_338' title='bbox 1025 3591 1112 3679; x_wconf 81' lang='lat'>251).</span> <span class='ocrx_word' id='word_1_339' title='bbox 1163 3594 1273 3670; x_wconf 80' lang='grc' dir='ltr'><strong><em>Οῦιως</em></strong></span> <span class='ocrx_word' id='word_1_340' title='bbox 1294 3592 1354 3676; x_wconf 81' lang='grc' dir='ltr'><strong><em>μὲν</em></strong></span> <span class='ocrx_word' id='word_1_341' title='bbox 1377 3590 1474 3666; x_wconf 62' lang='grc' dir='ltr'><strong><em>σύνιτε</em></strong></span> 
     </span>
    </p>

    <p class='ocr_par' dir='ltr' id='par_1_10' title="bbox 310 3687 1428 3788">
     <span class='ocr_line' id='line_1_34' title="bbox 310 3687 1428 3788; baseline 0.003 -27"><span class='ocrx_word' id='word_1_342' title='bbox 310 3699 511 3762; x_wconf 83' lang='grc' dir='ltr'><strong><em>τὰτοιαῦτα</em></strong></span> <span class='ocrx_word' id='word_1_343' title='bbox 534 3711 599 3762; x_wconf 87' lang='grc' dir='ltr'><strong><em>τῶν</em></strong></span> <span class='ocrx_word' id='word_1_344' title='bbox 621 3695 721 3764; x_wconf 77' lang='grc' dir='ltr'><strong><em>όντων</em></strong></span> <span class='ocrx_word' id='word_1_345' title='bbox 744 3696 834 3777; x_wconf 85' lang='grc' dir='ltr'><strong><em>ίόίας</em></strong></span> <span class='ocrx_word' id='word_1_346' title='bbox 867 3699 1121 3788; x_wconf 86' lang='grc' dir='ltr'><strong><em>προσηγόρευσε,</em></strong></span> <span class='ocrx_word' id='word_1_347' title='bbox 1157 3701 1198 3763; x_wconf 83' lang='grc' dir='ltr'><strong><em>τὰ</em></strong></span> <span class='ocrx_word' id='word_1_348' title='bbox 1221 3687 1254 3763; x_wconf 74' lang='grc' dir='ltr'><strong><em>ἀ&gt;</em></strong></span> <span class='ocrx_word' id='word_1_349' title='bbox 1282 3696 1428 3786; x_wconf 80' lang='grc' dir='ltr'><strong><em>αἰσθητά</em></strong></span> 
     </span>
    </p>

    <p class='ocr_par' dir='ltr' id='par_1_11' title="bbox 249 3803 1428 3997">
     <span class='ocr_line' id='line_1_35' title="bbox 249 3803 1428 3896; baseline 0.002 -29"><span class='ocrx_word' id='word_1_350' title='bbox 249 3889 254 3896; x_wconf 34' lang='grc'><strong><em>,</em></strong></span> <span class='ocrx_word' id='word_1_351' title='bbox 309 3805 403 3890; x_wconf 81' lang='grc' dir='ltr'><strong><em>παρὰ</em></strong></span> <span class='ocrx_word' id='word_1_352' title='bbox 427 3815 531 3868; x_wconf 84' lang='grc' dir='ltr'><strong><em>ταῦτα</em></strong></span> <span class='ocrx_word' id='word_1_353' title='bbox 554 3803 611 3869; x_wconf 81' lang='grc' dir='ltr'><strong><em>καὶ</em></strong></span> <span class='ocrx_word' id='word_1_354' title='bbox 634 3807 719 3869; x_wconf 83' lang='grc' dir='ltr'><strong><em>κατὰ</em></strong></span> <span class='ocrx_word' id='word_1_355' title='bbox 742 3816 846 3870; x_wconf 84' lang='grc' dir='ltr'><strong><em>ταῦτα</em></strong></span> <span class='ocrx_word' id='word_1_356' title='bbox 870 3805 1025 3890; x_wconf 87' lang='grc' dir='ltr'><strong><em>λέγεσθαι</em></strong></span> <span class='ocrx_word' id='word_1_357' title='bbox 1049 3805 1173 3870; x_wconf 90' lang='grc' dir='ltr'><strong><em>πάντα·</em></strong></span> <span class='ocrx_word' id='word_1_358' title='bbox 1212 3807 1298 3870; x_wconf 82' lang='grc' dir='ltr'><strong><em>κατὰ</em></strong></span> <span class='ocrx_word' id='word_1_359' title='bbox 1324 3803 1428 3888; x_wconf 84' lang='grc' dir='ltr'><strong><em>μέθ-</em></strong></span> 
     </span>
     <span class='ocr_line' id='line_1_36' title="bbox 309 3903 1427 3997; baseline 0 -21"><span class='ocrx_word' id='word_1_360' title='bbox 309 3909 398 3988; x_wconf 87' lang='grc' dir='ltr'><strong><em>εξιν</em></strong></span> <span class='ocrx_word' id='word_1_361' title='bbox 432 3913 492 3997; x_wconf 82' lang='grc' dir='ltr'><strong><em>γὰρ</em></strong></span> <span class='ocrx_word' id='word_1_362' title='bbox 526 3903 610 3976; x_wconf 82' lang='grc' dir='ltr'><strong><em>εἶναι</em></strong></span> <span class='ocrx_word' id='word_1_363' title='bbox 639 3914 681 3976; x_wconf 86' lang='grc' dir='ltr'><strong><em>τὰ</em></strong></span> <span class='ocrx_word' id='word_1_364' title='bbox 711 3912 820 3976; x_wconf 74' lang='grc' dir='ltr'><strong><em>πολλοὶ</em></strong></span> <span class='ocrx_word' id='word_1_365' title='bbox 855 3927 920 3977; x_wconf 86' lang='grc' dir='ltr'><strong><em>τῶν</em></strong></span> <span class='ocrx_word' id='word_1_366' title='bbox 956 3913 1146 3994; x_wconf 79' lang='grc' dir='ltr'><strong><em>συνωνύμων</em></strong></span> <span class='ocrx_word' id='word_1_367' title='bbox 1174 3916 1246 3989; x_wconf 86' lang='grc' dir='ltr'><strong><em>τοῖς</em></strong></span> <span class='ocrx_word' id='word_1_368' title='bbox 1281 3909 1427 3978; x_wconf 56' lang='grc' dir='ltr'><strong><em>ε’ίύεσινῆ</em></strong></span> 
     </span>
    </p>

    <p class='ocr_par' dir='ltr' id='par_1_12' title="bbox 308 4015 1428 4212">
     <span class='ocr_line' id='line_1_37' title="bbox 309 4015 1428 4106; baseline 0.002 -26"><span class='ocrx_word' id='word_1_369' title='bbox 309 4018 366 4104; x_wconf 78' lang='grc' dir='ltr'><strong><em>τὴν</em></strong></span> <span class='ocrx_word' id='word_1_370' title='bbox 396 4015 433 4081; x_wconf 80' lang='grc' dir='ltr'><strong><em>δὲ</em></strong></span> <span class='ocrx_word' id='word_1_371' title='bbox 460 4015 596 4100; x_wconf 79' lang='grc' dir='ltr'><strong><em>μέθεξιν</em></strong></span> <span class='ocrx_word' id='word_1_372' title='bbox 618 4015 759 4100; x_wconf 80' lang='grc' dir='ltr'><strong><em>τούνομα</em></strong></span> <span class='ocrx_word' id='word_1_373' title='bbox 788 4018 885 4101; x_wconf 90' lang='grc' dir='ltr'><strong><em>μόνον</em></strong></span> <span class='ocrx_word' id='word_1_374' title='bbox 912 4018 1102 4103; x_wconf 82' lang='grc' dir='ltr'><strong><em>μετέβαλεν·</em></strong></span> <span class='ocrx_word' id='word_1_375' title='bbox 1138 4015 1168 4083; x_wconf 76' lang='grc' dir='ltr'><strong><em>οἱ</em></strong></span> <span class='ocrx_word' id='word_1_376' title='bbox 1191 4017 1250 4101; x_wconf 81' lang='grc' dir='ltr'><strong><em>μὲν</em></strong></span> <span class='ocrx_word' id='word_1_377' title='bbox 1273 4021 1334 4106; x_wconf 81' lang='grc' dir='ltr'><strong><em>γάρ</em></strong></span> <span class='ocrx_word' id='word_1_378' title='bbox 1357 4023 1428 4082; x_wconf 91' lang='grc' dir='ltr'><strong><em>Πυ-</em></strong></span> 
     </span>
     <span class='ocr_line' id='line_1_38' title="bbox 308 4117 1427 4212; baseline 0.001 -25"><span class='ocrx_word' id='word_1_379' title='bbox 308 4123 478 4208; x_wconf 83' lang='grc' dir='ltr'><strong><em>θαγόρειοι</em></strong></span> <span class='ocrx_word' id='word_1_380' title='bbox 501 4124 635 4210; x_wconf 81' lang='grc' dir='ltr'><strong><em>μιμήσει</em></strong></span> <span class='ocrx_word' id='word_1_381' title='bbox 658 4125 700 4187; x_wconf 84' lang='grc' dir='ltr'><strong><em>τά</em></strong></span> <span class='ocrx_word' id='word_1_382' title='bbox 722 4121 800 4189; x_wconf 72' lang='grc' dir='ltr'><strong><em>ὄντα</em></strong></span> <span class='ocrx_word' id='word_1_383' title='bbox 824 4123 925 4212; x_wconf 83' lang='grc' dir='ltr'><strong><em>φασὶν</em></strong></span> <span class='ocrx_word' id='word_1_384' title='bbox 948 4117 1033 4190; x_wconf 81' lang='grc' dir='ltr'><strong><em>εἶναι</em></strong></span> <span class='ocrx_word' id='word_1_385' title='bbox 1056 4137 1121 4189; x_wconf 83' lang='grc' dir='ltr'><strong><em>τῶν</em></strong></span> <span class='ocrx_word' id='word_1_386' title='bbox 1143 4124 1308 4212; x_wconf 87' lang='grc' dir='ltr'><strong><em>ἀριθμῶν,</em></strong></span> <span class='ocrx_word' id='word_1_387' title='bbox 1332 4123 1427 4188; x_wconf 87' lang='grc' dir='ltr'><strong><em>Πλά-</em></strong></span> 
     </span>
    </p>

    <p class='ocr_par' dir='ltr' id='par_1_13' title="bbox 309 4227 1429 4318">
     <span class='ocr_line' id='line_1_39' title="bbox 309 4227 1429 4318; baseline 0.002 -27"><span class='ocrx_word' id='word_1_388' title='bbox 309 4251 373 4292; x_wconf 85' lang='grc' dir='ltr'><strong><em>των</em></strong></span> <span class='ocrx_word' id='word_1_389' title='bbox 396 4227 432 4292; x_wconf 83' lang='grc' dir='ltr'><strong><em>δὲ</em></strong></span> <span class='ocrx_word' id='word_1_390' title='bbox 454 4227 596 4311; x_wconf 81' lang='grc' dir='ltr'><strong><em>μεθέξει,</em></strong></span> <span class='ocrx_word' id='word_1_391' title='bbox 620 4227 759 4312; x_wconf 80' lang='grc' dir='ltr'><strong><em>τούνομα</em></strong></span> <span class='ocrx_word' id='word_1_392' title='bbox 774 4231 997 4314; x_wconf 62' lang='grc' dir='ltr'><strong><em>μεταβαλώνλ.</em></strong></span> <span class='ocrx_word' id='word_1_393' title='bbox 1025 4232 1082 4318; x_wconf 80' lang='grc' dir='ltr'><strong><em>τὴν</em></strong></span> <span class='ocrx_word' id='word_1_394' title='bbox 1104 4229 1214 4313; x_wconf 82' lang='grc' dir='ltr'><strong><em>μέντοι</em></strong></span> <span class='ocrx_word' id='word_1_395' title='bbox 1237 4253 1272 4314; x_wconf 86' lang='grc' dir='ltr'><strong><em>γε</em></strong></span> <span class='ocrx_word' id='word_1_396' title='bbox 1294 4228 1429 4313; x_wconf 84' lang='grc' dir='ltr'><strong><em>μέθεξιν</em></strong></span> 
     </span>
    </p>

    <p class='ocr_par' dir='ltr' id='par_1_14' title="bbox 128 4331 1429 4530">
     <span class='ocr_line' id='line_1_40' title="bbox 310 4331 1429 4424; baseline 0.004 -28"><span class='ocrx_word' id='word_1_397' title='bbox 310 4335 409 4421; x_wconf 73' lang='grc' dir='ltr'><strong><em>ἢτὴν</em></strong></span> <span class='ocrx_word' id='word_1_398' title='bbox 438 4331 591 4420; x_wconf 89' lang='grc' dir='ltr'><strong><em>μίμησιν,</em></strong></span> <span class='ocrx_word' id='word_1_399' title='bbox 626 4337 698 4423; x_wconf 78' lang='grc' dir='ltr'><strong><em>ἥτις</em></strong></span> <span class='ocrx_word' id='word_1_400' title='bbox 721 4337 759 4400; x_wconf 78' lang='grc' dir='ltr'><strong><em>ἀν</em></strong></span> <span class='ocrx_word' id='word_1_401' title='bbox 789 4332 838 4424; x_wconf 77' lang='grc' dir='ltr'><strong><em>ε’ίη</em></strong></span> <span class='ocrx_word' id='word_1_402' title='bbox 862 4350 927 4400; x_wconf 86' lang='grc' dir='ltr'><strong><em>τῶν</em></strong></span> <span class='ocrx_word' id='word_1_403' title='bbox 956 4333 1062 4418; x_wconf 80' lang='grc' dir='ltr'><strong><em>εἰδῶν,</em></strong></span> <span class='ocrx_word' id='word_1_404' title='bbox 1098 4336 1237 4424; x_wconf 77' lang='grc' dir='ltr'><strong><em>ἀφεῖσαν</em></strong></span> <span class='ocrx_word' id='word_1_405' title='bbox 1271 4331 1304 4401; x_wconf 74' lang='grc' dir='ltr'><strong><em>ἓν</em></strong></span> <span class='ocrx_word' id='word_1_406' title='bbox 1333 4333 1429 4421; x_wconf 76' lang='grc' dir='ltr'><strong><em>κοινῷ</em></strong></span> 
     </span>
     <span class='ocr_line' id='line_1_41' title="bbox 128 4435 1428 4530; baseline 0.004 -28"><span class='ocrx_word' id='word_1_407' title='bbox 128 4455 284 4496; x_wconf 68' lang='lat' dir='ltr'><strong>mathematica</strong></span> <span class='ocrx_word' id='word_1_408' title='bbox 314 4443 446 4526; x_wconf 58' lang='lat' dir='ltr'><strong>{arctat</strong></span> <span class='ocrx_word' id='word_1_409' title='bbox 492 4435 541 4504; x_wconf 72' lang='grc' dir='ltr'><strong><em>ἔτι</em></strong></span> <span class='ocrx_word' id='word_1_410' title='bbox 575 4440 611 4506; x_wconf 78' lang='grc' dir='ltr'><strong><em>δὲ</em></strong></span> <span class='ocrx_word' id='word_1_411' title='bbox 645 4443 739 4529; x_wconf 81' lang='grc' dir='ltr'><strong><em>παρὰ</em></strong></span> <span class='ocrx_word' id='word_1_412' title='bbox 768 4444 810 4506; x_wconf 84' lang='grc' dir='ltr'><strong><em>τὰ</em></strong></span> <span class='ocrx_word' id='word_1_413' title='bbox 840 4438 987 4530; x_wconf 82' lang='grc' dir='ltr'><strong><em>αἰσθητὰ</em></strong></span> <span class='ocrx_word' id='word_1_414' title='bbox 1017 4442 1073 4508; x_wconf 81' lang='grc' dir='ltr'><strong><em>καί</em></strong></span> <span class='ocrx_word' id='word_1_415' title='bbox 1096 4444 1138 4507; x_wconf 83' lang='grc' dir='ltr'><strong><em>τά</em></strong></span> <span class='ocrx_word' id='word_1_416' title='bbox 1161 4437 1229 4530; x_wconf 73' lang='grc' dir='ltr'><strong><em>ε’ίόη</em></strong></span> <span class='ocrx_word' id='word_1_417' title='bbox 1252 4444 1294 4506; x_wconf 80' lang='grc' dir='ltr'><strong><em>τοὶ</em></strong></span> <span class='ocrx_word' id='word_1_418' title='bbox 1317 4447 1428 4530; x_wconf 84' lang='grc' dir='ltr'><strong><em>μαθη-</em></strong></span> 
     </span>
    </p>
   </div>
   <div class='ocr_carea' id='block_1_8' title="bbox 0 0 1576 4980">
    <p class='ocr_par' dir='ltr' id='par_1_15' title="bbox 0 0 1576 4980">
     <span class='ocr_line' id='line_1_42' title="bbox 0 0 1576 4980; baseline 0 0"><span class='ocrx_word' id='word_1_419' title='bbox 0 0 1576 4980; x_wconf 95' lang='lat' dir='ltr'><strong><em> </em></strong></span> 
     </span>
    </p>
   </div>
  </div>
 </body>
</html>
