3156 4988
572 369 661 424 Primo
677 371 849 441 philosophia.
1218 369 1274 432 317

153 527 208 593 ἵνα
232 524 373 616 ὑγιαίνῃ,
403 525 462 594 καί
488 524 634 607 εἰπόντες
663 529 764 607 οίίτως
792 525 933 612 οἰόμεθα
961 529 1205 599 ἀποδεδωκέναι
1233 534 1275 599 τδ

155 628 270 700 αίτιον.
306 631 364 700 καί
387 633 448 700 ὅσα
471 635 511 722 δι)
533 635 724 723 κινήσαντος
749 634 847 702 ditor
878 635 1000 720 μεταξὺ
1023 634 1180 722 γίγνεται,
1213 647 1275 704 τοῦ

154 737 295 821 τέλουςθ,
331 731 398 807 οἷον
428 752 486 828 τῆς
514 738 636 826 ὑγιείας
666 743 686 828 ἡ
716 737 867 824 ἰσχνασία
897 743 960 832 ἢν)
990 743 1156 831 κάθαρσις
1187 744 1273 831 tirel

154 845 315 940 φάρμαμα
339 845 359 934 ἢ
381 846 423 912 τὰ
439 843 573 932 δργανα·
619 845 730 912 πάντα
753 848 814 934 γὰρ
837 857 941 914 ταῦτα
964 859 1023 914 τοῦ
1044 846 1157 927 τέλους
1179 847 1275 915 ἕνεκα

154 949 234 1033 ἔστι,
251 950 400 1040 διαφέρει
415 952 434 1016 δ
439 941 448 967 '
466 951 612 1041 ἀλλήλων
627 953 671 1031 ὡς
685 949 763 1020 ὄντα
778 955 820 1018 τδι
835 951 894 1037 μὲν
910 949 988 1042 ἔργα
1011 954 1053 1020 νδ
1069 944 1101 1020 δ’
1120 952 1271 1042 ὄργαναθ.

226 1107 254 1148 a.
274 1092 399 1148 Consulto
419 1094 505 1149 utitur
522 1095 571 1149 hae
588 1111 656 1163 voce,
675 1113 708 1149 ne
727 1095 864 1150 dubitetur
882 1095 945 1166 quin
963 1095 991 1150 id
1009 1097 1079 1167 quod
1097 1098 1171 1160 εἶδος
1189 1099 1221 1152 ab
1241 1113 1274 1152 eo

153 1181 251 1236 dicitur
268 1181 337 1236 idem
356 1183 393 1236 sit
411 1185 490 1254 atque
509 1185 693 1260 παράδειγμα
718 1185 772 1238 slve
791 1185 853 1240 ἐδέα
871 1183 999 1242 Platonis.

224 1305 255 1362 b.
280 1305 321 1360 De
344 1306 455 1360 formula
479 1313 508 1362 τί
531 1307 564 1376 ἦν
581 1309 651 1362 εἶναι
675 1308 705 1362 τί.
724 1313 768 1361 BP
786 1309 838 1364 317
845 1309 863 1364 f.
899 1309 1060 1364 Musicorum
1077 1308 1201 1363 vocabulo
1220 1308 1272 1364 drot

152 1406 260 1462 πασῶν,
280 1395 350 1464 quod
367 1395 443 1466 plene
461 1395 559 1449 dicitur
576 1399 592 1464 ἡ
611 1397 660 1451 διὰ
679 1407 779 1451 πασῶν
792 1397 905 1473 χορδῶν
924 1400 1045 1473 ἁρμονία
1064 1413 1085 1454 s.
1107 1402 1272 1470 συμφωνία,

152 1485 245 1536 octava
263 1499 342 1552 quam
359 1500 407 1536 nos
426 1499 546 1538 vocamus
565 1483 772 1554 significabatur.

224 1619 252 1664 e.
271 1605 449 1676 Supplendum
468 1609 534 1662 ἐστί.

224 1729 253 1784 d.
272 1729 315 1784 Ad
339 1731 387 1784 has
412 1733 539 1801 quattuor
563 1748 655 1786 causas
680 1733 794 1787 omnium
813 1750 981 1804 quaecunque
1004 1733 1074 1787 fiunt
1091 1732 1218 1803 principia
1236 1732 1272 1786 ab

151 1803 297 1872 Aristotele
315 1823 478 1874 revocantur.
516 1819 554 1875 Cf.
572 1821 637 1876 Met.
656 1821 730 1889 V2;
749 1822 826 1876 Anal.
845 1825 914 1892 post.
932 1822 960 1875 11
978 1823 1026 1890 11;
1054 1822 1087 1875 de
1104 1820 1155 1876 An.
1175 1819 1270 1876 Gener

150 1906 215 1974 11;
233 1907 380 1975 Met;13
398 1907 506 1964 Vms.
526 1909 616 1964 1044*
633 1911 731 1964 33.-
756 1909 902 1965 Coniuncta
919 1913 1008 1964 autem
1026 1913 1068 1964 est
1085 1909 1172 1964 finalis
1190 1925 1273 1964 eausa

150 1995 195 2062 (τὸ
213 1999 295 2061 τέλος,
316 1999 348 2050 τὸ
368 2001 399 2050 οὑ
388 1989 506 2062 ἕνεκα)
523 2013 576 2050 non
595 1997 678 2051 solum
697 2014 756 2052 cum
773 1999 882 2052 metrice
900 2001 1039 2068 propterea
1057 1997 1142 2067 quod,
1161 1997 1268 2050 ubicun-

151 2099 202 2154 que
221 2083 253 2136 fit
271 2084 371 2154 aliquid
387 2085 429 2138 vel
447 2087 505 2138 arte
522 2086 564 2138 rel
581 2088 686 2153 natura,
704 2085 765 2140 finis
778 2087 929 2156 propositus
948 2087 985 2140 sit
1001 2103 1105 2140 necesse
1124 2088 1174 2152 est,
1192 2101 1272 2155 prop-

150 2179 193 2226 ter
222 2189 299 2242 quem
325 2173 393 2226 iilud
420 2173 480 2227 fiat:
505 2173 544 2228 De
562 2174 635 2227 Part.
654 2173 704 2229 An.
722 2175 737 2226 I
755 2175 780 2229 1.
805 2173 876 2228 elib
895 2175 929 2228 12
956 2177 973 2242 ἠ
1001 2177 1085 2246 φύσις
1112 2174 1190 2228 ἕνεκα
1218 2193 1271 2227 του
1367 2181 1368 2184 ’

149 2267 226 2314 ποιεῖ
245 2265 344 2314 πάντα.
369 2261 433 2316 Met.
452 2263 509 2316 13.
529 2263 600 2316 983ιι
613 2263 648 2317 32
667 2267 743 2324 τέλος
755 2265 809 2336 γὰρ
827 2267 957 2334 γενέσεως
974 2267 1021 2317 καί
1034 2265 1163 2330 κινήσεως
1177 2265 1269 2330 πάσης

149 2345 227 2403 τοῦτ’
245 2351 321 2404 ἐστίν
338 2351 381 2416 (τὸ
396 2343 429 2404 οὗ
442 2351 519 2404 ἕνεκα
532 2355 579 2404 καὶ
593 2351 738 2422 τάγαθόν),
758 2351 804 2405 sed
822 2351 902 2405 etiam
920 2367 979 2404 cum
991 2351 1103 2417 formali,
1122 2365 1182 2403 nam
1197 2351 1270 2404 sicut.

148 2437 178 2491 id
196 2437 266 2507 quod
287 2437 320 2491 fit
343 2437 403 2491 finis
427 2439 602 2506 generationis
626 2442 681 2506 est,
709 2439 749 2493 ita
766 2442 843 2494 actus
868 2440 1012 2513 (ἐνέργεια)
1039 2442 1081 2492 est
1097 2439 1208 2506 formae,
1233 2438 1265 2492 cf.
1335 2437 1337 2442 '

148 2527 223 2580 Part.
243 2523 293 2581 An.
312 2527 369 2582 11.
389 2527 461 2580 640³
479 2528 513 2581 18
532 2529 548 2595 ἡ
566 2530 620 2600 γὰρ
638 2533 744 2598 γένεσις
762 2529 839 2584 ἕνεκα
858 2539 904 2596 τῆς
923 2531 1019 2590 οὐσίας
1032 2529 1115 2593 ἐστίν,
1135 2523 1196 2581 ἀλλ’
1215 2528 1269 2598 οὐχ

148 2618 165 2682 ἡ
185 2617 267 2669 οὐσία
286 2615 364 2669 ἕνεκα
383 2625 428 2684 τῆς
447 2620 583 2685 γενέσεως.
620 2617 660 2670 De
679 2615 743 2670 Gen.
762 2615 813 2671 An.
832 2617 857 2670 V
875 2619 900 2672 1.
920 2616 991 2671 '178b
1011 2617 1035 2670 1.
1072 2617 1166 2685 Itaque
1183 2613 1216 2668 fit
1233 2618 1268 2668 nt

148 2705 271 2778 ἐνέργεια
289 2705 318 2756 et
332 2708 407 2764 τέλος
419 2703 559 2758 Aristoteli
577 2705 630 2758 fere
648 2705 717 2758 idem
736 2705 887 2773 significent
904 2707 932 2760 et
946 2707 978 2760 ut
991 2705 1110 2773 energiae
1123 2721 1175 2758 non
1189 2703 1268 2756 modo

147 2791 209 2844 finis
233 2795 262 2845 et
284 2794 359 2845 actus
377 2791 525 2859 tribuatur,
545 2792 591 2846 sed
609 2793 688 2846 etiam
710 2796 811 2860 motus,
830 2794 862 2848 cf.
880 2793 945 2848 Met.
963 2793 1002 2846 IX
1016 2795 1041 2848 8.
1061 2793 1150 2848 1050a
1169 2791 1210 2846 15.
1232 2818 1264 2828 -

147 2879 310 2933 Vocabulum
334 2882 469 2954 ἐνεργείας
485 2879 532 2935 Ar.
556 2881 613 2951 ipse
631 2881 743 2951 explicat
765 2882 830 2936 Met.
852 2882 892 2935 lX
910 2883 934 2936 8.
960 2882 1049 2936 10501ι
1066 2881 1114 2936 23:
1142 2884 1267 2954 τοῦνομα

147 2969 271 3039 ἐνέργεια
298 2971 406 3037 λέγεται
433 2971 503 3023 κατὰ
531 2972 563 3023 τὸ
590 2972 672 3045 ἔργον
698 2975 745 3024 καί
773 2976 907 3026 συντείνει
932 2973 1001 3042 πρὸς
1024 2973 1073 3038 τὴν
1091 2973 1264 3040 ἐντελέχειαν.

146 3055 215 3110 Ibid.
234 3057 259 3110 3.
280 3057 369 3110 1047ιι
387 3058 422 3111 30
441 3059 572 3125 ἐλήλυθεν
589 3061 605 3125 ἠ
624 3061 745 3132 ἐνέργεια
769 3062 894 3132 τοῦνομα
912 3061 928 3126 ἡ
947 3061 1015 3128 πρὸς
1034 3061 1082 3125 τὴν
1100 3059 1269 3129 ἐντελέχειαν

148 3149 332 3218 συντιθεμένη
350 3149 396 3198 καί
414 3147 461 3200 ἐπὶ
480 3148 514 3200 τὰ
534 3149 603 3199 ίίλλα
617 3149 646 3200 ἐκ
665 3159 719 3200 τῶν
735 3149 867 3214 κινήσεων
883 3150 1014 3220 μάλιστα.
1051 3147 1163 3200 Videtur
1180 3145 1266 3214 igitur

146 3235 298 3304 ἐντελέχεια
317 3233 359 3300 (de
378 3234 530 3304 ἐνδελεχείᾳ
545 3233 576 3287 cf.
592 3233 691 3300 Hirzel,
705 3235 775 3288 Mus.
790 3234 841 3288 Rh.
856 3232 970 3288 XXXIX
984 3235 1084 3300 (1884),
1106 3235 1155 3288 169
1163 3234 1212 3304 sq.)
1231 3235 1267 3287 ab

146 3322 269 3394 ἐνεργείᾳ
287 3321 327 3374 ita
346 3321 481 3388 distingui,
501 3324 532 3374 ut
550 3323 671 3392 ἐνέργεια
689 3323 827 3390 actionem,
846 3339 898 3393 qua
917 3321 980 3393 quid
996 3339 1028 3376 ex
1041 3323 1217 3392 possibilitate
1230 3322 1266 3374 ad

145 3409 251 3480 plenam
266 3411 294 3462 et
307 3409 447 3479 perfectam
461 3409 614 3479 perducitur
627 3411 776 3478 essentiam,
790 3413 939 3482 ἐντελέχεια
953 3411 1037 3480 ipsam
1050 3411 1118 3488 hano
1130 3409 1267 3480 perfectio·

145 3513 206 3552 nem
222 3496 360 3564 significet.
384 3497 476 3568 Neque
491 3501 579 3551 tamen
597 3499 694 3568 ubique
708 3502 815 3552 tenetur
827 3499 876 3552 hoo
889 3499 1036 3552 discrimen.
1061 3498 1100 3552 Cf.
1110 3497 1265 3550 Trendelen·

144 3587 224 3654 burg,
235 3585 267 3638 de
276 3583 328 3638 An.
338 3603 363 3655 p.
374 3585 435 3640 206.
451 3586 554 3652 Bonitz,
564 3585 622 3640 Iud.
633 3586 678 3640 Ar.
689 3585 769 3642 abab.
780 3617 814 3625 -
829 3587 904 3640 Inter
912 3589 1050 3660 ἐνέργειαν
1059 3590 1087 3640 et
1095 3592 1202 3654 κίνησιν
1215 3585 1267 3639 hoc

143 3675 273 3730 interest:
292 3679 396 3740 κίνησις
413 3675 460 3727 ubi
477 3674 505 3726 id
523 3677 644 3727 assecuta
661 3677 703 3728 est
721 3693 772 3745 quo
791 3675 924 3742 tendebat,
944 3691 1000 3728 esse
1019 3675 1123 3741 desinit,
1143 3677 1266 3746 ἐνέργεια

144 3763 287 3816 etiamtum
309 3765 410 3828 manet,
439 3762 470 3816 ef.
495 3762 559 3816 Met.
585 3763 623 3815 IX
642 3764 666 3817 6.
691 3762 780 3818 1048b
799 3765 834 3818 28
861 3763 977 3830 (Bonita,
1006 3763 1070 3817 Met
1093 3763 1121 3816 H
1138 3763 1210 3828 396).
1229 3792 1263 3802 -

143 3849 245 3903 Verum
269 3852 357 3902 tamen
381 3853 410 3902 et
435 3867 513 3904 cause
536 3867 642 3904 movens
666 3854 694 3904 et
711 3851 779 3918 finis,
799 3851 902 3904 etiamsi
921 3851 1040 3922 opposita
1059 3851 1114 3904 siut
1137 3853 1264 3920 tanquam

143 3938 252 3992 initium
271 3941 300 3990 et
315 3937 376 3991 finis
394 3941 489 4006 motus,
507 3939 571 3994 Met.
590 3939 605 3992 I
622 3940 647 3994 3.
667 3940 738 3994 983⁵
756 3941 799 4006 30,
818 3942 906 3993 tamen
924 3939 1036 4010 quodem
1054 3940 1130 3994 modo
1148 3939 1181 3992 ad
1194 3939 1264 3993 idem

144 4025 262 4080 revocari
280 4029 405 4096 possunt:
424 4026 503 4094 Phys.
517 4027 545 4080 H
559 4027 583 4081 7.
599 4027 670 4082 108Ιι
688 4027 723 4080 24
741 4029 849 4098 ἔρχεται
867 4028 899 4082 δὲ
918 4029 952 4081 τὰ
971 4033 1033 4101 τρία
1051 4033 1089 4090 είς
1103 4029 1135 4081 τὸ
1152 4027 1182 4082 ἓν
1195 4031 1265 4082 πολ-

143 4119 234 4177 λοίκις·
273 4117 305 4168 τὸ
321 4116 374 4188 μὲν
391 4117 446 4189 γὰρ
464 4120 493 4168 τί
509 4118 632 4170 ἐστικαὶ
651 4117 682 4170 τὸ
702 4107 734 4169 οὗ
751 4107 828 4170 ἕνεκα
847 4115 877 4170 ἕν
889 4117 956 4181 ἐστι,
975 4119 1007 4170 τδ
1025 4112 1055 4170 δ’
1072 4116 1139 4170 ὅθεν
1156 4117 1173 4182 ἡ
1190 4119 1265 4182 κίνη-

145 4220 190 4266 σις
213 4214 324 4276 πρῶτον
346 4207 384 4273 τῷ
409 4205 477 4258 εἴδει
499 4206 584 4258 ταύτὸ
608 4206 728 4266 τούτοις·
766 4209 914 4278 έίνθριυττος
932 4206 986 4274 γὰρ
1005 4208 1153 4276 ίίνθρωπον
1171 4206 1263 4273 γεννᾷ.

143 4296 191 4346 καί
210 4292 280 4352 ὅλως
298 4291 351 4346 ὅσα
369 4294 520 4364 κινούμενα
538 4298 613 4346 κινεῖ.
651 4291 765 4346 Materia
783 4295 875 4346 contra
893 4293 979 4346 tribus
1003 4291 1063 4344 istis
1082 4291 1167 4344 causis
1186 4307 1263 4362 eppo·

144 4379 198 4434 sita
226 4381 283 4433 eet:
311 4379 381 4449 quod
407 4379 567 4434 contrarium
594 4381 627 4433 ab
652 4379 795 4435 Aristotele
822 4381 912 4434 eodem
936 4397 987 4450 quo
1011 4395 1027 4432 a
1050 4379 1160 4432 Platone
1186 4380 1266 4434 modo

143 4471 199 4534 (BP
218 4465 272 4523 266
278 4467 308 4536 g)
326 4467 360 4521 ad
378 4468 537 4522 momerium
556 4468 627 4522 inter
645 4468 742 4522 bonum
761 4469 815 4522 sive
837 4467 915 4522 finem
939 4471 968 4522 et
985 4468 1168 4522 necessitatem
1186 4469 1267 4522 refer·
