3130 4980
118 1866 213 1908 scientie
225 1878 277 1908 rere

122 3107 275 3150 mathematice

138 3411 210 3462 opinio
224 3424 274 3454 vore

304 331 358 392 238
820 334 907 388 Pluto.

306 493 342 560 δὲ
365 496 468 581 τούτῳ
491 494 612 577 μεταξύ
634 519 667 560 τι
690 493 748 560 καὶ
771 493 923 582 ζητητέον
945 491 1076 580 ἀγνοίας
1099 493 1209 560 τεκαὶ
1232 492 1432 582 ἐπιστήμης,

307 597 340 666 εἴ
358 626 392 666 τι
414 601 560 686 τυγχάνει
583 601 619 666 δν
642 611 806 682 τοιοῦτον,·
830 601 923 666 Πάνυ
946 600 1005 685 μέν
1029 597 1091 667 οὖν.
1112 587 1189 688 'Ap‘
1216 597 1270 666 οὖν
1293 597 1432 684 λέγομέν

307 732 340 773 τι
364 707 462 786 δόξαν
485 699 586 789 εἶναι,·
621 713 702 786 Πῶς
725 709 785 795 γὰρ
810 706 863 786 nii,-
898 708 1045 794 Πότερον
1068 707 1169 793 ἀλλην
1191 707 1326 790 δύναμιν
1349 704 1430 770 ἑπι-

306 815 430 903 στήμης
464 815 484 902 ἢ
517 816 574 902 τήν
608 813 724 904 αότήν,·
751 801 883 902 ’Ἄλλην
927 804 1004 880 Ἐπ’
1042 813 1131 900 ἀλλην
1166 813 1230 900 ἀρα
1268 812 1430 878 τέτακται

305 1023 443 1114 ἑκατέρα
465 1029 523 1116 τήν
546 1029 654 1115 αὑτῆς.
699 1029 817 1106 Οότως.
842 1067 884 1076 -—
908 1030 987 1092 Tim.
1012 1037 1051 1094 51
1065 1029 1101 1092 Ε.
1147 1028 1212 1093 Δύο
1236 1027 1275 1115 δή
1299 1023 1431 1091 λεκτέον

305 1131 416 1200 εἰιείνω
452 1135 552 1218 (νοῦν
585 1132 644 1198 καὶ
675 1133 799 1212 δόξαν
829 1133 991 1222 ἀληθη),
1027 1134 1113 1199 διότι
1134 1131 1232 1221 χωρίς
1257 1133 1429 1218 γεγόνατον

304 1238 464 1323 ἀνομοίως
498 1264 532 1306 τε
561 1237 675 1322 ἔχετον.
706 1242 744 1306 τὸ
766 1239 826 1324 μέν
848 1243 908 1328 γάρ
933 1239 1039 1306 αὐτῶν
1062 1240 1117 1305 διά
1145 1240 1292 1326 διδαχῆς,
1327 1239 1366 1304 τὸ
1390 1226 1426 1303 δ’

304 1348 370 1412 ὑπὸ
393 1353 533 1424 πειθοῦς
555 1349 631 1436 ήμῖν
654 1344 847 1432 ἐγγίγνεται·
871 1346 928 1412 καὶ
951 1349 989 1412 τδ
1011 1346 1071 1430 μὲν
1093 1345 1144 1412 ἀεὶ
1173 1347 1257 1429 μετὰ
1280 1345 1430 1434 ἀληθοῦς

304 1452 409 1537 λόγου,
432 1454 470 1518 τὸ
493 1452 529 1518 δὲ
551 1453 682 1538 ἀλογον·
705 1453 762 1518 καὶ
785 1455 823 1519 τὸ
845 1452 905 1536 μέν
926 1450 1074 1542 ἀκίνητον
1096 1456 1223 1532 πειθοῖ,
1247 1453 1284 1517 τὸ
1308 1451 1345 1516 δὲ
1367 1475 1428 1534 με-

304 1559 498 1624 ταπειστόν·
534 1559 672 1626 καὶτοῦ
694 1559 753 1642 μέν
776 1561 887 1624 πάντα
911 1560 1013 1646 ἀνδρα
1036 1557 1177 1642 μετέχειν
1199 1557 1335 1646 φατέον,
1371 1567 1430 1622 νοῦ

304 1663 341 1730 δὲ
363 1666 469 1744 θεοός,
494 1664 681 1752 ἀνθρώπιον
704 1665 740 1732 δὲ
765 1665 854 1751 γένος
876 1667 979 1754 βραχό
1001 1666 1064 1732 τι).

375 1858 404 1898 a.
424 1843 548 1908 Scientia‚
570 1860 647 1912 quem
667 1844 831 1912 persequitur
844 1843 1011 1913 philosophia
1025 1842 1192 1912 (Euthydem.
1207 1842 1293 1896 2881)
1312 1845 1327 1908 ἡ
1347 1843 1382 1896 δέ
1394 1861 1428 1910 γε

304 1936 460 2004 φιλοσοφία
474 1943 567 1998 κτῆσις
580 1933 742 2005 ἐπιστήμης)
760 1949 819 1986 cnm
834 1935 937 1986 constet
951 1933 1101 2001 cognitione
1121 1943 1171 1986 τοῦ
1185 1935 1322 1991 παντελῶς
1336 1933 1426 1992 ὄντος,

302 2019 371 2088 quod
390 2021 453 2074 eliis
471 2022 536 2074 locis
556 2021 706 2090 appellatur
725 2023 756 2074 τὸ
771 2025 855 2082 ὄντας
873 2025 912 2085 όν,
932 2023 1086 2088 ήίιλήθεια,
1107 2024 1138 2074 τὸ
1157 2022 1316 2092 νοούμενον,
1335 2033 1427 2070 versa-

302 2113 348 2164 tur
366 2111 435 2164 circa
460 2127 501 2163 res
525 2113 552 2164 et
577 2125 671 2165 causas
695 2109 877 2162 immutabiles
903 2109 1025 2174 (Phaedr.
1045 2109 1142 2176 2471))
1166 2111 1193 2162 et
1212 2108 1426 2161 consummatam

301 2215 387 2252 rerum
407 2200 544 2252 veritatem
564 2199 730 2265 omniumque
749 2197 920 2251 scientiarum
943 2197 1061 2250 rationes
1079 2197 1262 2264 complectitur
1289 2195 1425 2257 (Permen.

303 2287 389 2340 134A
411 2290 517 2342 Οὐκοῦν
535 2292 581 2340 καὶ
600 2290 750 2360 ἐπιστήμη,
781 2288 849 2353 αὐτὴ
865 2289 918 2358 μὲν
937 2288 952 2339 ὃ
971 2288 1047 2340 ἔστιν
1065 2288 1214 2358 ἐπιστήμη,
1243 2295 1289 2352 τῆς
1314 2287 1328 2337 ὃ
1348 2287 1426 2338 ἔστιν

303 2377 419 2442 ἀλήθεια
439 2377 520 2442 αὐτῆς
539 2379 574 2428 ἀν
592 2378 692 2443 ἐκείνης
710 2381 750 2442 εἴη
769 2377 924 2448 ἐπιστήμη·
949 2375 1012 2442 Rep.
1032 2376 1056 2427 V
1074 2373 1159 2428 475ss
1186 2376 1291 2428 Οὐκοῦν
1308 2376 1427 2426 καὶτὸν

303 2466 461 2535 φιλόσοφον
486 2470 589 2535 σοφίας
615 2463 747 2536 φήσομεν
765 2466 940 2537 ἐπιθυμητήν
964 2465 1047 2526 εἶναι,
1077 2466 1109 2516 οὐ
1128 2473 1174 2530 τῆς
1197 2465 1250 2535 μὲν
1269 2471 1315 2528 τῆς
1340 2458 1371 2515 δ’
1391 2466 1425 2514 οὒ

303 2555 372 2606 ἀλλὰ
392 2557 497 2620 πιίσης,·
517 2552 624 2607 Charm.
646 2553 728 2606 1660
750 2557 780 2604 αἱ
796 2554 849 2625 μὲν
868 2556 948 2605 ίίλλαι
967 2563 1058 2606 πᾶσαι
1078 2555 1162 2605 certon
1180 2555 1251 2605 εἰσίν
1269 2553 1425 2625 ἐπιστῆμαι

301 2643 406 2696 ἑαυτῶν
424 2638 448 2696 δ
468 2647 507 2707 οῦ,
527 2645 543 2709 ἡ
561 2643 593 2696 δὲ
611 2645 796 2713 (σωφροσύνη,
815 2657 881 2708 quae
900 2641 926 2694 h.
941 2641 959 2694 l.
974 2639 1073 2694 dicitur
1091 2656 1195 2694 summe
1213 2639 1335 2704 scientie)
1349 2641 1425 2711 μόνη

302 2743 356 2784 τῶν
380 2751 408 2785 τε
430 2735 518 2784 ἀλλων
541 2734 701 2802 ἐπιστημῶν
724 2733 861 2801 ἐπιστήμη
889 2733 948 2784 ἐστὶ
972 2735 1018 2783 καὶ
1044 2731 1112 2796 αὐτὴ
1136 2728 1250 2796 ἑαυτῆς).
1278 2757 1313 2765 -
1345 2728 1424 2780 Hanc

302 2819 441 2872 scientium
460 2821 662 2872 consentaneum
687 2820 728 2871 est
752 2822 783 2870 ut
801 2833 882 2870 nuum
900 2833 956 2871 esse
975 2819 1111 2885 putemus,
1137 2816 1252 2885 Sophist.
1272 2817 1324 2870 257
1336 2815 1366 2870 0.
1387 2845 1424 2854 -

302 2906 473 2976 Singulorum
498 2907 597 2961 artium
622 2909 684 2960 ante
708 2909 808 2959 ceteras
828 2905 952 2960 colendae
971 2908 1035 2958 sunt
1053 2906 1155 2959 musica
1174 2907 1201 2958 et
1219 2905 1423 2968 mathematica,

301 3012 413 3064 querum
432 2997 481 3049 ille
499 2995 618 3067 animum
641 2994 738 3049 liberet
761 2998 789 3048 et
812 2997 941 3063 temperat
959 2995 986 3048 et
1004 2993 1108 3062 pulchri
1126 3010 1204 3047 seusu
1223 2993 1321 3046 imbuit
1345 2993 1422 3060 (Rep.

301 3085 346 3138 ΙΙΙ
372 3087 423 3140 401
443 3087 535 3154 Dsq.,
573 3086 626 3138 410
640 3085 662 3138 G
677 3084 740 3152 ειη),
778 3083 843 3138 hoec
867 3083 987 3152 inprimis
1011 3084 1126 3150 pertinet
1151 3082 1184 3136 ed
1210 3085 1258 3148 τὴν
1282 3083 1422 3146 διάνοιαν,

302 3190 369 3242 quae
395 3174 481 3228 medie
512 3176 553 3228 est
584 3174 653 3227 iuter
684 3173 829 3241 opinionem
861 3175 888 3225 et
906 3172 1045 3226 scientiam
1077 3171 1151 3239 (Rep.
1179 3171 1233 3224 Vll
1260 3170 1313 3224 525
1330 3169 1355 3222 A
1374 3186 1422 3238 sq„

301 3263 453 3332 cerense).

372 3388 402 3444 h.
422 3388 538 3443 Scientia
557 3404 639 3457 neque
658 3403 780 3440 sensuum
800 3387 1008 3455 perceptionibus
1035 3387 1186 3454 (αἰσθήσει)
1210 3387 1331 3448 cunstat,
1361 3401 1422 3438 oum

300 3478 419 3531 sensibus
434 3479 581 3546 perceptum
591 3478 756 3548 (φαντασία)
771 3476 833 3530 aliis
847 3475 921 3528 uliud
939 3491 994 3528 esse
1007 3472 1422 3542 videatur(Theaet.151Esq.)‚

300 3583 382 3635 neque
400 3567 550 3620 continetur
570 3566 705 3620 hominnm
724 3564 890 3634 opinionibus
905 3564 1021 3631 (δόξαις)
1040 3580 1071 3617 ne
1089 3565 1167 3619 rectis
1186 3563 1292 3631 quidem
1311 3565 1338 3616 et
1352 3561 1421 3615 veris

300 3657 345 3724 (ib.
365 3657 526 3724 200Dsq.):
546 3673 611 3724 ques
625 3656 729 3710 nomine
748 3652 819 3707 haud
837 3654 891 3706 scio
906 3668 940 3705 en
955 3652 988 3707 eb
1002 3652 1159 3706 Antisthene
1178 3651 1285 3706 inducto
1301 3651 1422 3720 appellat

301 3748 390 3812 ἀληθῆ
413 3761 433 3798 s.
454 3747 539 3815 ὀρθὴν
562 3746 649 3806 δόξαν
676 3743 812 3810 (Βτοιτδὶε,
837 3741 1101 3806 Hob.111,202).
1147 3741 1221 3806 Quae
1239 3741 1280 3794 itu
1299 3739 1421 3793 dietate

300 3835 420 3898 scientia,
445 3838 477 3886 ut
495 3833 596 3886 sentiet
613 3831 719 3900 quidem
737 3830 805 3900 quod
824 3847 914 3884 verum
933 3832 977 3894 sit,
998 3830 1042 3884 sed
1060 3829 1089 3883 id
1108 3828 1176 3898 quod
1195 3829 1277 3882 sentit
1295 3843 1420 3897 exponere

299 3927 413 3992 nequeat
431 3923 473 3990 (τὸ
488 3925 559 3995 ὀρθὰ
573 3923 699 3983 δοξάζειν
711 3927 758 3974 καὶ
773 3925 837 3975 ἀνευ
852 3931 902 3973 τοῦ
915 3921 987 3990 ἔχειν
1001 3921 1084 3988 λόγον
1098 3920 1204 3982 δοῦναι,
1224 3918 1304 3971 Gonu.
1315 3917 1419 3983 loth).

300 4043 333 4051 -
352 4014 429 4066 Meno
448 4011 514 4066 97Ε
540 4015 570 4064 αἱ
588 4002 669 4071 δόξαι
688 4013 719 4062 αἱ
737 4011 860 4076 ἀληθεῖς,
886 4009 954 4062 ὅσον
980 4010 1033 4081 μὲν
1057 4012 1092 4060 ἀν
1106 4010 1209 4078 χρόνον
1228 4011 1418 4080 παραμένωσι,

273 4150 275 4155 .
299 4106 382 4156 καλὸν
406 4104 438 4156 τό
458 4109 554 4175 χρῆμα
577 4104 624 4152 καὶ
643 4102 736 4152 πάντα
755 4100 867 4168 τάγαθὰ
892 4099 1063 4170 ἐργάζονται·
1093 4099 1181 4151 πολὺν
1200 4096 1230 4150 δὲ
1247 4098 1351 4168 χρόνον
1371 4098 1420 4150 οὐκ

300 4192 427 4245 ἐθέλουσι
446 4193 623 4261 παραμένειν,
644 4190 713 4241 ἀλλὰ
732 4188 950 4258 δραπετεύουσιν
968 4189 997 4240 ἐκ
1016 4196 1062 4253 τῆς
1080 4195 1171 4256 ψυχῆς
1189 4194 1240 4238 τοῦ
1257 4186 1418 4257 ἀνθρώπου,

300 4279 369 4333 ὥστε
389 4282 421 4332 οὐ
439 4283 543 4332 πολλοῦ
562 4282 640 4339 ίίξιαί
656 4283 733 4340 εἰσιν,
753 4276 802 4336 ἕως
821 4281 855 4329 ἀν
874 4296 914 4336 τις
934 4277 1018 4336 αότάς
1036 4276 1107 4346 δήση
1128 4279 1217 4334 αἰτίας
1236 4277 1369 4346 λογισμῷ.
1384 4302 1419 4310 -

300 4369 416 4422 ἐπειδὰν
433 4368 465 4422 δὲ
484 4368 600 4431 δεθίῦσι,
621 4366 801 4439 πρῶτονμὲν
819 4367 970 4437 ἐπιστῆμαι
989 4369 1147 4434 γίγνονται,
1173 4364 1268 4416 ἔπειτα
1286 4364 1418 4434 μόνιμοι·

300 4462 346 4511 καὶ
366 4458 414 4511 διὰ
433 4467 519 4510 ταῦτα
539 4457 574 4523 δή
593 4457 755 4529 τιμιώτερον
773 4455 911 4525 ἐπιστήμη
930 4455 1015 4526 ὀρθῆς
1033 4453 1115 4519 δόξης
1133 4455 1204 4514 ίστί,
1224 4455 1270 4504 καὶ
1291 4451 1420 4524 διαφέρει
