3130 4980
630 367 781 422 Dialectica.
1211 367 1266 430 249

140 531 337 610 γιγνομένων
359 549 394 592 τε
410 525 467 592 καὶ
483 525 716 610 ἀπολλυμένων
731 552 782 606 τις
797 533 945 616 τιθῆται,
969 529 1127 616 καθάπερ
1143 527 1265 617 ἀρτίως

142 632 236 715 ἡμεῖς
258 629 409 716 εἴπομεν·
444 632 602 699 ἐνταυθοῖ
623 632 683 717 μέν
706 635 766 721 γάρ
789 633 847 700 καί
870 637 908 700 τὸ
930 646 1076 701 τοιοῦτον
1099 633 1147 716 ἐν,
1182 635 1264 724 ὅπερ

142 734 277 822 εἴπομεν
299 749 352 804 νῦν
375 739 424 828 δὴ,
457 741 696 828 συγκεχώρηται
719 742 757 807 τὸ
779 743 824 830 μὴ
848 741 914 806 δεῖν
937 737 1090 827 ἐλέγχειν·
1129 742 1206 808 ὅταν
1228 741 1265 808 δέ

142 868 194 922 τις
222 842 279 910 ἕνα
309 845 490 934 άνθρωπον
519 846 668 936 ἐπιχειρῇ
695 844 858 913 τίθεσθαι
887 847 945 914 καὶ
967 854 1044 933 βοῦν
1066 846 1123 914 ἕνα
1146 847 1203 914 καί
1226 851 1265 915 τδ

142 951 243 1017 καλὸν
269 947 303 1016 ἐν
331 951 389 1018 καί
418 954 457 1018 τὸ
488 953 617 1039 ἀγαθὸν
639 952 689 1036 ἐν,
724 953 948 1042 περὶτούτων
977 967 1042 1020 τῶν
1065 951 1185 1020 ἓνάδων
1207 953 1265 1020 καὶ

141 1060 383 1124 τῶντοιούτων
407 1061 427 1148 ἡ
450 1061 557 1148 πολλὴ
581 1060 824 1150 ἀμφισβήτησις
839 1057 1009 1147 γίγνεταιῦ.
1043 1063 1145 1127 ΠΡΩ.
1168 1066 1267 1143 Πῦςς,

143 1167 210 1229 ΣΩ.
242 1171 382 1253 Πρῶτον
404 1165 464 1250 μέν
487 1163 520 1232 εἴ
539 1191 632 1245 τινας
654 1168 704 1232 δεῖ
726 1169 882 1246 τοιαύτας
906 1161 989 1234 εἶναι
1012 1167 1157 1251 μονάδας
1179 1168 1265 1233 ὓπο-

142 1272 321 1357 λαμβάνειν
344 1271 478 1361 ἀληθῶς
501 1271 615 1351 ούσας·
639 1266 710 1339 εἶτα
726 1288 799 1352 πῶς
815 1271 855 1339 αὖ
871 1275 1002 1355 ταύτας,
1025 1271 1104 1358 μίαν
1128 1269 1266 1360 ἑκάστην

142 1375 241 1444 οὖσαν
271 1377 320 1444 ἀεὶ
349 1381 406 1467 τὴν
437 1378 534 1468 αύτὴν
563 1376 621 1445 καί
643 1381 725 1468 μήτε
754 1379 874 1466 γένεσιν
895 1381 976 1469 μήτε
997 1377 1135 1466 δλεθρον
1158 1401 1265 1468 προσ-

142 1485 320 1574 δεχομένην,
345 1485 433 1569 ὅμως
455 1478 537 1552 εἶναι
552 1487 752 1571 βεβαιότατα
769 1484 849 1570 μίαν
865 1489 998 1576 ταύτην·
1022 1489 1104 1570 μετὰ
1127 1485 1164 1552 δέ
1177 1475 1262 1552 τοῦτ’

142 1591 178 1657 ἐν
209 1595 280 1670 τοῖς
303 1590 501 1678 γιγνομένοις
532 1589 573 1657 αὖ
603 1591 661 1658 καί
684 1589 834 1681 ἀπείροις
856 1591 922 1660 ε’ίτε
945 1591 1185 1681 διεσπασμένην
1207 1591 1266 1660 καὶ

143 1699 254 1764 πολλὰ
277 1703 442 1784 γεγονυῖαν
464 1697 590 1778 θετέον,
614 1688 686 1765 εἴθ’
710 1699 789 1788 ὅλην
812 1699 911 1788 αύτὴν
934 1701 1032 1789 αὑτῆς
1053 1699 1160 1788 χωρίς,
1184 1697 1266 1788 ὃδὴ

142 1804 277 1870 πάντων
304 1805 552 1872 ἀδυνατώτατον
585 1794 732 1894 φαίνοιτ’
758 1806 811 1887 ἀν,
845 1805 962 1872 ταύτδν
996 1806 1054 1872 καί
1082 1803 1116 1873 ἐν
1140 1810 1209 1890 δίμα
1232 1806 1266 1872 ἐν

143 1907 192 1977 ἐνί
213 1936 249 1978 τε
271 1911 328 1978 καὶ
352 1913 489 1990 πολλοῖς
511 1909 710 1998 γίγνεσθαιί.
728 1949 772 1959 —-
795 1911 908 1996 Φαμέν
931 1937 997 1979 που
1020 1913 1137 1979 ταύτδν
1159 1909 1193 1978 ἐν
1207 1912 1266 1979 καὶ

143 2018 254 2084 πολλὰ
277 2019 343 2084 ὑπὸ
366 2019 468 2104 λύγων
491 2019 657 2105 γιγνόμενα
681 2018 880 2107 περιτρέχειν
895 2019 1003 2108 πάντη
1026 2008 1110 2085 καθ’
1128 2017 1266 2084 ἕκαστον

142 2138 208 2190 τῶν
231 2123 408 2210 λεγομένων
430 2123 480 2190 ἀεὶ
512 2125 569 2191 καί
592 2126 700 2190 πάλαι
723 2125 781 2190 καί
803 2137 868 2208 νῦν,
903 2125 962 2191 καὶ
996 2136 1092 2191 τοῦτο
1127 2122 1198 2190 ούτε
1220 2126 1265 2212 μὴ

143 2230 317 2319 παύσηταί
339 2256 422 2297 ποτε
446 2231 517 2298 ούτε
539 2231 659 2320 ἤρξατο
682 2243 751 2314 νῦν,
776 2221 845 2297 ἀλλ’
871 2227 941 2297 ἐστι
963 2233 1001 2297 τὸ
1024 2241 1185 2312 τοιοῦτον,
1221 2231 1265 2308 ὡς

143 2335 218 2420 ἐμοὶ
242 2335 411 2426 φαίνεται,
445 2352 510 2404 τῶν
539 2339 641 2424 λόγων
671 2338 776 2404 αὐτῶν
799 2337 967 2404 ἀθάνατόν
996 2363 1029 2402 τι
1059 2336 1117 2404 καί
1141 2337 1266 2426 ἀγήρων

144 2443 261 2522 πάθος
289 2443 322 2508 ἐν
356 2447 439 2531 ἡμῖν.
480 2444 557 2510 δδέ
587 2459 719 2533 πρῶτον
754 2444 853 2511 αὐτοῦ
886 2444 1077 2530 γευσάμενος
1113 2439 1267 2509 ἐκάστοτε

60 2556 64 2562 ’
143 2563 211 2615 τῶν
232 2549 326 2631 νέων,
362 2550 477 2639 ἡσθείς
509 2553 553 2630 ὥς
582 2577 655 2617 τινα
682 2549 803 2640 σοφίας
826 2552 966 2640 εὑρηκὼς
988 2549 1170 2638 θησαυρόν,
1205 2537 1262 2636 ὑφ’

143 2658 260 2745 ἡδονὴς
284 2657 440 2746 ἐνθουσιᾷ
462 2681 497 2723 τε
520 2657 578 2724 καί
600 2658 712 2723 πάντα
735 2661 817 2724 κινεῖ
840 2658 934 2744 λύγον
950 2657 1094 2741 άσμενος,
1117 2653 1193 2720 τοτέ
1208 2653 1267 2738 μέν

144 2762 206 2829 ἐπὶ
233 2764 362 2852 θάτερα
393 2765 519 2830 κυκλῶν
548 2763 606 2830 καί
636 2779 812 2853 συμφορῶν
841 2761 887 2842 εἷς
919 2762 967 2844 ἐν,
1002 2761 1078 2829 τοτέ
1105 2760 1141 2827 δέ
1163 2761 1267 2826 πάλιν

144 2868 334 2936 ἀνειλίττων
363 2870 420 2936 καί
449 2853 670 2959 διαμερίζωνθ.
702 2910 743 2919 -
779 2869 825 2938 Ού
847 2872 910 2958 μὴν
933 2866 1004 2935 ἐστι
1026 2865 1170 2934 καλλίων
1193 2867 1267 2944 ὁδὸς

145 2965 218 3042 οὐδ’
245 2977 284 3040 ἂν
306 2975 445 3061 γένοιτο,
479 2973 517 3066 ἡς
540 2977 602 3062 ἐγὼ
627 2975 764 3066 ἐραστὴς
786 2975 844 3060 μέν
866 2973 934 3059 εἰμι
957 2973 1022 3056 ἀεί,
1046 2963 1208 3052 πολλάκις
1231 2971 1268 3039 δέ

143 3107 186 3166 με
213 3081 274 3170 ἤδη
304 3083 508 3171 διαφυγοῦσα
538 3079 657 3172 έρημον
688 3083 745 3149 καί
769 3082 894 3170 άπορον
915 3081 1118 3170 κατέστησεν.
1164 3081 1267 3146 ΠΡΩ.

148 3186 210 3266 Τίς
240 3189 340 3276 αῦτη,
369 3188 514 3274 λεγέσθω
542 3190 648 3273 μύνον.
695 3192 758 3254 ΣΩ.
783 3179 848 3254 Ἢν
871 3189 1017 3276 δηλῶσαι
1038 3187 1097 3271 μέν
1121 3185 1157 3252 ού
1180 3185 1267 3251 πάνυ

144 3295 305 3378 χαλεπόν,
338 3301 483 3384 χρῆσθαι
512 3295 548 3362 δέ
577 3296 807 3381 παγχάλεπον·
849 3295 1044 3382 πάνταγὰρ
1074 3293 1136 3358 ὅσα
1158 3291 1269 3379 τέχνης

147 3402 281 3486 ἐχόμενα
305 3401 462 3490 ἀνευρέθη
487 3403 633 3483 πώποτε,
658 3403 713 3467 διὰ
731 3401 851 3490 ταύτης
867 3403 991 3490 φανερὰ
1014 3399 1127 3485 γέγονε.
1151 3399 1269 3464 σκύπει

147 3508 185 3574 δέ
214 3507 253 3598 ἣν
282 3501 390 3594 λέγω.Ι
420 3511 522 3574 ΠΡΩ.
559 3506 649 3593 Λέγε
677 3508 783 3592 μόνον.
830 3511 897 3572 ΣΩ.
939 3511 1028 3573 Θεῶν
1056 3504 1115 3588 μέν
1143 3501 1189 3582 εἰς
1212 3503 1268 3568 ἀν-

147 3617 309 3702 θρώπους
332 3615 436 3694 δύσις,
470 3617 517 3700 4ὣς
547 3637 581 3699 γε
608 3612 851 3702 καταφαίνεται
878 3611 961 3698 ἐμοί,
991 3610 1101 3678 ποθέν
1123 3609 1160 3676 ἐκ
1182 3615 1270 3675 θεῶν

149 3717 267 3808 ἐρρίφη
291 3719 347 3784 διά
370 3743 457 3796 τινος
478 3719 688 3808 Προμηθέως
711 3723 780 3804 δίμα
804 3719 979 3808 φανοτάτη)
1002 3716 1068 3783 τινί
1091 3715 1189 3804 πυρί·
1212 3713 1270 3780 καί

149 3822 182 3891 οῖ
197 3825 257 3908 μέν
272 3823 424 3907 παλαιοί,
447 3823 626 3913 κρείττονες
640 3813 809 3914 ἡμῶνκαὶ
825 3824 980 3912 ἐγγυτέρω
996 3829 1084 3889 θεῶν
1100 3819 1269 3900 οἰκοῦντες,

149 3932 270 4021 ταύτην
299 3933 409 4020 φήμην
439 3930 642 4019 παρέδοσαν,
679 3933 723 4010 ὡς
753 3931 789 4011 ἐξ
816 3930 885 4010 ἐνὸς
907 3931 966 4015 μέν
997 3927 1054 3995 καὶ
1078 3927 1115 4017 ἐκ
1137 3927 1270 3991 πολλῶν

149 4036 250 4103 άντων
280 4052 343 4104 τῶν
373 4037 423 4103 ἀεὶ
452 4037 628 4124 λεγομένων
650 4031 750 4118 εἶναι,
785 4037 891 4126 πέρας
921 4037 957 4102 δέ
979 4035 1037 4101 καί
1059 4030 1214 4118 ἀπειρίαν
1237 4030 1271 4096 ἐν

151 4140 281 4221 ἐαυτοῖς
304 4144 467 4232 ξύμφυτον
490 4143 652 4225 ἐχύντωνᾶ.
684 4145 752 4209 δεῖν
774 4141 828 4209 οὖν
850 4145 935 4231 ἡμᾶς
950 4142 1073 4206 τούτων
1096 4141 1179 4206 ούτω
1195 4139 1270 4204 δια-

149 4249 396 4336 κεκοσμημένων
424 4249 474 4315 ἀεί
502 4248 583 4333 μίαν
612 4247 702 4315 ἰδέαν
732 4249 809 4338 περὶ
839 4250 964 4327 παντὸς
995 4244 1147 4312 έκάστοτε
1169 4243 1271 4329 θεμέ-

149 4379 223 4433 νους
252 4349 376 4442 ζητεῖν·
417 4356 561 4444 εδρὴσειν
593 4359 654 4443 γὰρ
684 4355 825 4421 ἐνοῦσαν.
864 4355 919 4420 ἐὰν
949 4351 1002 4419 οὖν
1030 4352 1272 4436 μεταλάβωμεν,

150 4461 234 4544 μετὰ
256 4459 336 4545 μίαν
358 4463 414 4527 δύο
437 4458 471 4528 εί
489 4463 561 4540 πώς
584 4461 649 4528 εἰσι
672 4466 823 4543 σκοπεῖν,
846 4458 875 4527 εἰ
898 4459 934 4526 δέ
956 4461 1015 4548 μὴ,
1045 4463 1133 4547 τρεῖς
1155 4457 1174 4546 ἡ
1197 4483 1271 4524 τινα
