3140 4990
109 1095 253 1138 eentrndietie

90 4125 141 4154 τετε
155 4113 263 4166 sepientis

297 310 349 371 186
780 309 925 380 Sophietae.

296 474 344 525 τὸν
369 475 556 546 Πρωταγόρου
581 473 666 541 λόγον
688 473 859 544 συμβήσεται
884 473 972 540 λέγειν
991 471 1097 534 αὐτοῖς,
1123 469 1154 524 τί.
1178 475 1222 523 BP
1242 470 1302 523 180.
1340 466 1414 520 Adde

295 559 364 630 quod
382 576 470 614 omnes
494 560 574 614 animi
598 559 747 613 affectiones
771 575 787 612 ε
811 559 931 612 sensibus
954 558 1108 630 repetendas
1132 575 1189 612 esse
1214 558 1365 623 statuebat,
1390 573 1412 609 v.

293 647 370 716 Diog.
394 647 433 702 IX
462 647 496 702 51
523 650 600 718 ἔλεγέ
630 667 658 702 τε
690 649 780 719 μηδὲν
803 649 873 702 εἶναι
899 649 947 714 τήν
972 649 1064 718 φυχῆν
1088 649 1164 719 παρά
1189 649 1238 708 τάς
1262 647 1412 711 αἰσθήσεις.

295 735 388 790 Euseb.
408 737 451 791 Pr.
465 737 510 790 Ev.
529 737 592 790 XIV
610 737 636 803 λ,
654 754 680 806 p.
700 738 752 792 718
770 740 817 789 καὶ
836 733 872 789 αὖ
891 739 975 790 πάλιν
994 738 1057 797 τούς
1074 737 1144 790 κατά
1163 735 1354 808 Μητρόδωρον
1366 736 1414 786 καὶ

296 829 486 901 Πρωταγόραν
508 829 608 899 μόναις
634 826 694 880 δεῖν
718 829 876 898 φάσκοντας
894 831 955 886 ταῖς
979 835 1030 878 τοῦ
1054 827 1182 897 σώματος
1206 826 1346 878 πιστεύειν
1370 828 1412 876 αἰ·
1475 861 1480 870 .

296 917 419 982 σθήσεσι.

360 1075 450 1157 Diog.
486 1076 534 1140 IX
578 1085 629 1142 51.
687 1079 826 1161 Πρῶτος
861 1069 923 1162 ἔφη
968 1073 1024 1139 δύο
1065 1072 1177 1158 λόγους
1213 1065 1297 1138 εἶναι
1335 1070 1465 1160 περίιεο

292 1181 416 1260 παντὸς
451 1181 644 1269 πράγματος
672 1178 907 1263 ἀντικειμένους
936 1178 1096 1268 ἀλλήλοις.
1129 1219 1170 1228 -
1202 1187 1253 1246 53.
1276 1177 1334 1244 καὶ
1357 1179 1412 1244 τὸν

288 1276 519 1365 ’Ἀντισθένους
556 1287 649 1372 λόγον
687 1287 742 1351 τὸν
778 1285 973 1368 πειρώμενον
1007 1284 1241 1367 ἀποδεικνύειν,
1277 1286 1321 1363 ὡς
1356 1283 1413 1350 οὐκ

294 1391 382 1460 ἔστιν
404 1391 587 1478 ἀντιλέγειν,
611 1387 702 1471 οὗτος
726 1405 857 1480 πρῶτος
880 1389 1071 1472 διείλεκται,
1096 1392 1189 1457 καθά
1212 1413 1293 1480 φησι
1316 1392 1413 1456 Πλά-

293 1525 357 1566 των
380 1498 414 1566 ἐν
440 1498 623 1588 Εὐθυδήμῳ
647 1499 780 1586 (2860).

366 1642 404 1698 Cf.
423 1642 493 1696 Sext.
512 1641 605 1710 Pyrrh.
624 1641 709 1695 1218
728 1643 799 1710 λέγει
819 1641 851 1694 δέ
869 1645 915 1694 καί
934 1641 997 1701 τοὺς
1021 1643 1120 1709 λόγους
1143 1643 1255 1694 πάντων
1274 1651 1328 1693 τῶν
1347 1661 1414 1712 φαι·

294 1736 417 1805 νομένων
436 1735 602 1786 ὑποκεῖσθαι
622 1733 651 1784 ἐν
669 1734 701 1804 τῆ
721 1732 768 1802 ὕλη
786 1734 849 1794 κτλ,
868 1729 894 1782 h.
914 1746 935 1782 e.
954 1731 1034 1798 prout
1048 1729 1135 1798 alique
1148 1745 1190 1782 res
1205 1728 1286 1782 afficit
1299 1729 1414 1799 aliquem

295 1821 468 1887 sentientem,
487 1821 527 1873 its
545 1819 569 1873 ei
586 1822 629 1872 est
646 1819 688 1872 vel
705 1819 755 1872 hoe
772 1819 814 1872 vel
831 1818 913 1884 illud,
938 1819 979 1871 vel
997 1835 1057 1872 vere
1075 1819 1116 1872 vel
1134 1818 1208 1872 salse.
1244 1818 1328 1872 Arist.
1347 1818 1412 1872 Met.

293 1909 331 1963 IV
348 1911 374 1964 4.
394 1911 484 1964 ῙΟΟἵῑ)
504 1911 538 1964 19
552 1911 593 1962 ἔτι
607 1914 631 1962 εἰ
645 1910 755 1976 ἀληθεῖς
769 1912 799 1961 αί
813 1910 975 1979 ἀντιφάσεις
989 1910 1049 1980 ἀμα
1062 1910 1133 1960 κατὰ
1148 1918 1198 1960 τοῦ
1212 1910 1297 1960 αύτοῖ
1313 1918 1413 1971 πᾶσαι,

295 1999 379 2068 δῆλον
397 2003 431 2060 ὡς
450 2001 562 2052 ἅπαντα
581 1999 659 2052 ἔσται
678 1997 713 2050 ἓν.
733 1999 811 2052 ἔσται
835 1999 889 2068 γὰρ
914 1999 945 2050 τὸ
965 1999 1032 2050 αὐτὸ
1054 1999 1226 2068 καίιτριήρης
1248 2003 1294 2050 καὶ
1319 2003 1414 2068 τοῖχος

294 2093 340 2142 καὶ
360 2093 518 2162 ἀνθρωπος,
543 2093 567 2141 εἰ
584 2088 654 2140 κατὰ
675 2088 778 2147 παντός
797 2105 823 2138 τι
842 2089 857 2152 ῆ
874 2094 1034 2156 καταφῆσαι
1060 2090 1074 2151 ῆ
1098 2087 1245 2157 ἀποφῆσαι
1263 2087 1412 2156 ἐνδέχεται,

293 2179 421 2248 καθάπερ
435 2178 539 2246 ἀνάγκη
558 2181 615 2236 τοῖς
634 2177 682 2228 τὸν
702 2176 889 2248 Πρωταγόρου
908 2177 1019 2244 λέγουσι
1037 2175 1127 2243 λόγον.
1165 2179 1189 2228 εἰ
1207 2177 1261 2248 γόρ
1279 2195 1316 2244 τῳ
1336 2175 1415 2228 δοκεῖ

293 2267 333 2338 μὴ
351 2265 421 2318 εἶναι
440 2267 545 2338 τριήρης
570 2267 585 2317 ό
609 2269 769 2338 ἀνθρωπος,
795 2263 880 2330 δῆλον
904 2263 947 2315 ότι
972 2265 1020 2316 οὐκ
1045 2264 1103 2316 ἔστι
1128 2265 1246 2336 τριήρης·
1273 2263 1342 2317 ὥστε
1366 2268 1413 2316 καὶ

294 2355 376 2418 ἔστιν,
396 2358 472 2426 είπερ
489 2356 505 2420 ή
524 2355 672 2424 ἀντίφασις
690 2353 798 2418 ἀληθής.
823 2351 861 2404 Ib.
882 2351 906 2404 5.
926 2352 1014 2405 1009·
1032 2351 1048 2404 6
1068 2349 1174 2405 ἔστιδ’
1193 2353 1250 2405 ἀπὸ
1269 2361 1314 2419 τῆς
1331 2354 1413 2418 αὐτῆς

294 2442 376 2508 δόξης
393 2446 439 2494 καί
459 2445 474 2494 ό
492 2443 679 2514 Πρωταγόρου
696 2443 789 2511 λόγος·
810 2469 843 2478 -
863 2445 915 2493 εἴτε
934 2442 988 2510 γὰρ
1012 2442 1046 2493 τά
1066 2441 1202 2494 δοκοῦντα
1221 2444 1313 2494 πάντα
1337 2443 1413 2495 ἐστὶν

294 2533 383 2598 ἀληθῆ
400 2535 446 2584 καὶ
465 2533 499 2584 τά
518 2533 688 2602 φαινόμενα,
714 2532 820 2597 ἀνάγκη
847 2531 938 2582 πάντα
959 2530 1019 2601 ἅμα
1038 2531 1127 2597 ἀληθῆ
1153 2533 1199 2582 καὶ
1225 2531 1316 2597 ψευδῆ
1334 2529 1410 2583 εἶναι.

288 2611 392 2674 ’πολλοὶ
410 2622 464 2690 γάρ
482 2622 615 2672 τάναντία
636 2621 882 2691 ὑπολαμβάνουσιν
897 2619 1021 2683 ἀλλήλοις
1034 2623 1080 2670 καὶ
1094 2619 1157 2678 τούς
1170 2619 1210 2690 μὴ
1224 2620 1311 2671 ταύτά
1327 2619 1412 2680 δοξά·

294 2712 388 2771 ζοντας
412 2710 519 2769 ἑαυτοῖς
543 2709 712 2774 διεψεῦσθαι
734 2709 905 2777 νομίζουσιν·
932 2703 998 2760 ὥστ’
1016 2707 1121 2776 ἀνάγκη
1140 2709 1172 2759 τὸ
1197 2709 1265 2760 αὐτὸ
1289 2707 1361 2760 εἶναί
1383 2726 1410 2760 τε

293 2803 339 2852 καί
360 2799 400 2871 μῆ
424 2799 500 2851 εἶναι.
543 2801 590 2849 καὶ
613 2802 637 2850 εί
660 2791 738 2848 τοῦτ’
755 2797 844 2859 ἐστίν,
871 2797 975 2865 ἀνάγκη
1003 2797 1037 2848 τά
1065 2795 1201 2848 δοκοῦντα
1227 2795 1297 2849 εἶναι
1322 2793 1408 2848 πάντ’

294 2889 392 2955 ἀληθῆ·
420 2888 454 2940 τά
478 2889 652 2958 ἀντικείμενα
677 2886 731 2956 γάρ
756 2885 920 2946 δοξάζουσιν
943 2886 1067 2950 ἀλλήλοις
1092 2889 1119 2938 οἱ
1144 2885 1341 2956 διεψευσμένοι
1365 2890 1411 2938 καὶ

294 2977 477 3043 ἀληθεύοντες.
515 2981 539 3029 εἰ
558 2971 606 3028 οὖν
624 2975 680 3045 ἔχει
699 2975 732 3027 τά
752 2977 818 3027 ὅντα
838 2975 928 3037 οὕτως,
949 2975 1133 3040 ἀληθεύσουσι
1152 2976 1259 3034 πάντες.
1275 2973 1281 2992 ’

361 3154 458 3218 Arist.
493 3153 568 3216 Met.
603 3153 654 3216 ΙΠ
690 3160 718 3215 2.
758 3149 840 3218 997¹³
872 3157 923 3216 35.
979 3148 1060 3216 Ούτε
1094 3151 1154 3237 γάρ
1189 3145 1225 3215 αὶ
1249 3147 1410 3238 αἰσθηταὶ
1421 3172 1463 3210 181

291 3258 439 3348 γραμμαί
462 3255 614 3324 τοιαῦταί
636 3254 716 3324 εἰσιν
746 3258 818 3335 οἵας
841 3255 966 3341 λέγειό
997 3255 1176 3344 γεωμέτρης
1207 3255 1320 3342 (οὐθὲν
1351 3257 1410 3343 γὰρ

291 3365 370 3432 εὐθύ
398 3379 462 3430 τῶν
498 3361 667 3454 αἰσθητῶν
700 3365 802 3442 ούτως
831 3362 906 3430 οὐδὲ
934 3363 1142 3451 στρογγύλον·
1177 3366 1320 3428 ἀπτεται
1351 3365 1410 3449 γάρ

291 3485 348 3539 τοῦ
376 3473 509 3550 κανόνος
538 3471 575 3537 οά
602 3473 688 3537 κατά
718 3472 854 3559 στιγμήν
877 3470 895 3535 ό
918 3471 1046 3550 κύκλος,
1075 3458 1152 3534 ἀλλ’
1171 3472 1281 3558 ὥσπερ
1310 3475 1410 3557 Πρω-

291 3579 431 3666 ταγόρας
459 3576 562 3664 ἔλεγεν
591 3577 725 3664 ἐλέγχων
751 3580 826 3656 τοὺς
855 3575 1067 3664 γεωμέτρας),
1103 3565 1179 3641 οὔθ’
1205 3573 1240 3641 αὶ
1271 3577 1411 3664 κινήσεις

291 3685 348 3752 καί
371 3684 473 3763 ἕλικες
493 3696 551 3751 τοῦ
565 3683 700 3772 οὐρανοῦ
715 3685 837 3769 ὅμοιαι,
861 3682 938 3772 περὶ
955 3679 999 3747 ὧν
1014 3685 1033 3771 ή
1049 3679 1245 3768 ἀστρολογία
1261 3686 1410 3748 ποιεῖται

291 3794 365 3872 τοῖς
392 3793 519 3878 λόγους,
551 3789 624 3857 σ’ύτε
652 3793 693 3856 τά
720 3795 837 3880 σημεῖα
866 3794 936 3868 τοῖς
966 3789 1098 3876 ἀστροις
1126 3791 1184 3878 τήν
1219 3787 1317 3876 αὐτήν
1347 3785 1410 3870 {figet

291 3900 396 3990 φύσιν.

356 4097 438 4161 Plat.
454 4096 581 4159 Theaet.
608 4094 714 4160 166Ι)
739 4093 810 4178 (sub
833 4093 1027 4175 Protagorae
1050 4091 1216 4175 persone):
1238 4080 1319 4175 Ἐγὼ
1348 4089 1408 4178 γάρ
1420 4111 1459 4150 αι

289 4227 375 4292 φημι
397 4201 456 4286 μέν
475 4202 532 4290 τήν
547 4199 706 4288 ἀλήθειαν
722 4195 801 4281 έγειν
817 4199 861 4277 ὡς
876 4196 1040 4287 γέγραφα·
1063 4195 1181 4286 μέτρον
1197 4198 1256 4284 γὰρ
1273 4193 1409 4262 ἕκαστον

289 4312 378 4397 ήμῶν
400 4301 482 4374 εἶναι
512 4321 576 4373 τῶν
604 4331 639 4373 τε
668 4303 766 4372 όντων
789 4305 846 4372 καὶ
868 4307 928 4394 μή·
959 4302 1071 4394 μυρίον
1100 4303 1211 4388 μέντοι
1241 4302 1408 4392 διαφέρειν

289 4413 395 4504 ἕτερον
423 4411 531 4503 ἑτέρου
561 4412 649 4501 αύτῷ
678 4415 794 4501 τούτῳ,
830 4414 880 4480 ὅτι
909 4415 956 4500 τῷ
984 4411 1044 4496 μὲν
1072 4411 1155 4477 ἀλλα
1175 4407 1255 4488 ,ἔστι
1284 4434 1320 4476 τε
1350 4410 1407 4477 καὶ
