3140 4990
299 302 351 365 170
768 304 943 362 Democritus.

295 480 399 538 μενον·
422 465 466 533 ¹(in
484 463 578 534 quibus
598 463 678 528 illud,
708 463 776 533 quod
800 463 832 518 de
857 467 964 518 auctore
991 463 1032 518 rel
1051 463 1226 520 instrumento
1244 464 1374 520 sentiendi
1393 467 1421 520 et

297 554 433 622 cogitandi
451 555 556 618 referat,
576 553 659 608 Zeller
678 557 757 623 putat
766 555 961 608 Democriteum
980 569 1043 618 esse,
1058 557 1203 608 extremum
1221 553 1254 608 ab
1273 553 1420 608 Aristotele

295 644 321 698 ei
344 643 440 708 tribui,
469 643 512 696 oni
543 643 635 697 ceteris
660 643 789 696 concessis
812 642 860 696 hoc
888 658 1048 711 consequens
1074 642 1163 696 visum
1187 643 1235 710 sit)
1261 644 1307 696 διὸ
1330 647 1419 704 καλῶς

297 743 413 800 ποιῆσαι
428 735 475 786 τόν
485 728 610 806 Ὅμηρον
623 736 658 794 ὡς
667 727 769 805 Ἕκτωρ
782 728 850 786 κεῖτ’
864 733 1055 806 ἀλλοφρονέων
1069 733 1088 784 ¹.
1125 732 1166 788 Cf.
1177 731 1258 786 Arist.
1269 733 1332 786 Met,
1343 732 1383 786 lv
1392 731 1418 786 5.

298 823 369 876 1009
383 821 395 860 λ
410 822 453 877 28.
473 827 542 893 φησὶ
561 823 592 875 δὲ
610 827 657 875 καὶ
676 824 724 875 τὸν
737 817 862 893 ’Όμηρον
877 823 979 888 ταύτην
993 823 1091 892 ἔχοντα
1103 827 1255 892 φαίνεσθαι
1265 823 1313 888 τὴν
1323 822 1418 886 δόξαν,

295 912 339 964 ὅτι
357 914 469 978 ἐποίησε
488 913 536 964 τδν
549 906 673 984 Ἕκτορα,
692 913 727 970 ὡς
745 913 839 977 ἐξέστη
860 912 914 964 ὑπὸ
933 919 979 978 της
998 914 1115 980 πληγῆς,
1143 917 1254 965 κεῖσθαι
1282 913 1416 985 ἀλλοφρο-

296 1006 407 1069 νέοντα,
436 1003 471 1062 ὡς
494 1010 666 1073 φρονοῦντας
682 1002 736 1072 μὲν
759 1005 806 1052 καὶ
831 1001 895 1060 τοὺς
914 1010 1170 1074 παραφρονοῦντας,
1191 996 1246 1053 ἀλλ’
1270 1002 1302 1054 οὐ
1321 1002 1418 1054 ταῦτά.

367 1089 414 1146 1*.
438 1088 592 1156 Pugnantia
606 1103 665 1140 eum
679 1087 753 1156 loqui
771 1088 863 1156 arguit
882 1087 1009 1156 Theophr.
1029 1087 1103 1142 Sene.
1121 1089 1164 1142 69.
1183 1088 1245 1141 Dos.
1259 1087 1321 1142 519.
1354 1091 1420 1141 ἀτο-

296 1200 351 1232 πον
365 1179 397 1232 δὲ
411 1184 457 1232 καὶ
476 1180 507 1231 τὸ
526 1188 614 1231 πᾶσιν
633 1180 728 1239 ἀξιοῦν
746 1180 830 1230 ταύτό
850 1184 1002 1250 φαίνεσθαι
1021 1188 1074 1230 τῶν
1094 1179 1183 1230 αὐτῶν
1202 1181 1421 1248 [αἰσθανομένοις

295 1272 342 1320 καὶ
361 1269 465 1320 τούτων
483 1267 531 1333 τὴν
550 1268 682 1332 ἀλήθειαν
701 1267 828 1337 ἐλέγχειν,
847 1267 892 1319 καὶ
912 1276 998 1319 ταῦτει
1018 1267 1141 1339 εἰρηκότα
1161 1267 1293 1336 πρότερον
1312 1267 1343 1318 τό
1362 1271 1421 1340 roe}

297 1357 435 1426 ἀνομοίως
460 1355 645 1427 διακειμένοις
670 1357 790 1426 ἀνόμοια
810 1360 964 1425 φαίνεσθαι
982 1359 1030 1407 καὶ
1049 1357 1134 1407 πάλιν
1152 1356 1184 1406 τὸ
1201 1353 1293 1425 μηδὲν
1309 1357 1420 1426 μᾶλλον

295 1444 389 1517 ἕτερον
407 1445 498 1517 ἑτέρου
516 1447 662 1512 τυγχάνειν
680 1453 726 1510 τῆς
744 1445 880 1510 ἀληθείαις.

367 1548 423 1606 k*.
452 1549 547 1603 Differt
565 1566 582 1603 a
600 1551 732 1619 recepticio.
761 1549 831 1602 Sext.
842 1549 933 1618 Pyrrh.
948 1549 963 1602 I
977 1549 1038 1604 213.
1058 1549 1200 1624 διαφόρως
1216 1553 1313 1620 μέντοι
1328 1559 1420 1619 χρῶν-

297 1658 342 1692 ται
371 1642 411 1712 τῇ,
429 1640 486 1703 „oui
508 1640 637 1710 μῦλλον“
663 1641 739 1711 φωνῇ
766 1642 795 1691 ot'
818 1658 846 1692 τε
865 1643 1012 1692 Σκεπτικολ
1037 1643 1084 1691 καὶ
1103 1643 1130 1691 οἱ
1148 1639 1206 1691 ἀπὸ
1225 1643 1418 1709 Δημοκρίτου·

296 1729 394 1780 ἐκεῖνοι
411 1727 464 1796 μὲν
482 1727 536 1800 γὰρ
554 1729 601 1780 ἐπὶ
620 1737 670 1780 τοῦ
686 1728 837 1801 μηδέτερον
855 1727 925 1780 εἶναι
945 1730 1076 1781 τάττουσι
1095 1729 1144 1793 τὴν
1162 1728 1263 1798 φωνήν,
1289 1729 1368 1798 ἡμεῖς
1387 1726 1420 1780 δὲ

297 1817 407 1876 &atroci
420 1818 530 1885 ἀγνοεῖν
544 1817 660 1889 πότερον
674 1818 819 1892 ἀμφότερα
839 1819 853 1882 ἢ
872 1816 1016 1889 οὐδέτερον
1035 1822 1063 1869 τί
1079 1819 1139 1870 ἐστι
1158 1827 1211 1868 τῶν
1231 1820 1418 1886 φαινομένων.

298 1903 488 1975 προδηλοτιίτη
506 1905 538 1958 δὲ
556 1910 662 1973 γίνεται
681 1907 696 1971 ἡ
715 1906 858 1979 διάκρισις,
886 1905 952 1956 ὅταν
972 1907 987 1957 ὁ
1008 1905 1179 1977 Δημόκριτος
1197 1907 1260 1976 λέγη
1285 1907 1368 1976 „fregi
1387 1903 1419 1956 δὲ

297 1996 390 2064 ίίτομα
409 1998 454 2046 καὶ
471 1995 578 2046 κενόν“.
598 1995 656 2066 ἐτεῇ
674 1995 727 2066 μὲν
745 1997 798 2067 γάρ
816 1999 888 2064 λέγει
908 1996 970 2046 ἀντὶ
989 2003 1039 2046 τοῦ
1053 1995 1185 2060 ἀληθείᾳ.
1204 1987 1265 2044 κατ’
1285 1994 1420 2058 ἀληθειαν

297 2081 329 2134 δὲ
351 2083 502 2152 ὑφεστάναι
520 2085 607 2150 λέγων
625 2086 674 2143 τάς
693 2102 720 2136 τε
740 2085 861 2156 ἀτόμοις
879 2088 925 2136 καὶ
945 2085 976 2136 τὸ
999 2083 1085 2146 κενόν,
1105 2083 1147 2134 ὅτι
1166 2082 1324 2152 διενήνοχεν
1342 2083 1420 2152 ἡμῶν

297 2210 345 2221 ...
366 2173 493 2244 περιττὸν
513 2171 592 2243 οἶμαι
611 2175 705 2240 λέγειν.

134 2379 298 2422 antemnarum
365 2365 455 2446 Diog.
488 2366 536 2430 IX
571 2374 621 2430 45.
671 2371 768 2444 Τέλος
803 2363 837 2432 δ’
869 2365 942 2432 εἶναι
976 2365 1031 2451 τὴν
1064 2363 1217 2450 εὐθυμίαν
1231 2376 1253 2446 ⁸,
1290 2363 1325 2432 οδ
1362 2361 1418 2451 τὴν

297 2466 394 2556 αὐτὴν
416 2464 510 2537 οὖσαν
527 2473 566 2560 τῇ
581 2467 689 2561 ἡδονῇ,
714 2468 756 2550 ὥς
772 2473 843 2538 ἔνιοι
859 2470 1107 2558 παρακούσαντες
1122 2471 1315 2558 ἐξηγήσαντο,
1341 2467 1419 2537 ἀλλὰ

296 2574 376 2644 καθ’
401 2574 439 2664 ἣν
473 2585 611 2664 γαληνῶς
640 2585 687 2645 καὶ
717 2575 880 2657 εὐσταθῶς
901 2575 919 2664 ᾖ
944 2575 1029 2664 ψυχὴ
1061 2575 1171 2662 διάγει,
1203 2573 1261 2644 elno
1283 2573 1418 2662 μηδενός

297 2686 504 2772 ταραττομένη
539 2683 641 2771 φόβον
670 2683 689 2770 ἢ
719 2690 956 2770 δεισιδαιμονίας
983 2683 1002 2771 ἢ
1036 2683 1131 2751 ἄλλον
1164 2682 1249 2763 τινὸς
1282 2683 1415 2762 πάθους.

297 2799 383 2858 καλεῖ
402 2789 436 2854 δ’
462 2787 559 2876 αὐτὴν
582 2798 630 2857 καὶ
654 2787 766 2860 εόεστιδ
789 2799 836 2858 καλ
860 2799 983 2867 πολλοῖς
1007 2789 1106 2870 ἄλλοις
1129 2787 1267 2876 ὀνόμασι.

133 2929 288 2978 tranquilitas
370 2929 398 2969 a.
427 2917 578 2988 Εὐθυμίαν
593 2914 698 2979 Seneca,
714 2914 902 2984 deTranquill.
913 2917 938 2979 2,
949 2917 974 2978 3,
994 2915 1186 2983 interpretatur
1194 2915 1319 2968 stabilem
1328 2913 1417 2968 animi

297 3003 395 3070 eedem,
408 3003 442 3056 ae
452 3019 509 3071 ηαα
517 3003 672 3057 Democriti
686 3005 810 3058 uelamen
824 3005 961 3073 europiam
970 3011 1025 3058 eat:
1038 3020 1086 3072 ιςο
1100 3004 1335 3071 tranquillitatem
1344 3017 1415 3056 uoco.

299 3090 422 3144 Senecam
441 3091 585 3146 Democriti
603 3091 670 3144 libro
690 3098 752 3164 περὶ
771 3095 904 3164 εὐθυμίης
922 3108 998 3144 usum
1017 3107 1085 3157 esse,
1111 3091 1289 3144 demonstrare
1307 3093 1417 3143 conatur

298 3179 330 3232 It.
345 3179 474 3249 Hirzel,
489 3179 604 3233 Hermes
613 3179 678 3233 XlV
688 3181 748 3235 354.
769 3180 841 3234 Stob.
852 3181 908 3235 Ecl.
920 3181 949 3234 ΙΙ
961 3181 1001 3234 76.
1013 3183 1062 3247 τὴν
1071 3177 1099 3234 δ’
1113 3183 1253 3253 εὐθυμίαν
1261 3185 1307 3232 καὶ
1317 3179 1417 3233 εὐεστὼ

297 3273 344 3320 καὶ
355 3269 491 3341 ἁρμονίαν
502 3275 675 3342 συμμετρίαν
687 3290 714 3324 τε
731 3275 778 3324 καὶ
797 3273 951 3342 (ἀταραξίαν
968 3275 1046 3324 καλεῖ
1054 3285 1059 3294 ·
1080 3276 1267 3324 συνίστασθαι
1281 3270 1299 3323 δ
1304 3265 1310 3283 '
1335 3269 1417 3334 αὐτὴν

298 3359 327 3410 ίκ
344 3367 395 3412 ,τοῦ
413 3357 563 3431 διορισμοῦ
580 3364 626 3411 καὶ
646 3368 691 3426 τῆς
713 3359 873 3432 διακρίσεως
898 3371 952 3412 τῶν
976 3360 1090 3426 ἡδονῶν.
1128 3357 1200 3412 Adde
1220 3358 1307 3411 simile
1326 3373 1418 3411 nomen

299 3448 444 3518 ἀθαμβίαν
462 3462 476 3500 e
494 3447 548 3500 Cic.
569 3446 600 3500 de
618 3446 663 3501 fin.
685 3447 763 3501 V87.
800 3447 913 3502 Nomine
932 3449 1032 3502 εὐεσιώ
1050 3448 1114 3500 item
1129 3446 1225 3500 librum
1239 3447 1417 3515 inscripserat,

300 3535 376 3602 Diog.
396 3534 436 3587 lX
454 3535 496 3589 46.
534 3534 625 3590 Pauca
649 3552 731 3604 neque
756 3552 787 3589 ea
811 3537 870 3604 ipsa
888 3536 1023 3590 enucleate
1048 3553 1064 3590 a
1088 3536 1237 3590 Democrito
1262 3535 1293 3588 de
1318 3535 1418 3589 virtute

298 3621 436 3691 disputata
454 3639 510 3677 esse
529 3625 569 3677 ait
588 3625 644 3678 Cic.
663 3624 694 3678 de
713 3625 771 3678 Fin.
791 3625 815 3676 V
834 3625 876 3678 88.
915 3624 1095 3678 Nihilominus
1122 3624 1251 3696 plurimae
1279 3639 1338 3678 cum
1363 3623 1417 3676 eius

147 3725 274 3766 sententiae
299 3711 402 3764 nomine
422 3713 541 3766 seruntur
559 3713 706 3766 sententiae
726 3717 752 3766 et
768 3714 819 3766 loci
832 3730 989 3778 communes,
1009 3729 1118 3782 quorum
1131 3712 1290 3780 farraginem
1302 3728 1331 3765 ex
1344 3711 1418 3764 bonis

298 3803 325 3854 et
350 3799 473 3854 futilibus
500 3802 611 3854 mixtam
638 3804 749 3870 reperies
776 3801 846 3870 apud
875 3801 1002 3856 Orellium
1022 3799 1117 3869 Opuse.
1156 3800 1200 3854 Gr.
1220 3801 1280 3854 Vet.
1300 3800 1417 3854 Sentent.

297 3887 320 3953 1,
339 3906 364 3958 p.
384 3891 507 3944 92—127
533 3893 561 3943 et
578 3890 698 3944 Mullaeh
723 3893 840 3944 Democr.
861 3893 1009 3945 164-204.
1029 3889 1098 3944 FPG
1117 3891 1210 3945 1340.
1247 3889 1344 3942 Eorum
1369 3889 1418 3943 ali·

297 3982 377 4047 quot,
403 3980 448 4048 qui
473 3981 585 4033 maxime
603 3980 748 4033 Democriti
767 3995 822 4033 esse
841 3980 1002 4044 viderentur,
1032 3995 1163 4048 excerpere
1187 3979 1303 4048 placuit,
1332 3981 1363 4031 ut
1387 3978 1418 4031 de

298 4067 442 4122 moralibus
477 4084 578 4136 quoque
607 4069 753 4136 praeceptis
781 4070 837 4121 eius
866 4072 961 4137 gustus
989 4068 1110 4123 daretur:
1140 4067 1213 4122 Stob.
1238 4069 1309 4122 Flor.
1336 4068 1349 4120 l
1373 4067 1417 4122 40.

293 4152 478 4230 Ἀνθρώποισι
492 4160 546 4228 γάρ
560 4159 679 4229 εὐθυμίη
693 4163 799 4226 γίνεται
812 4160 969 4230 μετριότητι
983 4164 1094 4231 τέρψιος
1107 4163 1154 4211 καὶ
1167 4163 1231 4224 βίου
1250 4161 1416 4230 ξυμμετρίη·

298 4246 332 4297 τά
352 4241 377 4298 δ’
398 4249 557 4300 ἐλλείποντα
576 4253 622 4300 καὶ
644 4249 846 4320 ὑπερβάλλοντα
864 4254 1051 4318 μεταπίπτειν
1070 4267 1098 4301 τε
1118 4251 1193 4318 φιλεῖ
1219 4251 1267 4300 καὶ
1293 4249 1418 4319 μεγάλας

304 4381 306 4388 ’
370 4423 397 4490 1)
416 4423 456 4477 or.
476 4425 600 4488 nauem,
620 4424 745 4478 Zeaoeot
763 4425 810 4492 aa
830 4424 870 4478 na
890 4423 1100 4491 sacharoma.
1121 4423 1276 4479 παλαια
1294 4440 1318 4492 p.
1338 4424 1382 4478 ει.
