3146 4982
280 341 336 405 406
736 343 818 397 Stoici
835 343 943 414 priores.

281 491 470 570 manifestas
492 506 585 569 notas
609 505 731 588 corpori
754 505 856 569 orodis
879 504 1019 588 imprimi
1042 503 1104 568 nisi
1128 521 1147 567 ο
1170 505 1323 586 corpore?
1369 501 1408 568 si

284 612 428 678 adfectus
452 630 583 694 corpore
606 613 691 688 sunt,
716 613 748 675 et
770 611 873 675 morbi
897 611 1085 687 animomm
1109 611 1142 674 et
1165 609 1310 688 avaritie,
1334 629 1409 673 oru-

283 720 408 796 delitus‚
430 718 583 784 indurata
605 718 684 784 vitia
708 720 740 782 et
763 719 797 782 in
813 719 936 782 statum
957 716 1224 782 inemendabilem
1248 715 1408 780 adducto:

283 845 357 909 ergo
382 828 416 892 et
438 825 563 890 melitio
594 827 627 890 et
650 825 771 907 species
796 825 864 888 eius
888 842 1014 901 omnes,
1043 797 1244 904 malignitas,
1275 823 1409 898 invidie,

283 933 441 1016 superbie.
485 932 570 1013 Ergo
594 932 746 1008 othone,
776 930 918 1014 primum
942 931 1019 1012 quie
1042 929 1202 994 contrarie
1223 930 1295 994 istis
1319 931 1410 1003 sunt,

283 1039 396 1104 deindo
420 1039 495 1120 quic
518 1037 630 1102 eadem
653 1037 714 1102 tibi
735 1036 853 1101 indicia
875 1037 1114 1120 praestabunt⁶.

355 1212 385 1254 1.
409 1197 544 1251 Plutarch.
563 1195 662 1250 Comm.
681 1195 768 1250 Notio.
787 1196 831 1262 30,
850 1195 867 1250 2
886 1212 912 1265 p.
932 1195 1002 1250 1073
1026 1199 1113 1248 ὄντα
1132 1197 1187 1270 γάρ
1204 1196 1279 1268 μόνα
1299 1197 1333 1248 τὰ
1353 1197 1410 1249 σώ·

283 1307 362 1360 ματα
380 1290 526 1351 καλοῦσιν,
553 1285 650 1352 ἐπειδὴ
673 1289 752 1346 ὄντος
771 1287 803 1337 τό
821 1290 914 1338 ποιεῖν
939 1288 1032 1338 τεκαὶ
1052 1287 1178 1354 πάσχειν.
1198 1283 1288 1337 ·Plec.
1306 1282 1345 1336 IV
1363 1283 1410 1349 20,

284 1375 310 1430 2.
328 1375 394 1429 Dox.
413 1375 467 1430 410
491 1377 518 1428 οἱ
540 1375 573 1429 oi
591 1378 710 1428 Στωϊκοὶ
729 1384 811 1446 σῶμα
830 1374 879 1440 τήν
896 1374 1004 1444 φωνήν·
1030 1383 1089 1427 πεῖν
1107 1374 1162 1444 γάρ
1185 1375 1218 1426 τὸ
1236 1372 1310 1446 ἀρῶν
1327 1375 1344 1438 ή
1361 1378 1411 1426 καὶ

286 1473 386 1518 ποιουν
412 1473 509 1536 σῶμα,
537 1462 604 1530 ech
622 1463 700 1534 φωνή
727 1467 805 1516 ποιεῖ
829 1465 877 1516 καὶ
903 1461 970 1534 δρᾷ·
1004 1463 1142 1534 ἀκούομεν
1169 1463 1224 1535 γὰρ
1253 1463 1335 1528 αὐτῆς
1361 1467 1411 1515 καὶ

287 1553 484 1624 αἰσθανόμεθα
504 1553 737 1625 προσπιπτούσης
755 1555 787 1624 τῇ
807 1552 884 1624 ἀκοή.
913 1577 946 1588 -·
974 1552 1015 1606 ἔτι
1034 1561 1094 1604 πᾶν
1117 1553 1149 1604 τὸ
1167 1559 1262 1604 κινοῦν
1285 1555 1332 1604 καλ
1349 1552 1412 1605 ένο-

282 1644 372 1713 χλαυν
389 1643 471 1712 ceps
489 1642 559 1694 iore·
579 1646 649 1694 κινεῖ
665 1639 698 1694 θλ
715 1641 789 1712 ήμας
806 1642 823 1706 ή
841 1642 986 1711 εὐμουσία,
1006 1641 1114 1710 ἐνοχλεῖ
1130 1640 1163 1694 δὲ
1181 1642 1198 1706 ή
1216 1641 1350 1712 ἀμουσία.
1369 1640 1413 1692 ἔτι

287 1740 346 1785 πᾶν
364 1731 396 1783 τὸ
413 1731 577 1802 κινούμενον
595 1731 677 1801 σωμό
694 1729 767 1782 ἐστι·
793 1734 909 1782 κινεῖται
927 1728 960 1783 ri
978 1730 994 1795 ἡ
1013 1730 1092 1800 φωνή
1115 1733 1162 1782 καλ
1181 1733 1354 1799 προσπίπτει
1371 1732 1413 1788 είς

288 1821 352 1880 τοὺς
376 1821 464 1878 λείους
486 1818 589 1877 τόπους
611 1820 659 1869 καὶ
683 1818 895 1870 ἀντανακλᾶται.
938 1815 1009 1870 Sext.
1035 1815 1120 1870 Mam.
1143 1815 1182 1870 IX
1201 1817 1262 1870 211.
1291 1821 1414 1870 Στωϊκοὶ

287 1908 340 1980 μὲν
364 1917 423 1961 πᾶν
448 1911 539 1960 αἴτιον
563 1908 644 1978 σῶμα
669 1922 741 1977 φασι
767 1907 877 1978 σώματι
895 1907 1047 1978 ἀσωμάτου
1071 1907 1144 1966 τινός
1164 1909 1254 1959 αίτιον
1271 1910 1413 1974 γίνεσθαι,

290 1989 349 2050 οἷον
377 2005 459 2069 σῶμα
482 1995 537 2068 μὲν
560 1996 592 2048 τὸ
617 1996 743 2066 σμιλίον,
773 1995 883 2068 σώματι
908 1994 940 2048 δὲ
966 1997 998 2067 τῇ
1018 1999 1111 2068 σαρκί,
1140 1996 1293 2067 ἀσωμάτου
1311 1993 1343 2048 δὲ
1361 2003 1414 2046 τοῦ

289 2089 442 2159 τέμνεσθαι
468 2084 701 2158 κατηγορήματος.
747 2080 822 2135 Stob.
840 2081 896 2136 Eoi.
914 2081 972 2152 ip.
990 2083 1044 2137 336
1073 2088 1190 2136 αίτιον
1217 2077 1247 2136 δ’
1274 2085 1289 2135 ὁ
1316 2084 1415 2148 Ζήνων

291 2177 377 2246 φησὶν
395 2173 466 2227 εἶναι
485 2168 527 2226 δι’
545 2172 572 2224 ὅ·
603 2164 636 2224 οὗ
654 2171 685 2225 oh
705 2175 797 2224 αἴτιον
816 2173 995 2242 συμβεβηκός
1024 2176 1071 2224 καὶ
1090 2172 1192 2244 τὸμὲν
1211 2176 1302 2224 αἴτιον
1320 2181 1413 2243 σῶμα,

291 2255 325 2316 οὗ
343 2263 375 2317 di
394 2267 485 2315 αἴτιον
503 2263 689 2334 κατηγόρημα.

361 2384 392 2442 b.
416 2383 454 2441 Cf.
474 2385 545 2440 Sext.
564 2385 658 2454 Pyrrh.
675 2383 704 2436 H
722 2385 769 2450 81;
788 2383 876 2438 Senec.
895 2381 943 2454 Ep.
963 2384 1024 2450 117,
1044 2385 1061 2437 2
1079 2399 1174 2452 sapere
1188 2413 1222 2423 —
1241 2385 1416 2453 incorporale

291 2480 330 2532 eet
355 2479 381 2529 et
404 2473 531 2530 accidens
555 2474 635 2528 elteri
658 2473 677 2527 i.
697 2490 719 2528 e.
743 2473 902 2540 εαρίουλίαε.
946 2473 1052 2526 Veritus
1077 2477 1120 2526 est
1143 2473 1171 2528 id
1195 2473 1265 2544 quod
1282 2473 1364 2527 efficit
1382 2477 1417 2528 τὸ

292 2567 406 2632 ἀληθίςι
434 2579 496 2632 ergo
515 2563 595 2616 etiem
620 2562 744 2616 scientiae
770 2565 798 2616 et
815 2561 969 2616 intellectus
987 2563 1030 2628 (τὸ
1049 2565 1223 2636 ἡγεμονικόν)
1241 2562 1341 2627 debent
1356 2579 1417 2620 esse

292 2670 406 2724 corpora,
426 2653 496 2706 sicut
513 2652 617 2706 enimus
635 2657 676 2705 est
694 2665 802 2722 corpus,
829 2668 852 2704 v.
870 2655 914 2704 BP
932 2651 994 2706 408.
1013 2651 1074 2706 409.
1111 2650 1210 2706 Contra
1233 2639 1303 2705 sicut
1320 2654 1418 2706 λεκτὸν

292 2746 335 2796 est
352 2741 521 2812 incorporale
540 2741 579 2794 ita
597 2743 625 2793 ot
642 2739 719 2793 inane
738 2743 766 2792 et
783 2740 857 2792 locus
875 2743 904 2793 et
922 2743 1034 2809 tempus,
1053 2739 1085 2794 ci.
1104 2739 1174 2794 Sext.
1193 2735 1277 2794 Meth.
1296 2739 1362 2793 VIII
1380 2741 1416 2794 11
1451 2781 1456 2788 .

292 2833 346 2899 (BP
364 2831 442 2897 395),
468 2829 494 2882 X
511 2829 565 2883 218
588 2831 644 2895 (121³
662 2827 741 2893 399);
769 2827 845 2897 Diog.
870 2827 922 2881 vn
948 2827 999 2882 140
1009 2845 1062 2898 sq.;
1075 2897 1077 2900 Ι
1092 2827 1165 2882 Stob.
1188 2825 1276 2883 Eril
1299 2846 1325 2899 p.
1344 2828 1413 2892 392;

293 2919 455 2989 Chrysippus
474 2935 515 2988 ep.
534 2917 605 2971 Plut.
625 2916 723 2971 Comm.
742 2916 830 2970 Notit.
849 2916 892 2983 45,
912 2915 929 2971 5
947 2934 973 2987 p.
993 2918 1065 2972 1084
1090 2919 1142 2988 οὐχ
1160 2920 1176 2985 ἡ
1193 2919 1246 2990 μὲν
1264 2920 1315 2980 νὺξ
1333 2923 1420 2990 σῶμα

294 3011 377 3072 ἐστιν,
403 3009 420 3074 ή
438 3004 466 3062 0’
484 3007 588 3078 ἑσπέρα
606 3011 653 3060 καὶ
673 3009 687 3059 ό
706 3009 807 3080 ὄρθρος
830 3011 877 3060 καλ
895 3009 927 3062 τό
944 3011 1034 3080 μέσον
1052 3016 1098 3074 τῆς
1115 3009 1211 3068 νυκτός
1229 3009 1348 3080 σώματα
1367 3009 1420 3060 οάκ

295 3097 381 3151 ἔστιν·
411 3095 475 3150 οὐδὲ
495 3097 510 3162 ή
533 3096 587 3167 μὲν
611 3097 700 3170 ήμέρα
727 3098 809 3168 σῶμα
828 3099 918 3160 ἐστιν,
946 3097 1008 3168 οάχλ
1028 3096 1059 3150 oi
1078 3102 1124 3150 καλ
1143 3099 1158 3163 ἡ
1177 3101 1314 3170 νουμηνία
1334 3107 1418 3170 σῶμα

295 3189 342 3239 καὶ
359 3187 375 3252 ή
395 3185 494 3251 όεκιίτη
512 3189 558 3237 καλ
578 3185 808 3252 πεντεκαιδεκάτη
826 3190 873 3238 καὶ
894 3187 909 3251 ή
929 3189 1055 3258 τριακείς,
1083 3191 1130 3239 καὶ
1149 3189 1164 3238 ό
1181 3188 1238 3258 μὴν
1257 3189 1339 3259 σῶμεί
1358 3187 1420 3240 ἔστι

295 3278 342 3328 καὶ
360 3275 392 3327 τὸ
410 3277 492 3348 θέρος
510 3278 556 3326 καὶ
575 3275 607 3326 τὸ
627 3275 810 3348 φθινόπωρον
827 3279 874 3327 καὶ
894 3277 908 3326 ό
927 3277 1059 3336 ἐνιαυτός.

367 3411 394 3452 θ.
420 3396 458 3452 Cf.
478 3397 565 3450 Senon.
585 3396 633 3466 Ep.
654 3398 714 3450 113.
734 3397 800 3463 1173
820 3397 954 3451 Plutarch.
974 3398 1066 3451 1.1.2
1095 3402 1201 3451 ίίτοπον
1220 3399 1274 3471 γὰρ
1292 3395 1322 3451 εὖ
1339 3401 1420 3468 μα’λα

297 3489 346 3548 τὰς
365 3489 461 3558 ἀρετὰς
479 3492 526 3540 καὶ
544 3488 593 3547 τὰς
611 3491 715 3550 κακίας,
735 3489 804 3560 πρὸς
823 3487 855 3540 sit
873 3489 986 3548 ταύταις
1005 3489 1054 3548 τὰς
1072 3491 1170 3557 τέχνας
1183 3490 1230 3539 καὶ
1244 3488 1293 3547 τὰς
1306 3488 1423 3559 μνήμας

298 3579 399 3639 πόσας,
425 3577 466 3628 ἔτι
490 3575 522 3629 δὲ
541 3581 700 3646 φαντασίας
722 3580 769 3628 καὶ
788 3579 867 3642 πόθη
885 3579 931 3630 καὶ
951 3577 1038 3650 όρμόις
1060 3580 1108 3630 καὶ
1129 3579 1347 3646 συγκαταθέσεις
1366 3577 1422 3628 σώ-

297 3684 376 3737 ματα
395 3669 580 3736 ποιουμένους
599 3666 629 3717 ἐν
645 3663 747 3736 μηόενὶ
767 3667 855 3734 φάναι
874 3670 992 3718 κεῖσθαι.
1013 3693 1046 3702 -
1074 3663 1099 3716 4.
1120 3667 1147 3717 οἱ
1165 3660 1193 3717 θ’
1213 3666 1245 3718 οὐ
1262 3665 1353 3735 μόνον
1371 3664 1424 3724 τός

300 3753 397 3827 ἀρετάς
415 3756 462 3804 καὶ
481 3753 529 3812 τὰς
547 3757 644 3812 κακίας
663 3755 715 3822 ζῷα
735 3752 805 3805 εἶναι
824 3755 964 3822 λέγουσιν,
985 3752 1050 3806 οὐδὲ
1069 3754 1103 3805 τὰ
1122 3739 1205 3820 πείθή
1219 3754 1316 3828 μόνον,
1336 3753 1424 3825 ὀργὰς

299 3846 345 3895 καλ
365 3839 489 3911 φθόνους
510 3845 558 3893 καὶ
583 3842 672 3900 λύπας
691 3844 737 3892 καὶ
756 3843 987 3914 έπιχαιρεκακίας,
1013 3841 1078 3895 οὐδὲ
1097 3843 1264 3908 καταλήψεις
1282 3844 1329 3894 καὶ
1348 3860 1422 3910 φαν-

300 3935 399 3990 τασίας
416 3934 463 3982 καὶ
481 3931 610 3998 ἀγνοίας,
630 3927 696 3982 οὐδὲ
714 3930 764 3990 τὰς
783 3933 881 3998 τέχνας
900 3932 966 3998 ζῷα,
985 3931 1035 3996 τήν
1053 3931 1266 4002 σκυτοτομικήν,
1287 3931 1336 3996 τήν
1349 3932 1423 3999 γαλ-

300 4020 461 4084 ιῐοτυπικήν,
490 4017 560 4070 ἀλλά
585 4019 653 4091 πρὸς
678 4019 786 4078 τούτοις
811 4019 852 4076 ἔτι
874 4023 921 4070 καλ
945 4009 994 4078 τάς
1011 4021 1147 4091 ἐνεργείας
1166 4020 1284 4090 σώματα
1302 4021 1349 4072 καλ
1367 4020 1423 4086 ζῷα

300 4119 429 4172 ποιοῦσι,
455 4109 504 4160 τὸν
529 4111 684 4179 περίπατον
702 4109 782 4175 ζῷον,
803 4107 852 4172 τήν
870 4109 997 4180 ὄρχησιν,
1017 4109 1065 4174 τήν
1085 4109 1226 4172 ὑπόθεσιν,
1246 4109 1296 4174 τήν
1315 4123 1423 4179 προσα-

301 4199 437 4268 γόρευσιν,
462 4197 511 4262 τὴν
534 4195 684 4270 λοιόορίαν.
721 4194 820 4248 Eodem
844 4195 961 4264 pertinet
985 4196 1055 4266 quod
1080 4195 1242 4266 Chrysippus
1266 4197 1295 4250 et
1319 4197 1425 4266 pertur-

301 4285 421 4338 bationes
446 4285 526 4338 animi
544 4288 572 4338 et
589 4285 705 4337 virtutes
731 4285 850 4337 sensibus
874 4285 971 4354 percipi
989 4271 1104 4338 effimnat
1126 4303 1167 4356 sp.
1186 4284 1323 4337 Plutarch.
1342 4281 1423 4335 Stoic.

301 4369 366 4442 Rep.
386 4373 428 4435 19,
448 4373 509 4442 21).
529 4372 598 4427 1042
618 4375 660 4426 ὅτι
678 4374 732 4445 μὲν
745 4375 799 4444 γὰρ
819 4377 941 4441 αἰσθητά
959 4377 1018 4428 ἔστι
1036 4377 1149 4443 τάγαθὰ
1163 4377 1210 4428 καὶ
1229 4375 1263 4426 τά
1278 4375 1356 4437 κακεὶ,
1374 4377 1423 4424 καλ

303 4463 411 4521 τούτοις
429 4462 534 4515 ἐκποιεῖ
550 4465 652 4532 λέγειν·
673 4465 706 4515 οὐ
724 4463 778 4537 γάρ
795 4464 937 4534 μόνοντὰ
956 4466 1035 4530 παθη
1054 4465 1129 4516 ἐστὶν
1148 4464 1269 4529 αἰσθητὰ
1290 4463 1342 4516 σὺν
1364 4465 1425 4520 τοῖς
