3156 4988
322 339 376 400 336
801 341 967 398 Aristoteles.

324 505 369 556 tur
396 503 424 554 in
452 504 523 555 terra
550 505 639 556 motus
666 503 700 556 nri
724 504 809 557 multo
832 503 919 556 minus
944 505 1044 556 certam
1067 503 1185 570 regulam
1204 502 1364 556 constitutos
1382 519 1441 556 εεεε

324 607 402 660 qnam
421 590 565 658 stellarum,
585 609 609 645 v.
628 591 668 644 De
687 591 764 646 Caelo
782 592 810 646 11
829 593 871 646 12.
897 591 969 645 292¹>
988 591 1037 658 233
1064 591 1203 646 Metnorol:
1225 591 1239 643 I
1258 591 1283 644 2.
1302 591 1374 646 339²
1393 592 1441 656 19;

323 679 362 732 De
382 677 445 734 Gen.
465 679 551 733 Anim.
570 679 609 734 IV
627 681 669 734 10.
690 680 761 734 ‘17711
781 681 824 734 29.

394 802 425 856 In
450 804 623 870 astronomia,
658 820 737 873 quam
764 803 943 873 philosophiae
971 804 1085 858 omnium
1110 803 1307 873 disciplinarum
1334 803 1443 856 maximo

323 894 460 959 cognatam
485 909 542 946 εεεε
569 892 647 958 dieii,
672 892 718 946 Ar.
737 892 838 946 Eudoxi
857 891 943 946 Cnidii
961 895 989 945 ελ
1007 891 1120 962 Callippi
1138 891 1256 960 Cyzineni
1281 891 1386 960 placitis
1403 891 1444 944 ita

322 981 418 1046 utitur,
437 983 470 1033 ut
487 981 543 1051 ipse
562 981 595 1033 ad
614 997 644 1034 εε
662 980 824 1034 emendanda
838 983 866 1033 et
880 981 1025 1050 supplenda
1038 997 1090 1034 non
1104 981 1171 1033 nihil
1185 980 1317 1046 adiecerit,
1336 980 1367 1032 cf.
1377 979 1442 1032 Met.

322 1068 374 1120 XII
392 1070 409 1123 8
427 1085 486 1122 cum
505 1085 596 1122 comm.
614 1068 729 1122 Bonitzii
747 1072 776 1122 et
793 1069 910 1135 Krische,
930 1069 1044 1123 Forsch.
1064 1068 1117 1122 283
1128 1085 1166 1137 sq.

135 1297 299 1392 ζζξζζῦῇζζζζ
389 1300 438 1363 De
461 1300 547 1364 Pari.
570 1302 629 1366 An.
651 1299 686 1364 Π
711 1310 738 1363 1.
764 1307 848 1365 646²
873 1307 924 1364 12.
974 1304 1080 1385 Τριῶν
1103 1286 1137 1362 ‹5’
1155 1296 1258 1362 οὐσῶν
1281 1311 1346 1362 τῶν
1369 1320 1443 1362 συν-
1453 1315 1491 1356 εει

187 1403 242 1444 '³³¹⁰
323 1403 447 1470 θέσεων
481 1405 615 1492 πρώτην
649 1403 708 1487 μέν
743 1403 782 1469 ἀν
813 1428 863 1482 τις
897 1401 974 1492 θείη
997 1405 1055 1492 την
1084 1401 1122 1469 ἐκ
1150 1417 1215 1468 τῶν
1238 1401 1444 1486 καλουμένων

322 1511 388 1576 ὁπό
411 1535 506 1576 τινων
529 1508 710 1592 στοιχείων,
735 1501 803 1576 οἷον
826 1523 884 1598 γῆς
906 1508 1001 1597 ἀέρος
1024 1510 1141 1586 ’όάατος
1165 1510 1278 1598 πυρός.
1304 1549 1346 1557 -
1370 1509 1444 1574 ἀευ-

322 1615 400 1702 τέρα
425 1615 461 1682 ὁέ
483 1617 638 1694 σύστασις
668 1615 704 1681 έκ
727 1629 791 1680 τῶν
814 1618 956 1703 πρώτων
979 1618 999 1702 ἦ
1022 1629 1087 1680 τῶν
1116 1615 1317 1703 ὁμοιομερῶν
1347 1616 1444 1703 φύσις

323 1722 356 1786 έν
378 1725 449 1798 τοῖς
472 1716 570 1808 ζῴοις
594 1720 690 1802 ἐστίν,
721 1712 789 1789 οἷον
812 1719 909 1787 ὀστοῦ
931 1721 989 1786 καὶ
1013 1723 1133 1808 σαρκὸς
1162 1719 1220 1786 καὶ
1249 1733 1315 1786 τῶν
1338 1719 1444 1798 ἀλλων

322 1840 387 1893 τῶν
410 1829 575 1893 τοιούτων.
622 1825 715 1916 τρίτη
739 1827 776 1897 ἀὲ
798 1827 857 1894 καί
879 1825 1049 1892 τελευταία
1073 1816 1151 1892 κατ’
1169 1826 1314 1914 ἀριθμὸν
1336 1829 1356 1914 ἡ
1379 1841 1444 1891 τῶν

322 1933 574 2021 ἀνομοιομερῶν,
605 1924 673 1999 οἷον
702 1934 883 2020 προσώπου
914 1931 972 1998 καὶ
993 1933 1099 2020 χειρὸς
1121 1930 1179 1999 καὶ
1201 1945 1266 1997 τῶν
1288 1933 1445 1998 τοιούτων

321 2037 468 2128 μορίων“.
485 2077 529 2088 -
551 2039 599 2126 τῷ
621 2039 681 2122 μέν
704 2037 758 2105 οὖν
778 2038 881 2127 χρόνῳ
904 2037 1068 2126 προτέραν
1090 2041 1147 2127 τὴν
1169 2038 1245 2127 ύλην
1267 2037 1445 2122 ἀναγκαῖον

322 2141 405 2212 εἶναι
428 2145 486 2212 καὶ
509 2148 566 2234 τὴν
589 2145 724 2231 γένεσιν,
749 2144 797 2232 τῷ
820 2145 905 2232 λόγῳ
930 2144 967 2211 ἀὲ
989 2147 1047 2233 την
1070 2141 1263 2210 οὐσίανκαὶ
1286 2146 1343 2232 τὴν
1366 2140 1444 2209 ἑκό-

322 2275 400 2318 στου
423 2253 560 2341 μορφήν.
578 2291 620 2300 -
637 2255 720 2317 ὥστε
743 2254 800 2340 τὴν
822 2249 882 2334 μέν
905 2265 969 2316 τῶν
992 2249 1159 2332 στοιχείων
1174 2252 1251 2339 ύλην
1267 2251 1444 2335 ἀναγκαῖον

322 2351 405 2424 εἶναι
428 2373 492 2423 τῶν
515 2359 714 2446 ὁμοιομερῶν
736 2357 846 2423 ἕνεκεν.
892 2359 1009 2445 ’ὁστερα
1033 2359 1094 2444 γὰρ
1125 2354 1253 2424 ἐκείνων
1275 2367 1380 2421 ταῦτα
1402 2355 1445 2443 τῇ

323 2463 449 2550 γενέσει,
472 2465 593 2530 τούτων
616 2463 653 2530 ἀὲ
675 2467 717 2529 τά
741 2464 970 2552 ἀνομοιομερῆ·
1003 2474 1107 2529 ταῦτα
1131 2465 1191 2550 γὰρ
1215 2461 1275 2552 ἤδη
1298 2460 1446 2540 τὸτέλος

323 2567 386 2654 ἔχει
415 2569 472 2636 καλ
501 2572 539 2636 τὸ
568 2569 690 2658 πέρας,
722 2569 781 2635 ε’πλ
810 2581 868 2636 τοῦ
894 2568 1006 2658 τρίτου
1038 2570 1180 2654 λαβόντα
1209 2572 1266 2658 τὴν
1288 2570 1446 2634 σύστασιν

323 2678 484 2766 ἀριθμοῦ,
515 2676 673 2763 καθάπερ
704 2675 763 2741 ἐπὶ
794 2676 927 2742 πολλῶν
956 2673 1129 2759 συμβαίνει
1151 2675 1360 2740 τελειοῦσθαι
1383 2675 1445 2751 τὰς

324 2789 468 2870 γενέσεις.
515 2783 550 2862 ἐξ
584 2781 776 2870 ἀμφοτέρων
810 2781 869 2865 μέν
904 2779 958 2847 οὖν
992 2783 1034 2846 τὰ
1068 2781 1137 2867 ζῷα
1172 2779 1344 2869 συνέστηκε
1378 2793 1445 2845 τῶν

321 2887 444 2976 μορίων
466 2889 596 2969 τούτιον,
622 2888 705 2952 ἀλλά
728 2889 770 2952 τὰ
794 2889 968 2975 ὁμοιομερῆ
991 2899 1055 2952 τῶν
1081 2887 1319 2973 ἀνομοιομερῶν
1341 2883 1445 2951 ἕνεκέν

323 2995 425 3061 ἐστιν·
471 2991 599 3060 ἐκείνων
630 2995 690 3082 γάρ
721 2989 799 3081 ἔργα
822 2993 879 3060 καὶ
903 2993 1040 3081 πράξεις
1062 2990 1151 3074 εἰσίν,
1175 2983 1243 3060 οἷον
1265 2991 1447 3081 ὀφθαλμοῦ

288 3150 291 3156 2
323 3099 381 3165 καὶ
403 3112 565 3188 μυκτῆρος
593 3099 651 3166 καὶ
684 3111 742 3166 τοῦ
765 3101 947 3187 προσώπου
971 3101 1097 3176 παντὸς
1120 3098 1177 3164 καὶ
1201 3100 1361 3165 δακτύλου
1385 3097 1446 3163 καὶ

320 3208 427 3295 χειρὸς
461 3205 519 3272 καὶ
553 3209 677 3284 παντὸς
719 3217 777 3272 τοῦ
809 3203 987 3294 βραχίονος.
1047 3205 1271 3294 πολυμόρφων
1305 3203 1342 3270 ἀὲ
1378 3217 1446 3269 τῶν

323 3313 473 3400 πράξεων
495 3312 553 3378 καὶ
576 3325 640 3376 τῶν
662 3313 815 3400 κινήσεων
844 3313 1058 3399 ὑπαρχουσῶν
1085 3315 1155 3389 τοῖς
1178 3307 1274 3398 ζῴοις
1298 3312 1386 3388 ὅλοις
1408 3335 1446 3376 τε

322 3419 381 3486 καὶ
402 3423 472 3496 τοῖς
494 3415 622 3505 μορίοις
644 3422 715 3496 τοῖς
738 3420 907 3498 τοιούτοις,
931 3418 1108 3503 ἀναγκαῖον
1131 3417 1167 3496 ἐξ
1189 3413 1233 3482 ὧν
1249 3418 1444 3502 σύγκεινται,

322 3529 382 3604 τάς
412 3525 562 3608 ἀυνόμεις
591 3521 747 3608 ἀνομοίας
781 3521 875 3607 ἔχειν·
922 3527 1007 3613 πρὸς
1029 3523 1089 3608 μὲν
1111 3524 1172 3612 γάρ
1196 3549 1269 3589 τινα
1292 3522 1444 3606 μαλακό-

323 3657 382 3720 της
403 3634 574 3720 χρήσιμος,
609 3628 694 3717 πρὸς
724 3630 761 3697 δέ
781 3656 855 3696 τινα
879 3631 1073 3720 σκληρότης,
1108 3629 1166 3696 καὶ
1195 3631 1237 3695 τά
1265 3629 1325 3714 μὲν
1348 3630 1444 3695 τάσιν

319 3735 405 3820 ,ἔχειν
428 3739 486 3818 ἀεῖ,
511 3740 553 3802 τά
576 3737 613 3803 ἀὲ
635 3737 794 3825 aripenni.

395 3895 423 3934 Β.
443 3879 481 3934 Cf.
500 3885 543 3932 ΒΡ
563 3880 643 3932 119a.

330 4038 333 4044 ·
394 4005 426 4060 b.
446 4005 632 4058 Demonstrare
656 4007 766 4057 conatur
790 4003 963 4057 necessariam
981 4020 1038 4056 εεεε
1058 4005 1184 4073 quattuor
1201 4003 1390 4056 elementorum
1414 4001 1444 4054 in

324 4094 476 4148 anima-lium
495 4093 645 4162 corporibus
663 4093 883 4155 coniunctionem
910 4095 1008 4144 terram
1026 4095 1054 4144 ei
1073 4108 1167 4161 aquam
1185 4091 1279 4158 inesse,
1298 4094 1331 4144 ut
1349 4089 1444 4144 efficia-

323 4187 369 4236 tur
388 4183 482 4236 durum
500 4199 531 4234 εε
544 4181 629 4246 molle,
650 4181 701 4234 duo
720 4182 830 4250 reliqua,
849 4183 881 4233 ut
899 4179 1047 4233 efficiantur
1066 4197 1132 4250 quae
1149 4179 1205 4233 illis
1224 4179 1345 4250 opposita
1364 4181 1443 4232 suni:

325 4271 460 4324 Meteorol.
470 4271 508 4322 IV
517 4271 547 4336 4;
559 4271 598 4323 De
609 4268 673 4324 Gen.
684 4273 713 4323 et
722 4269 793 4324 Corr.
803 4270 831 4321 11
841 4271 865 4322 7.
884 4269 995 4338 Insuper
1005 4269 1126 4338 quintum
1136 4269 1222 4322 nescio
1232 4269 1295 4338 qnid
1303 4269 1333 4321 in
1346 4267 1444 4321 anima-

323 4359 394 4411 libus
403 4359 488 4412 inesse
499 4359 640 4425 existimat,
657 4359 726 4428 quod
736 4361 859 4412 cernatur
873 4359 901 4410 in
911 4359 995 4411 calore
1005 4358 1145 4422 animante,
1156 4357 1196 4410 De
1207 4356 1271 4412 Gen.
1279 4355 1366 4411 Anim.
1379 4355 1406 4408 H
1416 4357 1442 4411 3.

323 4446 395 4500 736b
414 4449 448 4501 33
468 4452 580 4501 πάντων
597 4451 650 4520 μὲν
669 4451 722 4522 γὰρ
741 4451 770 4502 ἐν
784 4451 821 4516 τῷ
836 4453 975 4522 σπέρματι
990 4449 1145 4520 ἐνυπάρχει,
1166 4449 1234 4520 ὅπερ
1249 4453 1326 4500 ποιεῖ
1339 4448 1443 4517 γόνιμα
