3146 4982
598 401 599 404 ,
634 350 779 420 Epictetus.
1217 349 1269 410 477

149 508 402 575 ἀνυπότακτον.
427 509 545 576 σκόπει
561 506 620 576 οὖν·
629 507 724 576 τίνων
746 512 920 600 κεχάρισαι
944 511 1147 598 κατὰλόγον.
1171 515 1269 595 κεχώα

149 638 240 702 ρισαι
264 613 399 704 θηρίων,
428 618 601 704 κεχάρισαι
625 617 810 704 προβάτων.
847 613 905 684 ἐπὶ
928 619 1055 696 τούτοις
1079 616 1218 708 πολίτης
1240 612 1268 686 εἶ

148 733 207 788 τοῦ
228 722 350 808 κόσμου
373 721 430 788 καὶ
453 723 551 812 μέρος
573 723 689 804 αὐτοῦ,
713 723 768 807 οὐχ
790 720 825 790 ἐν
848 737 912 790 τῶν
935 726 1155 814 ὑπηρετικῶν,
1186 724 1269 791 ἀλλὰ

148 843 213 895 τῶν
236 828 500 918 προηγουμένων·
530 831 861 921 παρακολουθητικδς
883 833 944 919 γάρ
967 825 995 898 εἶ
1019 831 1061 922 τῇ
1083 827 1162 920 θείᾳ
1186 832 1269 898 διοι-

148 937 239 1025 κήσει
262 935 320 1001 καὶ
343 949 407 1001 τῶν
430 932 503 1024 ἐξής
525 933 777 1024 ἐπιλογιστικός.
813 935 863 1016 τίς
891 935 946 1005 οὖν
968 935 1147 1024 ἐπαγγελία
1170 936 1269 1006 πολί-

148 1066 223 1122 του,
257 1041 356 1131 μηδέν
383 1039 464 1124 ἐγειν
488 1039 558 1131 ἰδίᾳ
580 1042 759 1132 συμφέρον,
795 1043 871 1132 περὶ
893 1045 1030 1133 μηδενὸς
1052 1045 1269 1128 βουλεύεσθαι

149 1149 194 1228 ὡς
217 1147 396 1230 ἀπόλυτον,
428 1139 504 1216 ἀλλ’
525 1153 637 1236 ὥσπερ
660 1151 698 1216 δν
720 1147 750 1216 εί
772 1153 792 1240 v>
813 1149 925 1240 χείρή
955 1152 973 1217 ό
1002 1153 1086 1230 ποὺς
1116 1153 1272 1237 λογισμὸν.

148 1247 232 1338 εἶχον
254 1255 311 1322 καί
335 1257 608 1344 παρηκολούθουν
630 1256 672 1346 τῇ
696 1256 818 1347 φυσική
834 1261 1027 1345 κατασκευή,
1052 1247 1208 1324 οὐδέποτ’
1231 1259 1270 1324 ἀν

148 1361 255 1440 άλλως
278 1364 432 1452 ὥρμησαν
453 1364 473 1452 ή
497 1363 688 1452 ὠρέχθησαν
711 1365 731 1454 ἢ
754 1363 1017 1450 ἐπανενεγκόντες
1041 1364 1098 1431 ἐπὶ
1122 1367 1160 1431 τό
1184 1365 1266 1432 ὅλον.

148 1468 204 1534 διὰ
234 1479 330 1536 τοῦτο
359 1471 468 1549 καλῶς
498 1469 645 1556 λέγουσιν
675 1468 705 1536 οί
737 1471 916 1560 φιλόσοφοι
941 1472 1008 1554 ότι,
1038 1469 1066 1538 εἰ
1089 1467 1269 1562 προήδειό

147 1576 248 1654 καλὸς
262 1574 319 1642 καὶ
335 1575 462 1661 ἀγαθὸς
477 1579 519 1642 τά
535 1576 680 1661 ἐσόμενα,
704 1579 850 1667 συνήργει
874 1569 912 1644 ἀν
935 1575 991 1644 καί
1014 1576 1062 1664 τῷ
1085 1583 1189 1644 νοσεῖν
1212 1577 1268 1644 καὶ

147 1680 195 1769 τῷ
218 1681 440 1772 ἀποθνήσκειν
462 1683 519 1750 καὶ
541 1677 589 1771 τῷ
605 1690 805 1773 πηροῦσθυι,
831 1682 1068 1768 αἰσθανόμενός
1083 1708 1118 1770 γε
1132 1685 1183 1750 ότι
1200 1685 1268 1752 ἀπὸ,

147 1801 205 1877 της
227 1801 291 1854 τῶν
314 1789 397 1855 όλων
419 1790 600 1870 διατάξεως
615 1801 711 1858 τοῦτο
727 1790 935 1875 ἀπονέμεται.
965 1792 1157 1879 κυριώτερον
1179 1790 1216 1858 δέ
1231 1793 1268 1858 τό

147 1895 222 1961 όλυν
250 1907 308 1962 τοῦ
335 1895 452 1984 μέρους
481 1896 538 1963 καὶ
568 1899 588 1985 ή
619 1897 718 1976 πόλις
746 1908 804 1964 τοῦ
833 1895 981 1964 πολίτου.
1028 1908 1081 1962 νῦν
1104 1887 1137 1962 δ’
1156 1898 1208 1964 ότι
1232 1896 1269 1964 οδ

147 2003 418 2090 προγινώσκομεν,
441 2005 583 2092 καθήκει
605 2017 669 2070 τῶν
692 2005 777 2090 πρὸς
800 2003 933 2092 ἐκλογήν
955 2002 1174 2092 εόφυεστέρων
1201 2000 1268 2086 ἐγε-

147 2113 242 2190 σθαι,
266 2109 317 2176 ότι
339 2109 396 2176 καί
420 2111 504 2198 πρὸς
526 2119 621 2176 τοῦτο
645 2111 844 2196 γεγόναμεν’.

63 2267 137 2308 ⁴⁷1ss
214 2252 299 2317 Βίου.
329 2254 347 2317 I
377 2261 412 2330 3,
444 2263 472 2318 1.
519 2247 568 2318 Εί
594 2277 644 2330 τις
676 2251 723 2338 τῷ
753 2253 893 2338 δόγματι
916 2254 1021 2339 ταύτην
1044 2257 1267 2340 συμπαθήσαι
1323 2250 1394 2345 2³1„st

147 2347 227 2423 κατ>
251 2355 346 2437 ἀξίαν
375 2359 522 2439 δύναιτο,
557 2359 607 2424 ότι
637 2359 809 2444 γεγόναμεν
839 2359 906 2425 ἀπὸ
940 2369 999 2424 τοῦ
1031 2365 1113 2424 θεοῦ
1146 2359 1268 2437 πάντες
1362 2371 1372 2399 ¹

147 2463 414 2554 προηγουμένωςο
432 2463 488 2531 καί
505 2466 523 2532 ό
538 2467 618 2544 θεός
641 2467 751 2554 πατήρ
776 2465 845 2532 ἐστι
868 2479 933 2530 τῶν
955 2456 989 2530 τ’
1008 2465 1196 2550 ἀνθρώπων
1211 2463 1268 2530 καί

147 2581 212 2636 τῶν
234 2575 331 2652 θεῶν,
355 2563 449 2656 οἶμαι
473 2571 524 2636 δ’τι
548 2570 640 2638 οὐδέν
656 2571 780 2657 ἀγεννές
804 2571 878 2638 οάδέ
900 2575 1055 2638 ταπεινὸν
1078 2571 1268 2664 ἐνθυμηθή-

147 2697 242 2743 σεται
272 2676 350 2765 περί
382 2675 506 2744 ἐαυτοῦ.
549 2667 624 2744 ἀλλ’
644 2679 682 2744 ἀν
709 2677 769 2762 μέν
800 2683 931 2767 Καῖσαρ
962 2675 1194 2768 εἰσποιήσηταί
1223 2677 1267 2758 σε,

148 2781 251 2862 οάδείς
281 2805 339 2850 σου
369 2785 427 2872 τήν
457 2782 558 2873 ὀφρὺν
586 2785 761 2869 βαστάσει·
796 2785 835 2850 ἀν
865 2785 902 2851 δέ
931 2787 1013 2872 γνῷς
1036 2786 1087 2852 ὅτι
1109 2795 1168 2852 τοῦ
1190 2785 1269 2862 Διὸς

148 2886 217 2969 υίὸς
239 2882 278 2972 εἶ,
302 2889 360 2957 οὐκ
383 2887 578 2980 ἐπαρθήση;
602 2903 655 2956 νῦν
670 2892 690 2956 δ
696 2880 705 2906 '
724 2891 760 2958 οδ
777 2903 949 2976 ποιοῦμεν·
985 2881 1061 2958 ἀλλ’
1080 2891 1194 2978 ἐπειδή
1211 2891 1268 2956 δίο

147 3007 252 3062 ταῦτα
282 2995 315 3062 ἐν
348 2996 390 3086 τῇ
425 2997 543 3083 γενέσει
573 2999 661 3086 ήμῶν
692 2997 987 3084 ἐγκαταμέμικται,
1024 3001 1062 3064 τό
1092 3013 1187 3082 σῶμα
1205 2987 1268 3081 μὲν

147 3104 254 3168 κοινόν
283 3105 367 3190 πρός
395 3105 438 3168 τὰ
468 3103 552 3191 ζηῖα,
583 3104 601 3170 δ
624 3104 718 3190 λόγος
741 3104 778 3170 δέ
799 3104 857 3170 καί
880 3108 900 3194 ή
924 3107 1033 3194 γνώμη
1056 3107 1162 3172 κοινόν
1184 3106 1269 3192 πρὸς

147 3211 222 3288 τοὺς
245 3211 352 3290 θεαός,
376 3209 495 3276 πολλοὶ
518 3210 577 3294 μέν
600 3209 658 3276 ἐπὶ
681 3212 802 3300 ταύτην
824 3209 1038 3278 ἀποκλίνουσι
1069 3214 1126 3300 τήν
1155 3209 1267 3298 συγγέ-

148 3340 235 3382 νειαν
264 3317 321 3404 τήν
344 3315 443 3406 ἀτυχή
466 3315 523 3382 καί
547 3318 675 3404 νεκράν,
712 3315 815 3403 όλίγοι
840 3317 876 3383 δέ
898 3329 989 3396 τινες
1011 3317 1068 3384 ἐπὶ
1092 3320 1149 3406 τήν
1172 3314 1269 3412 θείαν

147 3421 205 3488 καὶ
228 3419 425 3510 μακαρίανᾱ.
461 3423 576 3514 ἐπειδή
599 3421 705 3490 τοίνυν
729 3423 850 3512 ἀνάγκη
874 3422 981 3492 πάνθ’
1003 3425 1144 3490 ὁντινοῦν
1167 3425 1268 3502 οίίτως

136 3525 275 3625 εέκάστιγ
297 3535 441 3618 χρῆσθαι
466 3531 510 3608 ὡς
533 3531 571 3595 δν
594 3529 671 3618 περὶ
696 3529 795 3596 αὐτοῦ
817 3531 986 3618 ὑπολάβῃ,
1016 3529 1131 3598 ἐκεῖνοι
1154 3529 1213 3614 μέν
1236 3526 1267 3598 ολ

147 3633 262 3720 ὀλίγοι,
292 3636 363 3702 ὅσοι
393 3638 477 3722 πρὸς
507 3634 622 3702 πίστιν
650 3634 775 3704 οίονται
806 3636 965 3723 γεγονέναι
994 3637 1052 3704 καὶ
1076 3639 1160 3725 πρὸς
1183 3633 1267 3702 αἰδῶ

147 3741 204 3808 καὶ
229 3743 314 3830 πρὸς
335 3742 518 3830 ἀσφάλειαν
540 3756 597 3832 της
617 3745 758 3832 χρήσεως
780 3757 845 3809 τῶν
867 3758 1070 3834 φαντασιῶν,
1095 3743 1185 3810 οέδέν
1206 3768 1266 3808 τα-

146 3849 258 3914 πεινὸν
282 3838 353 3914 οὐδ’
372 3848 498 3935 ἀγεννές
521 3848 737 3934 ἐνθυμοῦνται
762 3849 839 3938 περὶ
863 3852 984 3932 αὑτῶν,
1020 3847 1050 3916 σί
1080 3849 1117 3916 δέ
1147 3847 1267 3915 πολλοὶ

146 3952 311 4020 τάναντία.
361 3954 403 4021 Τί
426 3957 487 4044 γάρ
509 3953 594 4040 είμι,·
629 3955 840 4043 ταλαίπιυρον
868 3956 1114 4045 ἀνθρωπάριον,
1145 3955 1201 4022 καὶ
1225 3959 1266 4022 τά

146 4061 287 4150 δόστηνά
315 4085 377 4144 μου
407 4060 564 4148 σαρκίδια
594 4064 641 4150 τῷ
663 4063 723 4146 μέν
751 4062 819 4130 όντι
844 4057 999 4153 δόστηνα,
1035 4051 1111 4129 ἀλλ’
1129 4059 1211 4144 ἐγεις
1233 4087 1266 4128 τι

146 4167 203 4233 καί
234 4171 384 4254 κρεῖσσον
412 4182 478 4234 τῶν
508 4167 693 4257 σαρκιδίων.
741 4167 775 4234 τί
798 4166 852 4235 σόν
882 4169 977 4258 ἀφείς
1000 4169 1102 4236 ἐκεῖνο
1125 4167 1266 4257 προστέ-

146 4285 288 4362 τηκαςθ,

219 4393 248 4435 Ι.
268 4380 395 4436 omiss.
415 4382 452 4435 IV
472 4385 569 4450 1,,100
597 4390 625 4438 τί
640 4405 691 4456 μοι
710 4384 829 4438 δέδοικεν
856 4387 883 4450 (ὁ
902 4385 976 4448 θεὸς)
1005 4387 1075 4457 ἐμόν
1099 4388 1145 4437 καὶ
1172 4385 1266 4445 αὐτεξ-

149 4472 259 4536 ούσιον;
289 4475 317 4522 τί
335 4472 408 4540 αὐτῷ
427 4475 569 4539 mmm
598 4474 631 4525 τὰ
652 4476 829 4546 προαιρετικά
846 4493 897 4544 μοι
917 4473 1043 4537 δέδωκεν,
1072 4468 1118 4526 ἐπ’
1137 4475 1200 4545 ἐμοὶ
1218 4492 1266 4527 mv
