3156 4988
584 288 673 342 Prima
691 289 862 359 philosophia.
1227 287 1281 349 8⁴23

162 449 209 499 καλ
228 447 275 500 ἐπὶ
294 449 412 516 ἰατρικῆς
432 439 464 500 οὗ
480 447 534 519 μὲν
552 450 568 514 ἡ
588 451 690 518 ὑγίεια,
720 436 741 517 ᾧ
760 448 792 503 δὲ
811 452 849 518 τῷ
872 451 1019 520 κάμνοντι,
1049 452 1119 503 οὕτω
1137 451 1169 506 δὲ
1187 457 1234 505 καλ
1252 454 1281 506 έν

163 537 196 608 τῇ
216 536 300 605 φύσει
314 536 362 602 τὴν
375 534 494 603 διπλόην
507 538 610 602 ταύτην
624 541 721 591 θετέον
738 547 789 590 τοῦ
806 540 906 600 τέλους,
925 541 972 590 καλ
992 529 1024 590 οὗ
1040 542 1094 610 μέν
1107 540 1167 592 ἐστι
1185 541 1281 614 ῥητέον

163 632 246 676 τοῦτο
265 623 334 676 εἶναι
353 625 385 676 τὸ
403 629 482 678 θεῖον
500 628 546 678 καὶ
565 624 667 689 ἀίδιον,
686 612 708 694 ᾧ
727 624 757 678 ol
778 634 860 678 τοῦτο
879 619 949 680 εἶναι
973 627 1005 678 τὸ
1030 627 1161 698 ἔμψυχον
1185 631 1281 684 καὶτὸ

162 711 193 764 έν
211 715 322 780 γενέσει.

236 848 262 889 e.
282 835 386 888 Primus
404 837 491 889 motor
508 853 556 905 per
572 836 747 890 inerrantium
765 837 904 890 stellarum
922 837 1059 908 sphaeram
1076 841 1178 893 motum
1196 841 1230 894 ad
1243 858 1282 895 ra·

161 921 237 994 liqna
254 926 390 994 propagat,
408 930 452 976 BP
471 925 532 979 332.

235 1046 259 1102 1.
278 1045 319 1101 Ab
338 1048 559 1118 omnipotentiae
577 1049 752 1118 ambiguitate
770 1051 918 1122 exemptum
932 1049 1088 1120 principium
1101 1067 1206 1106 movens
1220 1069 1282 1107 auae

162 1135 247 1205 ipsine
265 1138 375 1190 naturae
394 1137 550 1190 necessitate
569 1137 622 1190 tale
641 1138 683 1190 est
697 1137 773 1207 quale
791 1138 841 1191 eat.
856 1167 890 1176 —
909 1135 1041 1203 Quattuor
1060 1149 1109 1193 τοῦ
1127 1141 1281 1210 ἀναγκαίου

163 1241 261 1293 genera
278 1227 464 1279 enumerantur
482 1225 546 1279 Mat.
565 1224 589 1276 V
607 1223 633 1279 5.
654 1223 745 1279 1015l
763 1225 806 1279 20.

241 1362 271 1413 g.
291 1347 412 1402 Divinam
429 1349 502 1402 illam
520 1351 704 1419 aeternamque
722 1351 845 1402 naturam
865 1349 945 1402 otiam
963 1349 1087 1404 animalia
1105 1353 1214 1422 sataque
1233 1370 1281 1424 pro

164 1452 214 1490 sua
232 1435 351 1506 quodque
369 1437 496 1490 facultate
514 1437 646 1504 attingere
666 1436 775 1490 student
792 1437 943 1507 progeniem
962 1439 1004 1492 sui
1017 1439 1128 1494 similam
1147 1458 1283 1511 procreau-

164 1525 214 1592 tia,
233 1525 265 1579 of.
285 1525 318 1578 de
336 1523 386 1580 An.
405 1525 433 1578 H
451 1527 475 1579 4.
497 1525 569 1580 415ιι
594 1526 629 1580 26
649 1528 843 1598 φυσικώτατον
860 1529 914 1601 γὰρ
939 1538 993 1580 τῶν
1011 1528 1098 1598 ἔργων
1116 1535 1175 1591 τοῖς
1193 1532 1280 1595 ζῶσιν,

165 1615 220 1669 ὅσα
238 1617 327 1668 τέλεια
347 1618 394 1668 καὶ
410 1617 451 1688 μὴ
469 1617 624 1688 πηρώματα
651 1618 668 1681 ἢ
687 1617 736 1682 τὴν
753 1619 862 1685 γένεσιν
888 1618 1049 1689 αὐτομάτην
1072 1618 1142 1688 ἔχει,
1168 1620 1200 1671 τὸ
1218 1639 1281 1672 ποι-

164 1713 231 1772 ῆσαι
249 1703 341 1778 ἕτερον
359 1696 420 1756 οἷον
439 1704 519 1768 αὐτό,
548 1705 616 1773 ζῴον
632 1704 686 1776 μὲν
705 1705 784 1772 ζῷον,
814 1706 904 1775 φυτὸν
922 1705 953 1759 δὲ
973 1707 1075 1777 φυτόν,
1104 1709 1150 1760 ἵνα
1170 1717 1219 1760 τοῦ
1237 1709 1280 1762 ἀεὶ

164 1796 212 1846 καλ
240 1802 290 1845 τοῦ
315 1797 396 1846 θείου
421 1795 575 1862 μετέχωσιν
603 1779 619 1864 ᾗ
647 1792 795 1845 δύνανται·
833 1795 927 1846 πάντα
951 1794 1006 1866 γάρ
1029 1795 1134 1848 ἐκείνου
1158 1796 1282 1866 ὀρέγεται

164 1881 291 1934 κάκείνου
315 1879 393 1933 ἕνεκα
416 1882 530 1954 πράττει
555 1879 607 1933 ὅσα
633 1882 747 1951 πράττει
764 1881 835 1933 κατὰ
855 1882 949 1951 φύσιν.
978 1910 1012 1919 -
1040 1883 1100 1935 ἐπεὶ
1120 1879 1168 1935 οὗν
1186 1903 1282 1937 κοινω-

76 1981 77 1984 ’
164 1976 224 2024 νεῖν
243 1970 376 2024 ἀδυνατεῖ
394 1979 445 2022 τοῦ
462 1969 505 2022 ἀεὶ
522 1973 569 2022 καὶ
588 1978 639 2022 τοῦ
656 1973 737 2022 θείου
761 1971 793 2040 τῇ
813 1972 954 2038 συνεχείᾳ,
983 1968 1032 2022 διὰ
1051 1971 1083 2023 τὸ
1099 1970 1189 2042 μηδὲν
1206 1972 1282 2026 ε’νάέ·

161 2065 268 2130 χεσθαι
287 2068 343 2112 τῶν
361 2064 496 2130 φθαρτῶν
515 2059 600 2112 ταύτὸ
617 2059 664 2110 καὶ
683 2055 713 2109 ἓν
732 2057 843 2128 ἀριθμῷ
862 2056 1011 2128 διαμένειν,
1031 2044 1048 2130 η’
1066 2059 1186 2112 δύναται
1203 2064 1282 2130 μετέ-

161 2166 226 2217 χειν
244 2145 361 2200 ἕκαστον
378 2152 503 2200 κοινωνεῖ
520 2147 613 2218 ταύτη,
633 2146 665 2198 τὸ
682 2145 736 2216 μὲν
753 2147 861 2217 μᾶλλον
880 2146 912 2198 τὸ
930 2141 959 2198 δ’
977 2140 1070 2212 ἧττον·
1091 2150 1138 2200 καὶ
1157 2146 1283 2219 διαμένει

166 2238 216 2289 οὐκ
235 2236 303 2288 αὐτὸ
321 2231 382 2287 ἀλλ’
400 2228 459 2288 οἷον
478 2235 553 2299 αὐτό,
574 2235 685 2305 ἀριθμῷ
698 2233 752 2304 μὲν
770 2233 822 2302 οὐχ
836 2232 872 2296 ἕν,
892 2232 959 2286 elien
974 2229 1004 2286 δ’
1021 2232 1057 2286 ἕν.
1076 2261 1112 2272 -
1129 2233 1282 2305 Ubicunque

164 2339 226 2376 vero
243 2322 396 2376 intellectus
414 2321 442 2375 in
460 2321 547 2376 anima
565 2320 777 2390 deprehanditur,
801 2320 839 2372 ibi
857 2322 885 2373 at
902 2320 959 2390 ipsa
978 2320 1042 2374 dens
1061 2323 1187 2392 tanquam
1205 2339 1283 2377 causa

163 2411 250 2482 prima
268 2413 297 2465 et
314 2427 394 2479 agens
412 2410 502 2464 adessa
520 2409 655 2480 putandus
673 2411 724 2475 est,
744 2407 775 2462 ui.
794 2407 856 2462 Eth.
875 2407 942 2462 End.
960 2407 1012 2461 VII
1031 2409 1073 2464 14.
1094 2409 1184 2464 12482
1198 2411 1233 2466 24
1252 2415 1283 2466 τὸ

165 2502 198 2556 δὲ
218 2503 383 2572 ζητούμενον
400 2495 476 2552 τοῦτ’
494 2501 561 2562 ἐστὶ,
587 2502 629 2558 τίς
646 2499 662 2563 ἡ
680 2506 726 2564 τῆς
743 2498 871 2562 κινήσεως
890 2497 960 2566 ἀρχὴ
978 2499 1007 2550 έν
1024 2501 1057 2570 τῇ
1076 2503 1161 2570 ψυχῇ.
1199 2499 1284 2567 δῆλον

165 2591 209 2658 δή,
230 2589 322 2660 ὥσπερ
340 2591 369 2643 έν
388 2591 425 2657 τῷ
444 2588 496 2656 ὅλῳ
514 2587 585 2650 θεός,
604 2590 651 2639 καὶ
670 2595 729 2638 πᾶν
746 2587 844 2652 ἐκείνῳ.
881 2590 951 2638 κινεῖ
973 2587 1028 2658 γάρ
1052 2605 1110 2646 πως
1134 2589 1227 2640 πάντα
1252 2590 1283 2642 τὸ

165 2681 196 2734 έν
214 2681 281 2751 ἡμῖν
298 2683 386 2743 θεῖον,
412 2678 498 2745 λόγου
516 2675 548 2729 δὲ
567 2675 638 2745 ἀρχὴ
656 2675 689 2727 οὐ
706 2675 799 2742 λόγος,
823 2674 893 2726 ἀλλά
918 2693 945 2726 τι
963 2679 1093 2744 κρεῖττον.
1129 2680 1158 2728 τί
1181 2671 1231 2752 οὖν
1249 2679 1284 2730 liv

166 2773 292 2840 κρεῖττον
309 2769 355 2819 καὶ
374 2765 526 2837 ἐπιστήμης
544 2767 585 2829 είη
604 2763 686 2816 που1
706 2763 777 2828 πλὴν
794 2761 875 2827 θεός,·
894 2759 932 2815 cf.
951 2766 995 2814 a?
1009 2761 1070 2816 337.
1089 2791 1123 2802 -
1142 2762 1284 2832 Propterea

165 2859 199 2910 τὸ
216 2865 312 2910 κινουν
330 2856 459 2920 ἀκίνητον
475 2851 556 2904 etiam
574 2851 608 2904 ad
626 2849 744 2918 singulae
764 2849 897 2902 doctrinas
915 2849 1028 2902 refertur
1053 2849 1124 2903 velut
1142 2850 1176 2904 ad
1199 2853 1284 2906 artem

164 2942 302 3008 modendi,
329 2942 369 2995 Da
388 2939 451 2996 Gen.
478 2942 506 2994 at
524 2938 596 2994 Com.
620 2937 677 2991 17.
702 2938 776 2992 3242
794 2938 837 2992 30.
880 2936 1051 3007 Praecipuum
1074 2953 1134 2992 vero
1158 2941 1187 2992 et
1209 2941 1283 2995 velut

165 3049 244 3087 sunm
271 3031 357 3084 locum
383 3029 466 3082 habet
491 3027 520 3080 In
547 3027 631 3092 aeolo,
658 3026 738 3094 Phya.
756 3025 822 3078 VIII
840 3027 883 3080 10.
902 3024 1009 3081 26le
1037 3029 1142 3097 ἀνάγκη
1168 3028 1203 3095 δὴ
1221 3033 1237 3095 ἢ
1255 3032 1306 3096 ἐνΙ

163 3126 244 3195 μέσῳ
263 3123 279 3185 ἢ
297 3121 327 3172 έν
344 3119 430 3185 κύκλῳ
449 3116 533 3170 εῖναι·
572 3107 654 3168 αὗται
672 3116 727 3186 γὰρ
752 3117 783 3167 αἱ
806 3116 897 3187 ἀρχαί.
935 3116 1004 3168 ἀλλὰ
1027 3119 1146 3186 τάχιστα
1170 3123 1285 3172 κινεῖται

166 3211 201 3264 τά
221 3209 361 3278 ἐγγύτατα
380 3216 430 3259 τοῦ
447 3215 595 3264 κινοῦντος.
633 3205 746 3269 τοιαύτη
771 3197 802 3256 δ’
819 3204 835 3270 ἠ
854 3213 905 3256 τοῦ
923 3203 987 3256 ὅλου
1005 3209 1121 3271 κίνησις·
1159 3207 1215 3260 ἐκεῖ
1231 3211 1284 3279 ίλρα

165 3299 199 3351 τὸ
222 3305 324 3350 κινοῦν.
360 3293 400 3347 Do
419 3292 495 3348 Caelo
513 3293 527 3345 I
546 3293 570 3346 9.
597 3289 668 3345 278¹>
689 3290 723 3344 14
748 3293 887 3364 εἰώθαμεν
911 3293 965 3364 γάρ
984 3294 1015 3346 τὸ
1039 3293 1160 3363 ἔσχατον
1183 3297 1230 3346 καλ
1254 3297 1285 3348 τὸ

166 3389 224 3438 ἄνω
241 3386 365 3455 μάλιστα
383 3385 475 3436 καλεῖν
494 3381 622 3452 οὐρανόν,
648 3382 678 3434 έν
696 3367 718 3448 ᾧ
735 3383 782 3432 καλ
801 3381 832 3433 τὸ
850 3385 930 3433 θεῖον
948 3390 1006 3433 πᾶν
1031 3380 1167 3452 ἱδρῦσθαί
1184 3400 1284 3453 φαμεν.

165 3473 232 3542 Inde
250 3471 321 3525 Sext.
339 3470 432 3539 Pyrrh.
450 3469 492 3522 111
510 3469 563 3522 218
581 3485 606 3538 p.
627 3467 711 3522 172ss
745 3464 932 3540 Ἀριστοτέλης
955 3468 1009 3538 μὲν
1033 3469 1184 3540 ἀσώματον
1208 3469 1285 3524 εἶπεν

166 3563 239 3616 εῖναι
258 3563 307 3614 τὸν
329 3561 397 3614 θεὸν
419 3561 467 3612 καὶ
491 3561 577 3630 πέρας
601 3567 651 3610 τοῦ
676 3559 800 3630 οὐρανοῦ.
837 3554 875 3610 cf.
893 3555 978 3610 Math.
996 3555 1022 3609 X
1040 3556 1075 3610 33
1099 3573 1124 3625 p.
1146 3555 1198 3611 483
1207 3556 1239 3611 Β.
1258 3559 1286 3610 at

165 3648 291 3703 212332.

113 3860 157 3902 ⁸24
235 3843 313 3907 Met.
335 3841 399 3906 XII
423 3851 452 3907 7.
484 3837 588 3906 107212
613 3849 664 3905 lb.
711 3838 863 3925 Διαγωγὴ
887 3826 920 3902 δ’
948 3833 1035 3902 ἐστὶν
1070 3833 1131 3922 (τῷ
1160 3835 1282 3923 πρώτῳ
1311 3843 1350 3886 (10¹
1363 3838 1483 3883 bertranna

165 3947 321 4031 mmm)
356 3947 411 4012 οἵα
439 3942 597 4034 ἡάρίσῖίλ
626 3945 744 4031 μικρὸν
770 3943 882 4031 prvov
909 3943 993 4031 ἡμῖν.
1039 3942 1122 4008 οὕτω
1149 3942 1211 4027 γὰρ
1234 3939 1286 4008 ἀεὶ
1356 3894 1442 3937 Mt*

114 4123 117 4130 ,
166 4054 271 4122 έκεῖνο
302 4053 390 4140 (ἡμῖν
418 4050 560 4139 μὲνγὰρ
585 4049 770 4134 ἀδύνατον),
806 4045 881 4115 ἐπεί
903 4046 960 4114 καὶ
984 4047 1079 4136 ἡδονὴ
1101 4046 1121 4133 ἡ
1144 4041 1285 4133 ἐνέργεια

165 4159 317 4227 reiron*
363 4155 421 4223 καὶ
445 4157 500 4222 διὰ
523 4167 619 4222 τοῦτο
643 4153 827 4244 ἐγρήγορσις
843 4149 1000 4242 αἴσθησις
1022 4150 1131 4238 νόησις
1146 4150 1286 4238 ἥδιστον,

240 4388 269 4454 1)
287 4391 328 4455 εἴη
347 4405 404 4440 που
420 4391 478 4439 BP:
497 4389 571 4440 εἴποι
589 4383 659 4437 libri.
