3148 4984
153 3141 247 3182 nundus

120 3193 272 3247 intelligibilis

119 3795 274 3848 principiorum

144 3859 238 3892 conexus

299 319 354 384 530
767 323 956 393 Neoplatonici.

300 487 383 549 νοεῖν
411 482 463 548 ότι
496 487 570 563 νοεῖ,
601 474 677 547 ἀλλ’
696 480 751 548 οὖν
771 481 834 566 μία
858 483 1028 570 προσβολὴ
1052 479 1110 548 οὐκ
1133 480 1334 572 ἀναίσθητος
1357 495 1421 548 τῶν

300 589 522 678 ἐνεργημάτων
538 585 669 676 ἑαυτῆς·
693 590 818 676 γελοῖον
842 591 903 676 γάρ
921 587 979 654 ἐπὶ
994 599 1053 654 τοῦ
1075 588 1237 677 ἀληθινοῦ
1255 599 1310 654 νοῦ
1324 599 1420 654 τοῦτο

300 695 556 780 ὑπολαμβάνειν,
588 695 671 760 άλλά
695 695 828 774 πόντιος
851 720 885 782 γε
909 695 926 760 ά
950 693 1047 774 αὐτὸς
1070 691 1164 761 ἔσται
1184 696 1298 782 (τηῖ)1
1318 695 1421 782 ὅσπερ

300 802 408 870 ἐνόει2
439 802 457 868 ὁ
487 815 568 868 νοῶν
591 802 641 868 ὅτι
665 806 739 868 νοεῖ.
771 841 813 850 -
843 803 899 870 τὸν
921 801 958 868 δὲ
981 802 1074 887 λόγον
1097 790 1199 868 ὅντιν’
1217 801 1256 868 όν
1278 826 1329 880 τις
1352 801 1421 867 ἀπὸ

300 920 357 976 τοῦ
379 920 435 975 νοῦ·
457 909 549 996 ποιῇ,
573 900 645 974 εἶτα
669 907 738 974 άπὸ
753 909 868 974 τοάτον
884 906 1034 996 γίνεσθαι
1059 908 1093 975 ἐν
1116 907 1208 998 ψυχῇ
1230 907 1330 974 άλλον
1352 896 1418 973 ἀπ’

301 1014 401 1081 αὐτοῦ
422 1025 480 1080 τοῦ
502 1015 612 1100 λόγου,
642 1015 697 1079 ἵνα
719 1014 842 1097 μεταξὺ
865 1027 971 1103 ηωχης
993 1013 1051 1081 καί
1073 1025 1129 1080 νοῦ
1149 1001 1173 1103 ᾗ
1195 1009 1303 1094 οὗτος,
1333 1013 1421 1079 άπο-

300 1123 444 1211 στερήσει
473 1123 531 1209 τὴν
561 1123 667 1208 ψυχὴν
696 1131 755 1186 τοῦ
777 1125 886 1186 νοεῖνῑ.
911 1159 955 1171 -
979 1132 1008 1187 2.
1033 1120 1070 1187 od
1092 1119 1199 1187 τοίνυν
1221 1119 1293 1187 odra
1316 1118 1421 1186 πλείω

299 1229 422 1294 τούτων
452 1225 524 1294 οἴτε
553 1225 703 1306 ἐπινοίας
733 1229 893 1316 περιττὰς
922 1227 956 1294 ἐν
984 1225 1121 1307 ἐκείνοις
1151 1225 1189 1306 ἃς
1213 1227 1249 1294 οὐ
1272 1227 1420 1310 δέχονται

299 1334 431 1416 θετέον,
462 1323 539 1400 ἀλλ’
557 1333 613 1400 ἕνα
643 1345 715 1400 νοῦν
744 1336 800 1400 τὸν
829 1333 927 1402 αὐτὸν
956 1336 1112 1414 ὡσαύτως
1141 1331 1269 1418 directa,
1305 1334 1421 1423 οάιλινη

300 1442 461 1530 πανταχῇ,
492 1442 689 1525 μιμούμενον
712 1443 767 1508 τόν
791 1439 922 1529 πατέρα
946 1432 1034 1508 καθ’
1053 1442 1127 1508 ὅσον
1151 1432 1277 1508 οἷόντε
1301 1440 1419 1528 edepl.

372 1614 400 1656 a.
419 1601 477 1654 Hcc
501 1619 530 1654 eo
554 1602 671 1672 pertinet
695 1601 765 1672 qued
784 1601 898 1656 animam
923 1618 980 1655 esse
999 1602 1098 1655 statuit
1116 1605 1201 1672 λόγον
1219 1618 1239 1654 s.
1258 1601 1343 1654 ideam
1363 1611 1427 1666 νοῦ,

300 1688 367 1742 Eun.
385 1687 425 1742 III
444 1689 470 1756 2,
489 1689 506 1742 2
525 1692 629 1764 τὸγὰρ
648 1693 786 1766 ἀπορρέον
804 1693 832 1746 ἐκ
851 1701 901 1743 νοῦ
919 1692 1006 1760 λόγος.
1044 1690 1083 1744 lb.
1099 1691 1124 1757 6,
1140 1691 1173 1744 18
1193 1693 1208 1758 ἡ
1226 1696 1280 1762 μέν
1298 1710 1330 1761 γε
1346 1693 1422 1762 ψυχὴ

301 1780 335 1830 τά
356 1788 409 1832 των
428 1781 513 1832 όντων
531 1780 591 1846 είόη
610 1780 713 1850 ἔχουσα
733 1779 807 1840 εἲιλος
826 1776 896 1834 οὖσα
915 1784 961 1834 καὶ
982 1782 1049 1846 αὐτὴ
1069 1783 1142 1853 ὁμοῦ
1155 1783 1248 1833 πάντα
1267 1782 1329 1850 ἔχει.
1360 1777 1422 1844 Qui-

300 1868 351 1920 bus
371 1867 393 1920 si
411 1867 498 1920 anima
516 1868 624 1937 ponitur
642 1885 699 1922 esse
718 1885 770 1921 una
788 1869 859 1921 inter
876 1869 976 1922 multas
989 1869 1062 1922 ideas
1075 1869 1237 1936 intellectus,
1256 1867 1362 1921 difficile
1379 1870 1423 1920 est

302 1957 428 2026 dispicere
452 1973 571 2024 causam,
596 1974 643 2010 cur
665 1974 743 2010 unam
768 1957 950 2010 tantummode
968 1958 1059 2010 mundi
1078 1958 1191 2010 animam
1209 1974 1266 2011 esse
1285 1957 1421 2010 statuerit

301 2045 350 2098 Sed
369 2045 441 2099 vides
460 2063 518 2100 eum
537 2063 588 2100 non
607 2049 663 2098 tam
681 2046 714 2099 iis
729 2045 860 2098 adversari
879 2046 924 2116 qui
939 2045 1102 2100 substantias
1116 2046 1329 2118 multiplicabant
1343 2062 1422 2115 quam

299 2135 333 2188 iis
352 2134 397 2204 qui
416 2135 630 2204 multiplicabant
648 2134 746 2204 gradm
771 2134 799 2186 in
818 2134 916 2188 mundo
934 2134 1098 2204 intelligibili
1116 2135 1143 2188 h.
1163 2152 1184 2188 e.
1205 2132 1352 2201 Gnosticis,
1378 2134 1422 2187 ad·

300 2239 391 2276 versus
410 2239 475 2294 quos
495 2223 615 2293 disputat
633 2225 690 2276 teto
708 2223 776 2276 libro
794 2239 862 2275 nono
880 2222 1012 2276 Enneadis
1031 2223 1166 2276 secundae.

371 2345 401 2400 b.
421 2345 496 2400 Unus
520 2346 566 2398 ille
589 2347 740 2400 intellectus
765 2363 823 2399 cum
849 2347 887 2400 sit
909 2347 1011 2400 tamid
1036 2347 1106 2416 quod
1130 2345 1265 2414 intellegit
1290 2361 1369 2414 qnam
1394 2344 1423 2398 id

301 2434 370 2503 quod
384 2433 549 2502 intellegitur
562 2438 615 2501 (ΒΡ
630 2435 720 2501 512ο),
740 2435 860 2504 sequitur
878 2438 910 2488 ut
928 2435 1013 2488 omnia
1031 2433 1210 2503 intelligibilia
1228 2450 1258 2486 ea
1270 2433 1423 2488 continean-

301 2526 346 2576 tur
364 2523 390 2576 h.
409 2539 431 2576 e
451 2523 537 2590 ideae,
563 2541 628 2593 quas
648 2540 707 2576 curn
726 2523 836 2576 Platone
856 2523 934 2588 dicit;
958 2523 1004 2576 sed
1023 2523 1057 2576 ed
1075 2522 1194 2576 Philonis
1212 2521 1296 2590 magis
1314 2521 1422 2574 medum

301 2615 427 2681 tanquam
445 2614 592 2681 potestates
611 2612 804 2665 intellectuales
823 2628 880 2665 esse
898 2612 985 2682 ponit:
1003 2611 1070 2665 Eun.
1090 2611 1115 2661 V
1128 2612 1153 2677 9,
1172 2610 1189 2664 8
1209 2612 1260 2680 οὐχ
1278 2611 1357 2684 ἑτέρα
1372 2620 1424 2664 τοῦ

300 2711 351 2754 νοῦ
368 2701 469 2768 ἑκάστη
489 2701 558 2766 idea,
579 2697 639 2753 ἀλλ’
656 2701 756 2767 ἑκάστη
770 2711 839 2762 νοῦς.
858 2705 905 2756 καὶ
925 2701 986 2761 ὅλος
1003 2701 1057 2772 μὲν
1076 2703 1092 2752 ὁ
1110 2710 1174 2760 νοῦς
1192 2701 1226 2752 τά
1246 2701 1338 2752 πάντα
1353 2699 1421 2766 εἴδη,

301 2791 417 2843 ἕκαστον
442 2789 473 2842 dl
499 2789 574 2849 εἶόος
598 2799 662 2849 νοῦς
687 2789 814 2855 ἕκαστος,
840 2792 874 2850 ὡς
893 2791 909 2856 ἡ
928 2790 975 2855 ὅλη
995 2790 1134 2861 ἐπιστήμη
1153 2790 1187 2842 τὰ
1206 2791 1301 2840 πάντα
1318 2788 1422 2858 θεωρή-

299 2899 385 2950 ματα.
413 2875 451 2930 IV
469 2877 531 2942 8,3
557 2881 636 2938 όντος
660 2883 755 2930 τοίνυν
779 2879 884 2938 παντὸς
908 2889 959 2931 νοῦ
977 2879 1007 2932 ἐν
1025 2881 1062 2946 τῷ
1081 2887 1127 2944 τῆς
1145 2879 1263 2944 νοήσεως
1282 2878 1359 2944 τόσην
1379 2905 1421 2941 -,

301 2971 388 3018 άντων
413 2965 444 3019 δὲ
470 2970 516 3018 καὶ
541 2977 595 3018 τῶν
619 2967 649 3018 ἐν
672 2968 760 3035 τούτῳ
780 2971 982 3038 περιεχομένων
1000 2975 1102 3037 νοερῶν
1120 2965 1268 3038 δυνάμεων
1285 2969 1332 3019 καὶ
1351 2967 1423 3018 νόων

301 3065 355 3107 τῶν
372 3049 441 3108 καθ’
458 3054 572 3107 ἕκαστα·
602 3056 634 3106 οὐ
653 3055 707 3126 γάρ
726 3049 764 3115 εἷς
783 3064 847 3115 νοῦς
864 3057 958 3126 μόνος,
978 3051 1040 3108 ἀλλ’
1058 3048 1096 3114 εἷς
1113 3057 1159 3106 καὶ
1178 3055 1289 3108 πολλοί
1318 3055 1422 3113 πολλάς

302 3142 359 3196 ἔδει
381 3145 428 3196 καὶ
453 3143 546 3213 ψυχάς
568 3146 616 3195 καὶ
637 3148 709 3214 μίαν
727 3143 806 3196 εἶναι.
842 3141 907 3196 Inde
925 3141 1038 3196 efficitur
1055 3145 1087 3195 ut
1106 3141 1143 3194 sit
1165 3141 1279 3196 mundus
1297 3141 1422 3209 intelligi-

300 3231 370 3297 bilis,
390 3246 479 3284 omnes
497 3230 570 3284 ideas
589 3247 758 3300 eorumquae
776 3233 804 3284 in
818 3231 915 3284 mundo
929 3230 1048 3284 sensibili
1061 3230 1194 3284 exsistunt
1211 3230 1252 3284 itu
1265 3230 1421 3300 complexus,

302 3323 333 3373 ut
358 3320 414 3374 sint
438 3321 616 3373 consummate
640 3320 751 3389 pulchra
773 3323 853 3390 etque
877 3320 992 3390 perfecta
1016 3322 1045 3372 et
1067 3335 1095 3372 re
1118 3335 1179 3372 vera
1203 3335 1296 3372 unum:
1315 3318 1340 3370 V
1358 3319 1382 3384 9,
1404 3318 1421 3372 9

300 3411 409 3481 κόσμου
428 3409 463 3476 δὴ
481 3408 562 3462 τοῦδε
583 3412 660 3468 όντος
675 3404 743 3478 ζῴου
762 3419 931 3479 περιεκτικοῦ
949 3405 1021 3478 ζῴων
1036 3411 1168 3462 ἁπάντων
1185 3413 1232 3462 κοιλ
1251 3403 1319 3479 παρ’
1338 3409 1422 3460 ἄλλον

301 3500 412 3568 ἔχοντος
436 3499 467 3551 τὸ
492 3497 562 3552 εἶναι
585 3501 632 3549 καὶ
656 3497 754 3566 τοιῷδε
779 3498 864 3562 εἶναι,
894 3494 963 3569 παρ’
982 3490 1015 3551 οὗ
1033 3498 1067 3552 δέ
1084 3499 1159 3552 ἔστιν
1177 3501 1215 3557 εἰς
1234 3507 1301 3550 νοῦν
1319 3498 1421 3565 ἀναγο-

299 3591 395 3658 μένου,
415 3588 568 3656 ἀναγκαῖον
586 3590 632 3639 καὶ
651 3589 681 3640 ἐν
699 3589 737 3655 νῷ
756 3588 788 3638 τὸ
807 3588 963 3660 ἀρχέτυπον
976 3597 1035 3640 πᾶν
1053 3587 1124 3640 εἶναι
1142 3589 1188 3639 καὶ
1202 3587 1310 3658 κόσμον
1323 3587 1423 3652 νοητὸν

301 3685 400 3728 τοῦτον
418 3677 466 3728 τὸν
484 3685 550 3728 νοῦν
568 3675 645 3729 είναι.
683 3673 721 3728 Cf.
740 3673 806 3728 Eun.
826 3675 850 3728 V
868 3676 894 3742 8,
912 3675 939 3728 4.
958 3676 1039 3744 9sq.;
1058 3673 1122 3740 V9,
1141 3673 1176 3728 10
1186 3689 1237 3742 sq.;
1256 3673 1294 3726 VI
1313 3673 1338 3740 7,
1353 3674 1420 3743 98η.

374 3811 397 3852 c.
417 3798 599 3867 Intelligibilia
617 3798 749 3852 artissime
767 3813 863 3851 conexa
880 3813 937 3852 esee
955 3798 1040 3852 etita
1058 3799 1208 3867 comparata
1226 3796 1364 3850 statuebat
1381 3798 1421 3864 ut,

302 3904 361 3942 cum
379 3887 466 3940 anima
491 3904 522 3942 ex
540 3887 678 3942 intellectu
696 3887 835 3957 penderet,
859 3887 902 3942 his
920 3887 1021 3942 duobus
1039 3885 1174 3958 principiis
1198 3885 1421 3940 intercedentibus

301 3976 387 4030 omnia
411 3993 427 4028 a
451 3977 536 4046 prime
561 3993 688 4046 suspensa
712 3979 807 4030 essent.
851 3977 1006 4032 Intellectus
1030 3977 1118 4030 autem
1143 3991 1172 4028 ee
1194 3974 1347 4028 intellectus
1371 3975 1420 4039 est,

301 4064 370 4136 quod
389 4065 510 4118 intuetur
527 4064 631 4118 Unum:
649 4064 715 4119 Enn.
734 4064 759 4116 V
774 4066 797 4132 1,
818 4065 833 4119 7
854 4066 945 4119 εἰκόνα
965 4065 996 4119 δὲ
1015 4066 1121 4119 ἐκείνου
1138 4065 1199 4132 (τοῦ
1216 4063 1286 4128 ἑνὸς)
1304 4065 1421 4136 λέγομεν

301 4153 371 4206 εἶναι
390 4155 438 4206 τόν
457 4163 530 4208 νοῦν.
550 4182 583 4192 -
604 4150 665 4206 ἀλλ’
685 4156 718 4206 οὐ
736 4164 800 4214 νοῦς
818 4155 909 4208 ἐκεῖνο.
939 4165 997 4214 πῶς
1018 4150 1067 4208 οὖν
1085 4163 1151 4206 νοῦν
1169 4155 1266 4222 γεννᾷ;
1292 4152 1371 4218 ἦότι
1389 4152 1420 4223 τῇ

301 4243 457 4315 ἐπιστροφῇ
476 4245 545 4314 πρὸς
564 4245 632 4295 αὐτὸ
650 4242 729 4316 ἑώρα,
749 4245 764 4309 ἡ
783 4242 815 4296 δὲ
834 4243 930 4316 ὅρασις
949 4245 1016 4310 αὕτη
1034 4253 1105 4303 νοῦς.
1141 4240 1239 4294 Anima
1256 4243 1299 4293 est
1317 4239 1420 4309 duplex,

373 4433 399 4499 1)
419 4439 455 4504 τῷ
474 4435 534 4489 edd.
553 4434 640 4504 Heigl.
660 4465 693 4476 -
714 4436 741 4502 2)
760 4438 829 4492 ἐνόει
847 4437 925 4491 libri:
943 4444 1001 4492 νοεῖ
1017 4435 1121 4491 Mulier.
