3156 4988
308 363 362 426 35⁴1
783 363 949 420 Aristo'oeles.

309 533 393 580 νωνία
420 531 466 579 καὶ
491 532 551 586 ταῖς
571 531 669 586 οἰκίαις
692 530 739 578 καὶ
759 532 816 587 τοῖς
834 531 933 595 γένεσι,
954 528 1018 592 ζωῆς
1037 529 1141 586 τελείας
1156 529 1243 598 χάριν
1260 530 1307 580 καὶ
1327 526 1423 598 αὐτάρ-

309 635 379 674 κους.
399 614 449 666 VH
462 615 487 668 8.
504 614 593 668 1328ιι
612 614 647 668 35
666 617 681 680 ἡ
700 615 731 668 δὲ
751 616 830 675 πόλις
848 619 978 668 κοινωνία
997 621 1038 674 τίς
1056 617 1115 668 ἐστι
1135 625 1188 668 τῶν
1208 617 1321 686 ὁμοίων,
1341 613 1423 667 ἕνεκεν

310 703 341 758 δὲ
361 706 425 770 ζωῆς
443 712 489 769 τῆς
507 703 688 774 ἐνδεχομένης
707 705 826 777 ἀρίστης.

138 934 283 1040 mffig„
377 933 443 998 Pol.
467 933 533 997 VII
555 941 584 998 4.
611 931 716 1000 1325b
741 943 792 1000 37.
843 931 888 1000 Οὐ
912 935 972 1020 γάρ
996 921 1063 998 οἷόν
1091 957 1126 998 τε
1149 929 1320 998 πολιτείαν
1343 929 1487 1016 γενέ-ται

139 1041 284 1083 ‹una-menta
310 1045 395 1104 σθαι
418 1041 475 1126 τὴν
499 1036 632 1127 άρίστην
662 1039 735 1104 άνευ
758 1037 942 1126 συμμέτρου
963 1035 1124 1126 χορηγίας.
1171 1039 1224 1104 διὸ
1246 1039 1296 1104 δεῖ
1319 1038 1422 1103 πολλὰ

309 1149 622 1231 προϋποτεθεῖσθαι
652 1144 808 1230 καθάπερ
839 1144 1038 1228 εὐχομένους,
1079 1136 1162 1209 εἶναι
1185 1142 1297 1227 μέντοι
1321 1142 1422 1232 μηθὲν

309 1251 436 1315 ταύτων
465 1250 630 1315 άδύνατον.
678 1250 760 1336 λέγω
790 1249 827 1316 δὲ
857 1241 925 1316 οἷον
948 1250 1025 1336 περὶ
1048 1273 1083 1316 τε
1107 1251 1260 1338 πλήθους
1283 1251 1424 1315 πολιτῶν

310 1355 367 1422 καὶ
389 1357 505 1443 χώρας.
553 1359 663 1443 ὥσπερ
694 1359 754 1443 γάρ
785 1355 841 1421 καὶ
871 1361 940 1434 τοῖς
974 1356 1086 1433 άλλως
1120 1357 1329 1444 δημιουργοῖς
1363 1347 1424 1420 οἷον

311 1463 433 1550 ὑφάντῃ
456 1461 514 1527 καὶ
538 1464 694 1551 ναυπηγῷ
718 1464 766 1528 δεῖ
789 1465 846 1551 τὴν
862 1463 938 1552 ὑλην
954 1463 1110 1550 ὑπάρχειν
1125 1459 1316 1550 ἐπιτηδείαν
1333 1459 1425 1527 οὖσαν

311 1570 395 1654 πρὸς
411 1571 468 1656 την
484 1566 645 1655 ἐργασίαν,
672 1607 712 1617 -
737 1568 900 1635 οὕτωκαὶ
924 1569 970 1656 τη]
994 1569 1157 1656 πολιτικηῖ
1181 1569 1238 1634 καί
1262 1570 1311 1655 τηῖ
1333 1593 1425 1652 νομο-

311 1673 395 1761 θέτγγ
418 1675 466 1739 δεῖ
488 1677 545 1762 τὴν
569 1671 691 1740 οἰκείαν
705 1676 782 1764 ὕλην
798 1675 953 1762 ὑπάρχειν
968 1674 1162 1763 ἐπιτηδείως
1177 1671 1320 1756 ἔχουσαν.
1360 1671 1426 1738 ἔστι

312 1779 348 1846 δὲ
372 1781 543 1866 πολιτικης
565 1779 717 1869 χορηγίας
740 1795 871 1867 πρῶτον
893 1781 931 1848 τό
954 1806 990 1847 τε
1005 1782 1138 1870 πλῆθος
1153 1795 1217 1845 τῶν
1232 1780 1425 1867 ἀνθρώπων,

312 1885 434 1964 πόσους
463 1909 498 1952 τε
528 1886 584 1952 καί
615 1884 729 1964 ποίους
759 1889 849 1964 τινάς
880 1887 1035 1974 ὑπάρχειν
1057 1888 1108 1953 δεῖ
1130 1887 1240 1974 φύσει,
1264 1885 1428 1951 καὶκατὰ

312 1995 369 2082 τίγν
389 1994 496 2079 χώραν
520 1993 688 2072 ὡσαύτως,
720 1993 854 2082 πόσην1
878 2018 912 2059 τε
935 1986 1018 2058 εἶναι
1049 1992 1106 2058 καί
1130 1990 1231 2058 ποίαν
1254 1994 1327 2057 τινὰ
1351 1991 1427 2057 ταύ-

311 2124 377 2188 την.
404 2138 445 2146 -
470 2098 506 2164 οὐ
530 2101 590 2188 γὰρ
614 2098 731 2164 ταύτδν
752 2100 875 2188 μεγάλη
899 2124 934 2166 τε
957 2100 1056 2177 πόλις
1079 2098 1136 2164 καὶ
1153 2098 1426 2184 πολυάνθρωπος.

312 2205 395 2271 άλλά
425 2207 488 2293 μὴν
517 2204 574 2269 καὶ
597 2205 692 2270 τοῦτό
715 2229 749 2290 γε
772 2204 809 2270 ἐκ
837 2219 901 2270 τῶν
923 2201 1023 2290 ἔργων
1045 2205 1183 2292 φανερὸν
1205 2205 1256 2268 ὅτι
1277 2203 1428 2284 χαλεπόν,

312 2309 392 2389 ἴσως
415 2301 449 2375 δ’
468 2310 639 2391 άδύνατον,
670 2311 881 2394 εὐνομεῖσθαι
911 2313 968 2400 τὴν
991 2309 1064 2375 λίαν
1087 2311 1364 2397 πολυάνθρωπον.
1388 2345 1427 2355 -

313 2417 388 2483 ὅτε
411 2419 470 2504 γάρ
494 2417 591 2498 νόμος
613 2416 707 2496 τάξις
730 2415 781 2495 τίς
804 2417 890 2496 ἐστι,
922 2415 979 2482 καὶ
1002 2419 1060 2505 τὴν
1083 2413 1232 2498 εὐνομίαν
1255 2415 1429 2502 ἀναγκαῖον

313 2520 463 2602 εὐταξίαν
485 2515 584 2603 εῖναι,
617 2522 694 2588 ὁδί
717 2521 790 2588 λίαν
812 2524 1025 2611 ὑπερβάλλων
1054 2523 1197 2609 άριθμδς
1226 2521 1263 2588 οὐ
1297 2523 1428 2586 δύναται

313 2629 455 2712 μετέχειν
478 2628 609 2707 τάξεως.
646 2666 686 2676 —-
726 2630 896 2696 13261’22
932 2630 1027 2717 δῆλον
1050 2626 1156 2696 τοίνυν
1179 2629 1223 2705 ὡς
1246 2623 1340 2706 οὑτός
1362 2624 1428 2694 ἔστι

313 2736 440 2812 πόλεως
464 2735 538 2822 ὅρος
561 2735 702 2822 ἰίριστος,
725 2737 745 2822 ἡ
766 2733 900 2824 μεγίστη
923 2747 981 2800 τοῦ
1003 2737 1155 2823 πλήθους
1170 2735 1333 2822 ὑπερβολὴ
1350 2735 1429 2820 πρὸς

314 2839 510 2925 αὐτάρκειαν
532 2840 615 2928 ζωῆς
637 2840 840 2919 εὐσύνοπτος.
867 2877 908 2888 -
931 2843 977 2906 Ib.
1003 2851 1031 2908 5.
1057 2838 1301 2928 παραπλησίως
1325 2838 1428 2905 δὲκαὶ

314 2948 356 3011 τά
380 2945 457 3033 περὶ
481 2957 537 3034 της
558 2948 666 3033 χώρας
689 2943 761 3028 ἔχει.

381 3123 427 3187 Ib.
454 3133 481 3188 7.
508 3123 611 3188 1327b
629 3133 668 3190 36
694 3125 833 3211 φανερὸν
848 3121 954 3190 τοίνυν
977 3123 1067 3211 (περὶ
1083 3135 1140 3189 τοῦ
1156 3123 1330 3188 πολιτικοῦ
1347 3121 1428 3208 πλή-

315 3229 410 3310 θους)
434 3227 485 3292 δτι
509 3228 558 3293 δεῖ
580 3229 804 3316 διανοητικούς
827 3253 862 3294 τε
884 3221 1040 3294 εἶναικαὶ
1058 3229 1241 3312 θυμοειδεῖς
1264 3229 1429 3318 τὴνφύσιν

316 3335 390 3411 τοὺς
419 3333 597 3417 μέλλοντας
626 3334 804 3421 εὐαγώγους
834 3333 971 3402 ἔσεσθαι
1001 3335 1048 3422 τῷ
1071 3334 1232 3424 νομοθέτῃ
1264 3337 1350 3423 πρὸς
1376 3336 1430 3421 τίγν

316 3442 438 3528 αρετήν.

171 3633 257 3676 civibus
382 3617 429 3682 Ib.
454 3627 482 3682 9.
508 3617 613 3684 1328b
637 3627 688 3684 33.
730 3607 822 3684 Ἐπεὶ
852 3618 888 3684 δὲ
917 3618 1108 3703 τυγχάνομεν
1137 3627 1336 3695 σκοποῦντες
1358 3613 1499 3702 περίυαε

131 3687 303 3740 qumagendum
320 3733 378 3809 τῆς
401 3719 535 3810 άρίστης
558 3721 737 3803 πολιτείας,
761 3725 841 3812 αὑτη
865 3713 897 3788 δ’
917 3723 987 3789 ἐστὶ
1002 3713 1090 3789 καθ>
1107 3722 1145 3812 ἣν
1167 3726 1188 3811 ὑ
1210 3724 1309 3802 πόλις
1332 3724 1370 3789 &r
1384 3717 1429 3810 εῖη

317 3817 456 3911 μάλιστ’
474 3826 644 3910 εὐδαίμων,
667 3831 724 3916 τὴν
748 3820 779 3893 δ’
798 3827 1004 3913 εὐδαιμονίαν
1027 3830 1079 3895 ότι
1100 3829 1198 3917 χωρίς
1221 3829 1335 3918 άρετῆς
1357 3829 1431 3894 άδύ-

318 3958 414 3999 νατον
436 3934 592 4020 ὑπάρχειν
614 3932 740 4024 εἴρηται
765 3936 936 4022 πρότερον,
965 3938 1103 4024 φανερὸν
1126 3935 1163 4002 ἐκ
1191 3927 1314 4000 τοότων
1338 3937 1380 4013 ὡς
1401 3933 1431 3999 ἐν

318 4039 359 4127 τῇ
382 4041 543 4106 κάλλιστα
566 4040 799 4129 πολιτευομένη
823 4027 920 4108 πόλει
942 4042 1000 4107 καὶ
1027 4041 1070 4131 τῇ
1093 4040 1267 4130 κεκτημένη
1290 4028 1453 4115 δικαίους

320 4145 439 4233 ὐίνδρας
462 4148 588 4226 ἁπλῶς,
613 4146 696 4211 άλλοῖ
718 4149 763 4235 με)
787 4149 871 4234 πρὸς
893 4150 951 4236 τὴν
966 4149 1156 4228 ὑπόθεσιν,
1180 4145 1253 4214 οὐτε
1275 4147 1430 4232 βάναυσον

319 4249 391 4335 βίον
421 4242 492 4317 οὐτ’
510 4251 664 4342 άγοραῖον
694 4255 743 4319 δεῖ
773 4253 828 4338 ζῆν
857 4255 932 4333 τοὺς
962 4253 1118 4334 πολίτας·
1165 4253 1294 4342 ἀγεννὴς
1329 4254 1386 4340 γάρ
1413 4247 1430 4312 δ

392 4467 418 4530 l)
437 4467 527 4532 πόσην
545 4465 672 4534 Sylburg:
692 4467 759 4534 ὅσην
776 4467 847 4521 libri.
