3130 4980
289 346 344 408 218
801 343 898 412 Cynici.

292 519 533 598 παραιτοῦνται
558 504 594 571 δὲ
619 503 733 570 καὶτὰ
749 503 901 589 ἐγκύκλια
916 502 1119 590 μαθήματα·
1143 499 1322 588 γράμματα
1338 507 1416 583 γοῦν

291 618 336 706 μὴ
364 613 543 700 μανθάνειν
574 608 715 700 ἔφασκεν
743 611 761 676 ὁ
786 599 998 697 Ἀντισθένης
1026 609 1101 686 τοὺς
1130 607 1301 696 σώφρονας
1324 627 1415 690 μενο-

291 721 413 807 μένους,
436 723 491 786 ἵνα
513 721 558 807 μὴ
583 715 832 807 διαστρέφοιντο
855 719 926 796 τοῖς
948 712 1158 802 ἀλλοτρίοις“.

363 861 391 901 α.
410 846 483 900 Haeo
501 848 529 898 et
548 861 614 914 quae
633 843 729 896 similia
746 843 872 911 leguntur
890 859 932 912 ep.
945 841 1022 910 Diog.
1041 840 1078 894 VI
1097 841 1130 894 ll
1150 839 1267 905 (nr218
1274 836 1309 901 A)
1326 836 1416 890 tiden-

292 939 338 990 tur
361 937 390 990 in
414 935 499 988 maius
525 937 604 988 aucta
623 949 694 998 osse,
719 932 753 986 ed
775 932 876 1002 priores
895 930 1004 998 Cynicos
1029 947 1045 983 α
1068 928 1259 1000 posterioribus
1283 925 1415 980 translato

292 1024 362 1095 quod
379 1024 408 1077 hi
427 1024 531 1076 demum
550 1039 612 1092 prae
632 1038 659 1074 se
677 1021 796 1074 ferebant
814 1021 965 1074 litterarum
983 1018 1097 1072 fastidio.
1134 1016 1308 1071 Antisthenes
1326 1015 1379 1068 etsi
1399 1031 1416 1066 a

292 1113 414 1170 Cieerone
432 1113 466 1166 ad
483 1111 543 1165 Att.
563 1110 615 1163 XII
633 1112 676 1178 38,
695 1110 714 1164 4
737 1110 835 1162 dieitur
853 1110 932 1164 ίιωαο
949 1113 1050 1162 ααιίιιε
1067 1107 1155 1176 ιιιαμῖε
1172 1122 1256 1176 qoam
1274 1103 1414 1171 ιναδῖίνε,

292 1206 382 1256 tamen
400 1202 511 1255 multam
530 1201 629 1254 litteris
648 1217 752 1271 operam
770 1199 883 1264 navavit,
903 1199 934 1253 of.
953 1204 996 1250 ΒΡ
1014 1197 1102 1251 214d.
1122 1197 1182 1250 220.
1202 1196 1263 1249 221.

78 1379 276 1420 summumionum
361 1363 451 1444 Diog.
479 1361 527 1425 VI
553 1370 625 1427 104.
669 1349 817 1447 Ἀρέσκει
847 1349 879 1424 δ’
906 1358 1017 1436 αὐτοῖς
1047 1361 1129 1442 (τοῖς
1152 1357 1318 1439 Κυνικοῖς)
1354 1353 1413 1420 καὶ
1424 1369 1498 1412 21⁷4

293 1467 385 1546 τέλος
407 1460 489 1534 εἶναι
513 1469 551 1533 τὸ
574 1456 645 1533 κατ’
671 1466 786 1555 ύρειὴν
809 1467 873 1554 ζὴν,
898 1467 942 1544 ὡς
960 1455 1171 1554 Ἀντισθένης
1194 1461 1294 1552 φησίν
1316 1461 1350 1528 ἓν
1365 1461 1414 1548 τῷ

293 1569 455 1662 Ἡρακλεῖ.
470 1611 514 1622 -
531 1585 559 1640 2.
583 1573 654 1639 Καὶ
677 1575 727 1639 δτι
751 1575 769 1640 ὁ
792 1575 893 1652 πόνος
916 1573 1043 1659 ἀγαθόν
1065 1571 1235 1660 σινέστησε
1258 1571 1288 1655 (ὁ
1307 1559 1412 1638 Ἀντι-

114 1697 268 1740 1⁵b⁰rb0num
295 1679 427 1769 σθένης)
452 1681 507 1746 διδ
530 1692 592 1746 τοῦ
613 1681 753 1766 μεγάλου
773 1671 972 1768 Ἡρακλέους
994 1679 1052 1746 καί
1074 1691 1131 1745 τοῦ
1154 1680 1272 1765 Κύρου,
1295 1675 1414 1760 τὸμὲν

294 1787 363 1854 ἀπὸ
393 1801 457 1853 τῶν
478 1777 633 1876 Ἑλλήνων
662 1789 700 1854 τό
729 1786 765 1852 δέ
796 1787 865 1853 ἀπὸ
895 1801 959 1852 τῶν
986 1787 1161 1874 βαρβάρων
1192 1782 1338 1862 ἑλκύσας.
1373 1822 1411 1831 -

296 1905 324 1962 3.
339 1883 451 1980 1Ἰίλεμὲ
472 1919 507 1960 τε
529 1893 669 1976 συνεχές·
693 1891 842 1982 Μανείην
864 1894 988 1977 μᾶλλον
1010 1896 1030 1982 ἢ
1053 1891 1214 1983 ἡσθείην“.

95 2086 181 2128 arven
195 2088 296 2141 voluptas
365 2074 451 2138 Stob.
478 2075 560 2138 Flos.
589 2083 647 2150 29,
681 2082 730 2138 65.
775 2061 1013 2150 Ἀντισθένους.
1064 2060 1202 2149 Ἡδονάς
1236 2074 1295 2150 τὰς
1328 2074 1412 2155 μετὰ
1422 2081 1494 2122 2¹⁷⁸

292 2181 367 2258 τοὺς
390 2180 509 2257 πόνους
532 2177 693 2260 διωκτέον,
717 2171 786 2244 ἀλλ’
813 2178 881 2261 ούηὶ
905 2181 965 2257 τοῖς
988 2180 1054 2267 πρὸ
1076 2191 1141 2243 τῶν
1163 2179 1280 2245 πόνων.

133 2372 265 2478 ηοοηηηηηηη
305 2462 314 2488 >
359 2359 450 2440 Diog.
481 2359 529 2422 VI
555 2369 604 2424 71.
657 2356 739 2424 Δέον
769 2354 822 2423 σίν
857 2354 974 2442 (έλεγεν
1001 2358 1019 2423 ό
1048 2355 1212 2445 Διογένης)
1247 2356 1318 2423 ἀντὶ
1348 2366 1494 2423 τῶν2170

293 2465 458 2552 αχρὴστων
480 2463 588 2530 πόνων
611 2466 685 2542 τούς
707 2466 793 2529 κατὰ
817 2465 913 2552 φύσιν
937 2460 1104 2547 ἑλομένους
1127 2464 1183 2552 ζὴν
1205 2462 1412 2547 εὐδαιμόνως,

294 2573 389 2659 παρὰ
412 2573 469 2660 τὴν
498 2570 611 2637 ι’ίνοιαν
634 2572 917 2654 κακοδαιμονοῦσι.
948 2570 1005 2636 καὶ
1030 2573 1090 2658 γὰρ
1114 2569 1194 2658 αύτὴ
1217 2583 1275 2658 τὴς
1298 2572 1413 2660 ἡδονὴς

292 2680 311 2766 ἡ
346 2678 590 2768 καταφρόνησις
623 2679 763 2766 ἡδυτάτη
799 2678 1099 2766 προμελετηθεῖσα,
1141 2677 1197 2743 καί
1233 2681 1345 2764 ὥσπερ
1380 2674 1411 2743 οἳ

292 2784 541 2864 συνεθισθέντες
576 2784 678 2872 ἡδέως
711 2785 767 2872 ζὴν
801 2784 907 2872 οίηδῶς
943 2783 1002 2850 ἐπὶ
1035 2781 1219 2850 τούναντίον
1251 2782 1410 2868 μετίασιν,
1452 2849 1455 2856 ,

292 2894 393 2970 ούτως
422 2889 454 2957 οὶ
482 2889 666 2959 τούναντίον
699 2890 898 2978 ἀσκηθέντες
930 2893 1021 2980 ἡδιον
1055 2891 1159 2957 αύτῶν
1192 2905 1256 2956 τῶν
1289 2893 1412 2979 ἡδονῶν

291 2998 560 3086 καταφρονοῦσιλ.

363 3137 391 3178 α.
416 3123 515 3176 Similia
546 3125 645 3194 placita
669 3125 777 3194 respicit
804 3125 880 3178 Plato
905 3126 1005 3179 Phileb.
1024 3126 1103 3192 440,
1132 3126 1178 3180 ubi
1201 3126 1321 3180 meminit
1348 3130 1412 3180 λίαν

292 3215 486 3285 μεμισηκότων
513 3216 561 3279 τὴν
589 3224 634 3282 τῆς
661 3215 760 3282 ἡδονῆς
789 3215 912 3287 δύναμιν
938 3220 984 3268 καὶ
1011 3219 1194 3288 νενομικότων
1222 3217 1304 3270 οὐδὲν
1329 3219 1410 3285 ὑγιές.

291 3301 360 3354 I‘oem
377 3300 461 3356 Arist.
480 3301 542 3355 Eth.
562 3302 620 3356 Nic.
639 3303 665 3356 X
683 3304 708 3357 1.
728 3303 817 3356 1172³
835 3304 869 3357 27
897 3308 924 3357 or‘
946 3307 1001 3376 μὲν
1024 3307 1078 3377 γὰρ
1103 3307 1230 3374 τάγαθὸν
1247 3306 1351 3371 ἡδονὴν
1369 3308 1411 3358 λέ-

292 3409 405 3460 γουσιν,
435 3395 462 3445 οἱ
480 3389 510 3445 δ’
528 3394 557 3453 ἐξ
582 3395 707 3454 ἐναντίας
731 3395 835 3466 κομιδῇ
854 3397 975 3464 φαῦλον,
1011 3398 1038 3447 σί
1059 3395 1113 3466 μὲν
1137 3399 1203 3454 ἴσως
1227 3399 1412 3465 πεπεισμένοι

293 3481 363 3532 οὕτω
380 3485 427 3533 καὶ
445 3483 531 3551 ἔχειν,
559 3485 585 3533 οἱ
603 3481 635 3535 δὲ
654 3483 777 3554 οίόμενοι
795 3487 901 3550 βέλτιον
920 3483 989 3535 εἶναι
1009 3485 1078 3556 πρὸς
1096 3485 1145 3535 τὸν
1162 3488 1223 3550 βίον
1241 3485 1320 3555 ἡμῶν
1339 3485 1411 3536 ἀπο-

293 3574 403 3639 φαίνειν
421 3571 470 3636 τὴν
488 3571 589 3636 ἡδονὴν
608 3581 661 3624 τῶν
676 3573 796 3642 φαύλων,
816 3575 863 3624 καὶ
882 3576 906 3624 εί
918 3573 958 3643 μή
972 3574 1061 3625 ἐστιν·
1081 3574 1175 3645 ῥέπειν
1193 3575 1247 3644 γὰρ
1265 3573 1330 3632 τοὺς
1344 3575 1412 3625 πολ-

291 3659 356 3718 λοὺς
382 3661 451 3731 πρὸς
477 3661 562 3725 αὐτὴν
585 3664 632 3712 καὶ
651 3660 794 3714 δουλεύειν
812 3667 872 3721 ταῖς
891 3662 1017 3726 ἡδοναῖς,
1047 3661 1093 3714 διὸ
1112 3662 1173 3715 δεῖν
1190 3667 1228 3722 εἰς
1247 3663 1413 3714 τούναντίον

291 3751 381 3816 λέγειν’
401 3749 492 3801 ίλθεῖν
510 3750 564 3819 γὰρ
583 3752 618 3800 δν
637 3751 721 3809 οὕτως
739 3752 786 3803 ini
805 3753 837 3802 τὸ
853 3754 948 3821 μέσον.

96 3875 166 3907 »verse
180 3865 272 3909 divitiae
361 3853 392 3909 b.
411 3855 530 3924 Xenoph.
549 3853 628 3908 Conv.
647 3855 672 3920 4,
692 3855 735 3908 34.
767 3855 954 3909 Antisthenes:
972 3859 1087 3929 νομίζω,
1114 3856 1258 3928 ὦίίνδρες,
1279 3859 1343 3917 τοὺς
1362 3859 1411 3910 ἀν-

291 3947 422 4016 θρώπους
447 3946 495 3997 οὐκ
523 3946 552 3998 ἐν
580 3947 618 4012 τῷ
647 3949 710 4012 οίκῳ
738 3946 786 3997 τὸν
805 3948 926 3998 πλοῦτον
949 3949 996 3998 καὶ
1021 3947 1070 4012 τὴν
1088 3951 1188 3999 πενίαν
1206 3947 1280 4015 ἔχειν
1298 3941 1360 3998 ἀλλ’
1381 3948 1412 3998 ἐν
1512 3975 1528 4004 κ,

190 4051 192 4056 ·
291 4040 352 4095 ταῖς
370 4040 482 4104 ψυχαῖς.
503 4062 536 4071 -
555 4032 598 4085 41.
613 4037 659 4086 καὶ
678 4035 750 4086 πολὺ
769 4037 865 4088 πλεῖον
884 4035 1010 4107 διαφέρει
1030 4037 1098 4108 πρὸς
1115 4035 1230 4100 ἡδονήν,
1255 4035 1322 4087 ὅταν
1341 4036 1411 4086 ἀνα-

289 4127 387 4194 μείνας
415 4125 447 4176 τό
475 4122 610 4190 δεηθῆναι
628 4127 830 4196 προσφίρωμαι
849 4127 864 4188 ἡ
883 4125 950 4176 όταν
969 4129 1023 4176 τινὶ
1046 4135 1100 4177 τῶν
1119 4130 1219 4196 τιμίων
1233 4135 1354 4195 χρῶμαι.
1375 4151 1410 4162 -

289 4211 331 4263 42.
357 4214 426 4265 ἀλλὰ
452 4213 509 4284 μὴν
538 4215 584 4264 καὶ
612 4213 684 4264 πολὺ
711 4211 899 4283 δικαιοτέρους
926 4232 957 4281 γε
985 4215 1055 4274 εῖκός
1083 4214 1154 4267 εἶναι
1181 4215 1245 4273 τοὺς
1272 4215 1411 4266 εὐτέλειαν

288 4302 395 4372 μᾶλλον
422 4304 687 4372 ἡπολυχρηματίαν
715 4310 899 4361 σκοποῦντας·
934 4296 974 4362 οἷς
1002 4304 1056 4376 γὰρ
1078 4306 1202 4374 μα’λιστα
1229 4303 1263 4355 τὰ
1283 4304 1411 4373 παρόντα

290 4391 367 4460 ἀρκεῖ
380 4390 476 4454 ἥκιστα
495 4399 550 4441 τῶν
568 4391 717 4460 ἀλλοτρίων
736 4390 886 4459 ὀρέγονται.
916 4394 995 4451 ίίξιον
1013 4391 1032 4443 δ
1035 4387 1042 4405 '
1059 4393 1189 4457 ἐννοῆσαι
1213 4393 1248 4451 ὡς
1270 4395 1317 4443 καὶ
1335 4393 1410 4444 ἔλευ-

289 4482 400 4550 θερίοος
419 4479 433 4529 ὁ
452 4487 574 4538 τοιοῦτος
593 4481 711 4539 πλοῦτος
730 4482 885 4548 παρέχεται,
