3146 4982
298 330 353 392 lae
678 333 847 406 Philosophia
864 333 1046 386 Romanorum.

300 495 334 557 et
356 493 496 558 delectat
518 493 578 557 hoc
600 493 679 576 ipso,
703 493 786 575 quod
809 494 893 558 inter
916 511 950 558 se
974 512 1084 558 omnes
1109 493 1216 576 partes
1247 511 1320 558 cum
1345 513 1428 575 quo·

301 599 375 663 dam
398 599 504 682 lepore
528 600 749 676 consentiunt,
785 599 830 664 sic
859 599 920 664 hoc
950 599 1115 678 decorum,
1151 599 1234 681 quod
1262 600 1367 664 elucet
1390 601 1425 664 in

300 706 374 782 vita,
396 707 504 770 movet
520 705 780 789 adprobationem
804 725 922 784 eorum,
947 705 1138 787 quibuscum
1161 703 1289 782 vivitur,
1312 705 1426 770 ordine

300 813 332 876 et
361 812 542 876 constantia
572 813 605 876 et
634 811 851 876 moderatione
882 811 1041 876 dictorum
1069 813 1212 878 omnium
1236 815 1334 894 atque
1357 812 1424 878 fac-

299 921 414 982 torum.
451 925 501 982 99.
517 917 704 982 Adhibenda
724 920 773 982 est
791 918 891 1000 igitur
903 918 1061 1000 quaedam
1078 919 1256 983 reverentia
1268 919 1425 984 adversus

298 1025 443 1088 homines
467 1026 500 1088 et
523 1024 635 1106 optimi
659 1024 813 1105 cuiusque
838 1026 870 1088 et
893 1024 1099 1106 reliquorum.
1144 1024 1230 1090 Nam
1251 1025 1423 1107 neglegere

300 1131 377 1212 quid
406 1130 445 1194 de
477 1149 510 1194 se
542 1131 677 1212 quisque
707 1131 826 1195 sentiat
848 1150 913 1196 non
936 1133 1040 1196 solum
1064 1132 1242 1213 arrogantis
1266 1134 1331 1208 est,
1366 1131 1423 1196 sed

300 1237 398 1301 etiam
421 1238 549 1300 omnino
573 1237 728 1301 dissoluti.
774 1237 834 1300 Est
863 1239 973 1302 autem
997 1238 1081 1320 quod
1105 1237 1231 1302 differat
1259 1238 1293 1300 in
1319 1238 1425 1301 homi-

298 1361 377 1407 num
407 1343 529 1408 ratione
560 1343 706 1408 habenda
736 1345 820 1408 inter
850 1345 1009 1408 iustitiam
1033 1347 1066 1410 et
1088 1343 1322 1408 verecundiam.
1367 1343 1423 1407 In-

300 1451 406 1514 stitiae
429 1452 536 1532 partes
560 1452 637 1514 sunt
658 1469 722 1513 non
745 1451 864 1514 violare
880 1451 1033 1527 homines,
1056 1449 1265 1516 verecundiae
1288 1469 1353 1514 non
1377 1449 1423 1513 of-

299 1555 444 1630 fendere;
468 1557 502 1620 in
526 1575 588 1637 quo
611 1574 760 1620 maxume
784 1557 831 1620 ris
855 1557 1045 1639 perspicitur
1069 1557 1181 1622 decori.

140 1712 274 1807 ffl‘ffig
367 1715 415 1779 De
440 1713 498 1780 off.
521 1715 628 1781 1110.
673 1715 854 1780 Admodum
876 1718 988 1782 autem
1011 1715 1148 1780 tenenda
1172 1718 1249 1780 sunt
1272 1735 1333 1780 sua
1355 1717 1474 1781 eui-⁴5⁸

130 1819 265 1875 Μωὼ
302 1841 363 1903 que
386 1841 450 1886 non
473 1821 602 1899 vitiosa,
637 1823 693 1886 sed
723 1825 833 1887 tamen
856 1823 999 1906 propria,
1030 1842 1092 1904 quo
1122 1822 1246 1887 facilius
1271 1823 1422 1888 decorum

299 1928 379 1992 illud
410 1927 494 2011 quod
519 1929 702 2010 quaerimus
732 1929 920 1994 retineatur.
970 1929 1022 1994 Sic
1047 1930 1132 1993 enim
1157 1931 1206 1993 est
1228 1929 1420 2007 faciendum,

298 2037 336 2099 ut
360 2037 470 2100 contra
493 2035 676 2100 universam
699 2037 851 2099 naturam
873 2035 955 2100 nihil
978 2035 1224 2113 contendamus,
1249 2055 1287 2100 ea
1310 2039 1421 2101 tamen

299 2143 485 2206 conservata
507 2143 667 2225 propriam
686 2145 830 2206 nostram
854 2161 1035 2224 sequamur,
1058 2145 1104 2219 ut,
1129 2143 1255 2206 etiamsi
1271 2144 1338 2206 sint
1359 2145 1424 2207 alia

299 2249 444 2330 graviora
474 2251 572 2330 atque
606 2249 756 2326 meliora,
790 2251 900 2314 tamen
930 2267 988 2312 nos
1018 2249 1127 2313 studia
1156 2251 1267 2313 nostra
1290 2253 1422 2314 nostrae

298 2357 433 2418 naturae
463 2355 575 2436 regula
601 2355 791 2430 metiamur;
821 2374 925 2436 neque
955 2355 1039 2418 enim
1070 2355 1187 2418 attinet
1209 2357 1347 2420 naturae
1371 2375 1423 2420 re·

297 2479 440 2544 pugnare
464 2479 523 2525 nec
547 2462 718 2542 quicquam
750 2462 841 2542 sequi
865 2461 949 2544 quod
973 2461 1103 2542 assequi
1132 2481 1195 2526 000
1220 2479 1327 2542 queas.
1373 2463 1422 2526 Er

299 2586 361 2648 quo
384 2567 487 2650 magis
511 2567 645 2649 emergit
669 2569 763 2648 quale
788 2567 830 2631 sit
854 2567 1005 2632 decorum
1027 2567 1116 2644 illud,
1147 2567 1216 2632 ideo
1241 2569 1317 2649 quia
1340 2569 1421 2632 nihil

299 2674 389 2739 decet
411 2675 512 2738 invita
534 2674 694 2751 Minerva,
717 2677 755 2738 ut
778 2675 884 2752 aiunt,
908 2675 940 2738 id
964 2677 1014 2739 est
1037 2675 1226 2740 adversante
1250 2678 1283 2738 et
1305 2695 1421 2758 repug-

297 2783 396 2845 nante
419 2784 543 2844 natura.
567 2789 716 2846 -·-119.
739 2781 824 2846 Nam
848 2781 977 2845 cumin
1001 2781 1148 2845 omnibus
1173 2799 1254 2862 quae
1278 2784 1421 2862 aguntur

298 2905 335 2950 ex
359 2905 408 2963 eo,
439 2905 501 2967 quo
523 2887 616 2952 modo
640 2888 776 2968 quisque
805 2889 991 2964 natusest,
1021 2889 1179 2970 utsupra
1208 2887 1332 2952 dictum
1362 2891 1420 2965 est

299 2993 374 3073 quid
399 2993 510 3057 deceat
526 2993 730 3074 exquirimus,
754 2995 825 3057 tum
848 2994 881 3056 in
904 2995 973 3057 tota
988 2994 1055 3057 vita
1077 2993 1301 3058 constituenda
1315 2995 1420 3060 multo

299 3100 348 3162 est
371 3099 399 3162 ei
421 3099 468 3163 rei
491 3118 567 3163 cura
590 3101 691 3164 maior
707 3099 895 3177 adhibenda,
919 3102 956 3163 ut
980 3103 1125 3165 constare
1148 3101 1181 3163 in
1204 3102 1419 3183 perpetuitate

298 3205 382 3268 vitae
405 3205 564 3287 possimus
587 3207 745 3272 nobismet
773 3207 851 3289 ipsis
880 3224 939 3270 nec
962 3207 995 3270 in
1018 3208 1083 3271 ullo
1107 3207 1207 3272 officio
1231 3208 1418 3273 claudicare.

300 3319 372 3376 120.
388 3311 438 3374 Ad
456 3311 538 3376 hano
556 3314 665 3376 autem
683 3313 839 3377 rationem
857 3313 1006 3394 quoniam
1020 3314 1202 3383 ,maximam
1219 3313 1284 3377 vim
1302 3316 1418 3378 natura

297 3418 407 3494 habet,
442 3417 571 3482 fortuna
600 3419 792 3502 proximam,
826 3420 994 3500 utriusque
1018 3420 1144 3484 omnino
1167 3419 1315 3484 habenda
1337 3421 1418 3484 ratio

298 3527 347 3586 est
377 3525 410 3586 in
441 3523 605 3606 deligendo
629 3543 743 3606 genere
767 3526 867 3601 vitae,
902 3523 957 3588 sed
989 3527 1125 3590 naturae
1160 3526 1277 3607 magis;
1316 3527 1418 3590 multo

298 3629 382 3692 enim
406 3631 439 3693 et
460 3629 582 3694 firmior
605 3633 655 3694 est
678 3631 710 3694 et
734 3631 956 3694 constantior&

369 3766 397 3806 a.
417 3750 456 3806 cf.
476 3750 680 3807 (1001111Ιὸ
703 3752 830 3820 ipsoram
854 3753 993 3808 uirtutum
1017 3755 1049 3808 10
1074 3754 1134 3808 alic
1153 3753 1228 3808 alios
1249 3755 1355 3809 mavolt
1372 3769 1415 3808 ea-

297 3839 397 3895 cellare.
435 3839 467 3894 In
492 3840 534 3894 his
560 3839 658 3894 deserit
681 3839 827 3896 Stoicorum
852 3841 965 3910 rigorem
989 3841 1023 3895 ad
1046 3841 1165 3896 molliora
1183 3841 1415 3912 Peripateticorum

297 3927 402 3982 decreta
419 3929 556 3983 inclinans.
