3148 4984
301 337 355 398 661
770 337 959 408 Neoplatonioi.

375 513 403 554 a.
422 500 621 552 Damasoius
640 498 791 568 cognomine
810 497 968 561 Diadoehus,
988 513 1046 550 nam
1066 495 1172 550 videtur
1184 495 1279 550 Isidori
1292 495 1320 548 in
1335 493 1428 548 schola

302 588 439 642 Platonica
464 604 530 657 qnae
553 586 666 642 Athenis
692 591 749 640 orat
777 603 911 640 euocassor
934 586 1029 651 fuisse,
1057 584 1147 638 floruit
1174 583 1321 658 imperante
1345 583 1428 636 Iusti·

303 677 380 730 niano
399 676 412 729 I
430 679 464 742 (a.
485 675 653 743 527-566),
672 694 695 729 τ.
716 675 1011 747 6α16.τ.Λαμάσκιος;
1031 673 1118 744 patria
1137 672 1218 740 Syrus
1236 675 1301 726 orat.
1325 673 1366 725 De
1385 689 1428 724 ex·

304 765 396 818 tremis
414 765 470 818 eius
489 765 552 818 fatis
570 783 594 818 v.
613 769 656 817 BP
674 765 735 818 547.
764 763 802 817 Ex
822 764 898 817 libris
916 767 1020 833 praeter
1039 765 1160 831 exoerpta
1178 762 1304 814 nonnulla
1322 765 1351 813 et
1364 778 1429 814 non-

304 854 366 906 dum
389 853 462 906 edita
486 857 593 907 exstant
618 853 736 925 άπορίαι
763 859 810 907 καὶ
834 856 926 914 λύσεις
948 857 1011 924 περὶ
1037 861 1091 904 τῶν
1116 853 1232 921 πρώτων
1250 851 1357 921 ἄρχων,
1386 848 1427 902 ed.

303 941 388 1012 Kopp,
408 941 524 996 Franooi.
543 942 577 995 ad
590 941 716 996 111826.
754 941 791 996 Cf.
810 941 913 1008 Ruelle,
932 941 955 995 λι
971 939 1133 1010 philosophe
1144 940 1235 1006 Dam,
1254 939 1337 992 Paris.
1348 939 1428 992 1861.

304 1031 334 1086 Ε.
354 1031 441 1098 Heitz,
461 1030 509 1085 der
527 1031 686 1098 Philosopb.
707 1031 745 1086 D.
771 1031 799 1083 in
817 1033 954 1084 comment.
974 1029 1073 1096 Zellero
1092 1029 1188 1082 oblatis
1206 1027 1327 1094 Friburg.
1348 1028 1428 1094 1884,

306 1121 401 1173 1-24.
439 1117 700 1188 dumsatio.

377 1226 406 1282 b.
425 1226 457 1280 V.
477 1231 520 1278 BP
538 1225 600 1280 536.

152 1315 279 1356 Ammonius
378 1329 405 1370 o.
425 1313 511 1368 Huius
530 1313 694 1367 Ammonii
718 1317 826 1368 exstant
850 1312 1028 1366 commentarii
1052 1313 1080 1364 in
1103 1311 1229 1365 nonnulla
1254 1309 1353 1379 scripta
1372 1308 1431 1362 Ari·

307 1403 412 1458 stotelis
432 1403 497 1457 satis
515 1403 556 1456 illi
575 1403 679 1472 quidem
699 1403 788 1468 sobrii,
807 1402 902 1472 quibus
921 1401 1040 1454 Platonis
1060 1399 1179 1454 doctrina
1197 1416 1256 1453 enm
1275 1398 1430 1452 Aristotelis

307 1493 412 1564 placitis
419 1492 581 1546 conciliatur.
597 1491 747 1560 Discipulos
756 1489 922 1544 eratProouli
929 1493 957 1542 et
964 1489 1105 1542 institutor
1114 1505 1166 1542 non
1176 1491 1282 1541 tantm
1288 1485 1429 1551 Damaaoii,

308 1581 354 1636 sed
372 1582 453 1636 otiam
472 1581 661 1650 Simplicii,
680 1579 819 1632 Ioannis
837 1579 1036 1649 Philoponi,
1055 1578 1174 1644 aliorum,
1193 1594 1217 1630 v.
1236 1575 1263 1630 Z.
1281 1593 1307 1646 p.
1326 1575 1380 1630 829
1391 1592 1430 1645 sq.

384 1706 413 1760 d.
432 1705 604 1771 Isidorus,
630 1704 736 1758 auditor
760 1703 879 1769 Proculi,
904 1703 1001 1756 Marini
1023 1703 1051 1755 in
1079 1701 1168 1755 schola
1192 1699 1346 1754 Atheniensi
1375 1716 1433 1752 snc-

309 1811 407 1848 eessor:
435 1795 512 1848 Phot.
532 1793 600 1846 Bibl.
621 1809 642 1846 o.
661 1793 714 1846 242
733 1810 757 1862 p.
777 1793 830 1847 668
847 1791 884 1846 H.
899 1791 1034 1846 34821311.
1070 1791 1160 1844 Vitam
1178 1790 1235 1842 eius
1254 1789 1361 1858 scripsit
1380 1787 1433 1840 Da·

309 1884 437 1949 maseius,
460 1900 491 1936 ex
517 1899 568 1952 quo
593 1882 661 1934 libro
679 1881 766 1935 multa
783 1881 914 1950 excerpsit
932 1880 1043 1934 Photius
1061 1879 1131 1934 Bibl.
1150 1896 1172 1934 o.
1192 1879 1252 1933 181.
1271 1879 1337 1932 242;
1362 1877 1433 1930 unde

310 1972 342 2025 de
360 1972 474 2026 fanatica
491 1972 570 2024 huius
590 1971 742 2040 disciplinae
767 1969 854 2024 indole
873 1969 983 2022 indicari
1001 1971 1098 2038 potest
1135 1967 1266 2037 Imprimis
1285 1967 1316 2021 of.
1336 1984 1358 2020 o.
1379 1966 1432 2019 242

310 2079 335 2131 p.
354 2061 434 2115 5681)
452 2059 487 2114 H.
507 2061 578 2114 348α
596 2059 645 2113 Bk.
664 2065 689 2114 ei
707 2060 739 2112 δὲ
757 2061 898 2129 θειότερον
912 2067 1016 2132 χρῆμα,
1036 2060 1071 2118 ώς
1090 2059 1125 2111 σὺ
1139 2059 1192 2128 φὴς
1210 2057 1231 2109 ὦ
1248 2053 1339 2126 Ἡγία,
1359 2058 1434 2124 ἔλεγε

311 2153 380 2221 πρὸς
400 2152 484 2202 αὐτὸν
503 2152 518 2202 ὁ
536 2145 682 2220 Ἰσίδωρος,
702 2150 717 2214 ἡ
737 2149 857 2218 ίερατιιιὴ
877 2152 1064 2219 πραγματεία,
1085 2151 1158 2217 φημί
1170 2147 1224 2217 μὲν
1243 2155 1325 2199 τοῦτο
1343 2147 1433 2213 κάγώ·

312 2241 380 2292 ἀλλὰ
401 2249 510 2311 πρῶτον
530 2239 696 2308 ἀνθρώπους
715 2241 848 2305 γενέσθαι
863 2238 926 2296 τοὺς
944 2237 1093 2306 ἐσομένους
1110 2236 1194 2295 θεοὺς
1212 2234 1263 2287 δεῖ.
1283 2234 1332 2286 διὰ
1352 2243 1436 2286 τοῦτο

311 2332 357 2380 καὶ
377 2331 392 2379 ὁ
411 2329 530 2379 Πλάτων
548 2328 600 2397 ἔφη
618 2327 657 2398 μὴ
676 2328 767 2380 ἐλθεῖν
786 2331 824 2386 είς
839 2327 1004 2396 ἀνθρώπους
1017 2325 1111 2396 μεῖζον
1126 2325 1236 2391 ἀγαθὸν
1255 2326 1435 2393 φιλοσοφίας.

313 2417 381 2468 ἀλλὰ
410 2425 491 2467 τοῦτο
516 2421 668 2486 συμβέβηκε
692 2425 742 2470 νυν
765 2416 811 2468 ἐπὶ
837 2418 920 2486 ξηροῦ
943 2414 1058 2468 ἑστάναι
1085 2414 1116 2465 ού
1140 2421 1187 2478 τῆς
1205 2415 1304 2483 ἀκμῆς,
1334 2422 1386 2464 τοῦ
1405 2412 1437 2464 δὲ

306 2507 434 2575 ,ἐσχάτου
452 2505 539 2575 γήρως
554 2507 589 2564 ὡς
604 2507 718 2570 ἀληθῶς.
746 2503 786 2556 De
800 2502 937 2556 dialectiea
954 2502 1011 2556 eins
1030 2501 1075 2554 alii
1093 2501 1180 2554 minus
1194 2501 1258 2554 beno
1270 2499 1434 2566 indicebant,

313 2611 337 2647 v.
357 2593 429 2646 Suid.
454 2611 477 2646 v.
495 2590 648 2662 Ἰσίδωρος,
673 2594 701 2644 et
725 2591 894 2660 vituperabat
918 2607 977 2644 enm
1000 2591 1056 2660 ipse
1073 2589 1242 2642 Damasoins:
1267 2580 1345 2641 Phot.
1364 2588 1437 2640 Bibl.

313 2697 335 2736 o.
356 2683 406 2736 181
434 2699 459 2751 p.
480 2682 533 2734 212
558 2680 592 2734 Η.
614 2680 684 2734 126⁵
702 2679 749 2734 Bk.
779 2680 825 2733 διὸ
852 2684 898 2732 καὶ
916 2675 1057 2748 Ἰσίδωρον
1086 2680 1137 2748 οὐχ
1165 2673 1247 2744 ἧττον
1273 2679 1398 2732 ἐπαινῶν
1422 2679 1437 2742 ἢ

315 2774 415 2840 ψόγοις
433 2773 602 2843 περιβάλλων
622 2768 748 2822 διατελεῖ.
786 2767 823 2822 Cf.
844 2767 870 2820 Z.
890 2785 915 2837 p.
935 2768 994 2821 834.

265 2975 277 3002 ι
383 2949 430 3014 De
454 2949 590 3031 Prinoip.
617 2955 634 3010 2
663 2967 693 3030 p.
718 2947 795 3012 5K.
843 2945 1048 3010 Μαντεύεται
1079 2943 1143 3030 ἄρα
1173 2945 1263 3032 ἡμῶν
1296 2944 1315 3030 ἦ
1351 2943 1488 3030 ψυχὴοω

232 3083 278 3110 rm
318 3067 382 3119 τῶν
416 3053 566 3118 ὁπωσοῦν
599 3053 732 3118 πάντων
765 3047 1001 3134 ἐπινυουμένων
1040 3043 1123 3118 εἶναι
1158 3050 1255 3137 ἀρχὴν
1287 3047 1440 3114 ἐπέκεινα

318 3160 450 3224 πάντων
466 3158 663 3224 ἀσύντακτον
679 3159 763 3244 πρὸς
786 3157 913 3222 πάντα·
937 3155 1011 3222 οὐδὲ
1034 3155 1098 3242 ἄρα
1121 3155 1219 3243 ἀρχὴν
1242 3153 1316 3220 οὐδὲ
1331 3150 1441 3220 αἴτιον

317 3263 439 3354 ἐκείνην
462 3263 596 3352 κλητέον
619 3263 692 3330 οὐδὲ
715 3277 848 3350 πρῶτον
871 3261 944 3328 οὐδέ
967 3286 1001 3347 γε
1024 3263 1090 3348 πρὸ
1113 3261 1245 3326 πάντων
1268 3249 1341 3326 οὐδ’
1360 3258 1440 3324 ἐπέ-

317 3396 406 3438 κεινα
437 3371 582 3436 πάντων·
613 3371 711 3458 σχολῇ
741 3393 776 3454 γε
805 3369 871 3456 ἄρα
901 3370 1012 3434 πάντα
1036 3367 1134 3456 αὐτὴν
1157 3365 1324 3454 ὑμνητέον·
1365 3354 1438 3432 οὐδ’

317 3480 400 3556 ἄλως
423 3477 577 3565 δμνητέον
606 3465 677 3542 οὐδ’
697 3476 860 3566 ἐννοητέον
883 3475 957 3542 οὐδὲ
979 3473 1183 3562 ὑπονοητέον.
1221 3511 1260 3521 -
1300 3484 1328 3539 6.
1363 3471 1443 3560 φέρε

318 3582 432 3652 οὖντὸ
456 3585 601 3671 δεύτερον
625 3581 704 3648 αὐτὸ
726 3593 822 3650 τοῦτο
846 3579 1038 3664 κατίδωμεν,
1068 3581 1161 3658 ὅπως
1184 3578 1311 3666 λέγεται
1336 3578 1442 3664 ἄγνω-

319 3715 394 3758 στον
409 3684 492 3756 εἶναι
509 3690 693 3768 παντελῶς·
716 3686 745 3754 ei
761 3690 821 3776 γὰρ
837 3699 932 3755 τοῦτο
956 3687 1088 3776 ἀληθές,
1112 3701 1185 3764 πῶς
1207 3697 1312 3756 ταῦτα
1328 3686 1442 3750 πάντα

319 3798 394 3884 περὶ
426 3796 525 3864 αὐτοῦ
555 3795 804 3878 διαταττόμενοι
834 3795 999 3882 γράφομεν
1006 3825 1016 3876 ,·
1051 3793 1087 3860 ού
1122 3795 1183 3879 γὰρ
1216 3795 1255 3880 δὴ
1284 3793 1443 3876 λογοποι-

320 3917 414 3988 οῦμεν
437 3903 546 3970 πολλὰ
562 3903 730 3990 ληροῦντος
753 3902 830 3988 περὶ
854 3897 898 3966 ὧν
920 3899 978 3966 oria
1001 3897 1100 3983 ἴσμεν.
1124 3895 1154 3966 εἰ
1176 3897 1214 3964 δέ
1236 3897 1324 3964 ἐστιν
1347 3898 1444 3964 άσύν-

320 4035 439 4078 τακτον
462 4009 509 4096 τῷ
532 4007 599 4076 ἄντι
630 4009 715 4095 πρὸς
744 4008 854 4072 πάντα
885 4007 942 4074 καλ
972 4007 1104 4088 ἄσχετον
1133 4007 1218 4092 πρὸς
1240 4005 1363 4074 ,πάντα
1386 4004 1444 4070 καὶ

321 4118 411 4184 οὐδὲν
428 4131 492 4182 τῶν
514 4116 647 4180 πάντων
671 4113 744 4180 οὐδὲ
767 4113 846 4181 αὐτὸ
869 4115 907 4180 τὸ
930 4112 972 4194 ἓν,
997 4112 1079 4178 αὐτὰ
1103 4123 1207 4178 ταῦτα
1231 4111 1330 4199 φύσις
1346 4109 1446 4176 αὐτοῦ

322 4221 417 4305 ἐστιν,
447 4222 484 4313 ἣν
508 4224 552 4300 ὡς
582 4223 788 4306 γινώσκοντες
811 4217 1008 4303 διακείμεθα
1031 4219 1088 4286 καὶ
1112 4219 1228 4297 ἄλλους
1251 4216 1442 4285 διατιθέναι

322 4330 557 4412 σπουδάζομεν.
597 4324 646 4394 ἔτι
669 4327 706 4394 δὲ
728 4326 808 4396 αὐτὸ
830 4329 868 4394 τὸ
891 4327 1052 4411 ἄγνωστον
1080 4324 1179 4390 αὐτοῦ
1201 4325 1221 4414 ἢ
1243 4326 1442 4410 γινώσκομεν

323 4438 373 4502 ὅτι
398 4436 558 4521 ἄγνωστον
585 4437 605 4525 ἢ
628 4435 815 4520 ἀγνοοῦμεν·
851 4422 924 4497 ἄλλ’
943 4429 971 4498 εἰ
993 4431 1052 4514 μὲν
1075 4443 1186 4512 τοῦτο,
1211 4444 1285 4508 πῶς
1308 4428 1442 4514 λέγομεν
