3148 4984
313 323 368 387 524
782 327 971 397 Neoplatuuici.

385 501 415 544 a.
433 486 474 540 De
491 486 540 541 hoc
559 486 707 540 discrimine
725 505 749 541 v.
768 493 811 540 R?
830 487 910 541 493⁸.

140 595 276 692 similitu
387 591 417 647 b.
437 591 525 646 Variis
544 593 761 648 similitudinibus
780 593 926 664 quomodo
945 609 988 647 res
1007 609 1038 646 ex
1055 592 1191 662 principiis
1209 592 1364 646 exstiterint
1376 593 1437 646 illu·

315 683 400 735 strare
425 683 549 749 conatur,
574 698 633 736 cum
659 682 724 736 dicit
747 682 846 736 effundi
870 699 914 736 sas
933 685 1060 752 tanquam
1078 681 1167 734 lumen
1186 697 1202 734 a
1220 682 1288 748 sole,
1308 683 1438 736 scaturire

314 772 441 840 tunquam
465 785 560 840 aquam
578 787 610 824 ex
628 770 715 837 fonto,
740 771 871 841 pullulare
890 772 1017 840 tanquam
1036 770 1156 824 arborem
1174 785 1205 823 ex
1224 771 1315 841 stiipe.
1352 770 1391 824 At
1408 771 1437 825 id

313 859 408 930 ipsum,
427 859 496 912 undo
514 875 556 913 res
575 863 706 927 emanant,
726 877 828 931 semper
845 861 978 928 integrum
997 861 1083 912 restat
1097 861 1184 934 atque,
1194 859 1342 914 illibatum:
1360 860 1437 927 16‚7

314 949 401 1004 έκεῖνο
421 947 569 1024 ὃχορηγεῖ
584 951 638 1022 μέν
657 951 771 1015 ἀπασιν,
791 946 838 1021 ἐφ’
855 950 958 1004 ἑαυτοῦ
980 949 1011 1003 δὲ
1030 954 1118 1021 μένον
1136 949 1238 1003 δίδωσι
1262 953 1309 1002 καὶ
1335 951 1368 1003 οὐ
1392 950 1438 1004 δέ·

311 1042 395 1108 χεταί
417 1057 444 1090 τι
469 1041 507 1098 εἰς
534 1039 609 1090 αὑτό.
646 1033 730 1104 ΙΠ8,
750 1039 785 1093 10
809 1039 911 1104 νόησον
934 1039 989 1112 χάρ
1015 1039 1107 1107 πηγὴν
1130 1039 1217 1112 ἀρχὴν
1241 1040 1289 1092 οὐκ
1307 1038 1438 1108 ἔχουσαν,

315 1126 423 1181 δοῦσαν
448 1126 480 1180 δὲ
506 1132 646 1199 ποταμοῖς
670 1137 759 1181 πᾶσιν
787 1129 886 1194 αὑτήν,
915 1129 964 1180 οὐκ
988 1128 1182 1180 ἀναλωθεῑσαν
1205 1131 1264 1187 τοῖς
1288 1113 1438 1198 ποταμοῖς,

315 1215 384 1268 ἀλλά
406 1217 550 1288 μένουσαν
578 1215 662 1282 αὐτὴν
684 1217 799 1286 ἡσύχως.
836 1215 922 1268 Tuntu
945 1215 1014 1268 enim
1040 1214 1118 1284 primi
1135 1213 1257 1284 principii
1275 1213 1440 1268 abundantia

315 1305 365 1369 est,
390 1305 423 1356 ut
447 1306 540 1374 sponte
558 1303 753 1374 superfluxerit:
772 1303 796 1356 V
814 1303 840 1370 2,
859 1303 875 1357 1
895 1306 988 1377 πρώτη
1008 1297 1068 1358 οἷον
1085 1307 1211 1373 γέννησις
1230 1303 1304 1370 αὕτη.
1334 1305 1366 1356 ὃν
1383 1305 1439 1378 γὰρ

315 1395 418 1446 τέλειον
436 1421 470 1431 -
491 1386 551 1446 οἷον
577 1395 709 1467 ὑπερρὺη,
739 1397 786 1446 καὶ
816 1395 847 1446 τὸ
876 1395 1044 1466 ὑπερπλῆρες
1073 1394 1160 1446 αὑτοῦ
1186 1397 1337 1459 πεποίηκεν
1365 1395 1438 1446 ἀλλο.

316 1479 409 1550 Neque
428 1481 553 1551 temporis
571 1497 655 1551 noque
673 1480 755 1534 ullius
773 1481 897 1536 motionis
916 1484 996 1551 atque
1014 1480 1171 1534 mutationis
1194 1481 1267 1534 notio
1291 1481 1320 1534 in
1339 1481 1440 1534 talibus

315 1568 464 1622 adhibenda
481 1572 536 1622 sst:
555 1569 579 1622 V
597 1571 659 1636 1‚6
684 1570 811 1624 ἐκποδὼν
836 1570 868 1624 δὲ
892 1572 960 1643 ἡμῖν
984 1571 1055 1624 ἔστω
1073 1574 1182 1639 γένεσις
1200 1573 1216 1636 ἡ
1235 1572 1265 1624 έν
1278 1572 1372 1644 χρόνῳ
1390 1572 1441 1624 τὸν

315 1660 400 1728 λόγον
423 1663 486 1729 περὶ
510 1667 565 1712 τῶν
590 1661 633 1712 ἀεὶ
656 1661 743 1713 όντων
767 1663 953 1731 ποιουμένοις.
972 1687 1008 1697 -
1027 1661 1059 1712 τὸ
1085 1655 1134 1712 οὑν
1159 1660 1309 1730 γινόμενον
1333 1661 1439 1714 ἐκεῖθεν

313 1747 350 1800 ὀὐ
374 1751 532 1814 κινηθέντος
557 1752 663 1819 φατέον
684 1752 828 1817 γίνεσθαι·
861 1753 886 1802 εὶ
909 1750 964 1820 γάρ
988 1753 1147 1815 κινηθέντος
1172 1749 1259 1801 αὑτοῦ
1277 1768 1304 1801 τι
1322 1754 1439 1817 γίνοιτο,

316 1839 409 1910 τρίτον
427 1831 479 1890 ἀπ’
496 1838 602 1890 ἐκείνου
626 1838 776 1908 γινόμενον
793 1838 865 1909 μετὰ
884 1838 933 1903 τὴν
950 1841 1059 1903 κίνησιν
1078 1839 1113 1890 ἀν
1131 1842 1239 1905 γίνοιτο
1256 1841 1303 1890 καὶ
1324 1838 1357 1889 οά
1376 1837 1437 1890 δεό-

316 1941 400 1996 τερον.
438 1925 484 1979 δεῖ
501 1921 551 1978 οὖν
569 1926 700 1992 ἀκινήτου
718 1930 803 1990 όντος,
831 1931 858 1979 εἴ
879 1945 906 1979 τι
924 1926 1054 2000 δεύτερον
1071 1921 1137 1998 μετ’
1156 1927 1231 1990 αάτό,
1252 1927 1285 1979 οὐ
1303 1928 1438 1998 προσνεύ-

317 2031 418 2074 σαντος
438 2011 503 2068 οὑδὲ
520 2016 703 2082 βουληθέντος
721 2013 788 2068 οὐδὲ
807 2014 874 2074 όίως
891 2018 1050 2081 κινηθέντος
1069 2017 1225 2082 ὑποστῆναι
1244 2015 1319 2068 αὑτό.
1339 2041 1373 2052 -
1392 2019 1439 2068 καὶ

316 2105 410 2158 πάντα
433 2104 468 2156 τά
493 2106 560 2156 ὄντα
584 2103 633 2164 ἕως
656 2107 746 2175 μένει,
775 2104 804 2158 ίκ
828 2111 874 2170 τῆς
899 2107 990 2156 αὑτῶν
1016 2105 1114 2164 οὐσίας
1133 2105 1290 2173 ἀναγκαίαν
1309 2105 1358 2170 τὴν
1376 2109 1439 2174 περὶ

317 2193 388 2245 αὑτά
416 2194 485 2263 πρὸς
514 2193 545 2245 τὸ
572 2193 623 2254 ἔξω
652 2193 742 2244 αὑτῶν
769 2192 798 2245 έκ
823 2201 869 2258 τῆς
888 2194 1031 2264 παρούσης
1049 2192 1196 2264 δυνάμεως
1209 2191 1330 2246 δίδωσιν
1349 2194 1441 2246 αὑτων

317 2283 499 2352 ἐξηρτημένην
523 2281 694 2345 ὑπόστασιν,
723 2281 815 2334 εἰκόνα
834 2276 923 2334 οὖσαν
942 2275 1001 2334 οἷον
1020 2283 1183 2355 ἀρχετὺπων
1202 2275 1240 2333 ὧν
1258 2281 1354 2352 ἐξέφυ·
1384 2291 1441 2356 πῦρ

316 2369 370 2442 μίν
394 2371 443 2436 τὴν
468 2363 538 2443 παρ’
556 2371 643 2423 αὑτοῦ
666 2365 839 2442 θερμότητα,
862 2374 909 2422 καὶ
930 2370 1002 2440 χιὼν
1021 2371 1070 2423 οὐκ
1088 2375 1153 2424 εἴσω
1170 2371 1261 2442 μόνον
1280 2372 1312 2423 τὸ
1330 2373 1441 2443 ψυχρὸν

317 2462 433 2529 κατέχει.
461 2461 585 2530 μάλιστα
604 2459 635 2512 δὲ
655 2459 709 2512 ὑσα
727 2457 815 2525 εὐώδη
832 2465 969 2532 μαρτυρεῖ
985 2469 1074 2512 τοῦτο.
1104 2459 1154 2520 ἕως
1171 2461 1226 2531 γάρ
1243 2459 1311 2526 ἔστι,
1331 2461 1443 2532 πρόεισί

319 2567 345 2601 τι
370 2549 399 2610 ἐξ
424 2548 515 2600 αὐτῶν
539 2551 602 2620 περὶ
622 2548 707 2610 αὑτά,
733 2539 771 2600 ὧν
799 2549 935 2602 ἀπολαύει
955 2549 1138 2602 ὑποστάντων
1156 2548 1172 2600 ὅ
1189 2567 1215 2602 τι
1234 2549 1361 2614 πλησίον.
1394 2551 1441 2600 καὶ

233 2617 240 2630 ’
319 2639 412 2690 πάντα
432 2636 464 2690 δὲ
483 2636 535 2690 ὅσα
554 2635 606 2703 ἤδη
624 2638 714 2689 τέλεια
731 2639 817 2706 γεννᾷ
835 2639 882 2689 καὶ
901 2636 1016 2690 ἔλαττον
1034 2636 1067 2690 δὲ
1085 2636 1187 2690 ἑαυτοῦ
1204 2640 1295 2706 γεννᾷ.

167 2777 261 2820 muri·
391 2773 418 2814 α.
437 2757 478 2813 Ι)ο
495 2757 607 2812 matum
624 2755 800 2828 intelligibili,
825 2776 904 2829 quum
928 2759 1005 2830 ponit
1027 2759 1056 2814 iu
1074 2759 1258 2828 intelligentis,
1284 2777 1308 2814 v.
1328 2759 1395 2816 llnn.
1414 2760 1442 2813 11

138 2830 291 2885 mmmm*
318 2848 345 2916 4,
363 2849 381 2902 4
400 2854 424 2903 εὶ
444 2846 493 2902 οὑν
511 2850 601 2902 πολλὰ
620 2850 654 2902 τά
674 2849 741 2916 εἴδη,
766 2851 859 2904 κοινόν
876 2853 930 2922 μέν
948 2869 975 2903 τι
994 2851 1023 2902 έν
1042 2851 1137 2910 αὐτοῖς
1155 2850 1260 2918 ἀνάγκη
1279 2849 1362 2902 εἶναι·
1394 2855 1440 2904 καὶ

319 2937 355 3004 δὴ
373 2941 420 2992 καὶ
434 2937 516 3003 ἴδιον,
536 2925 700 3010 ᾧδιαφέρει
719 2941 786 2991 ἀλλο
805 2941 896 2992 ἀλλον.
916 2948 998 2992 τοῦτο
1018 2938 1054 3005 δὴ
1072 2940 1104 2991 τὸ
1123 2937 1198 2991 ἴδιον
1215 2941 1262 2990 καὶ
1280 2939 1296 3004 ἡ
1315 2938 1441 3011 διαφορά

319 3027 335 3092 ἦ
350 3029 507 3100 χωρίζουσα
530 3028 547 3092 ἡ
567 3031 654 3080 οἰκεία
678 3027 738 3080 ἐστὶ
755 3028 859 3100 μορφή.
891 3031 916 3081 εἲ
935 3027 967 3081 δὲ
985 3028 1089 3099 μορφή,
1115 3027 1174 3080 ἔστι
1196 3029 1244 3080 καὶ
1262 3027 1293 3078 τὸ
1311 3030 1440 3099 μορφοῦ-

319 3133 413 3187 μενον,
437 3119 500 3189 περὶ
526 3115 727 3188 δηδιαφορά.
760 3117 836 3171 ἔστιν
856 3121 908 3188 άρα
932 3119 979 3170 καὶ
999 3117 1082 3184 ὑληὴ
1106 3117 1155 3182 τὴν
1171 3115 1285 3188 μορφὴν
1303 3116 1440 3188 δεχομένη

319 3208 366 3258 καὶ
392 3205 434 3258 ἀεὶ
460 3206 492 3257 τὸ
515 3205 703 3276 ὑποκείμενον.
737 3205 777 3259 ἔτι
801 3209 826 3258 εἰ
843 3207 948 3278 κόσμος
965 3207 1062 3272 νυητός
1080 3205 1156 3259 ἔστιν
1178 3206 1245 3269 ἐκεῖ,
1272 3209 1390 3277 μίμημα
1409 3205 1441 3258 δέ

321 3285 402 3354 οὑτος
420 3294 531 3358 ἐκείνου,
551 3285 629 3355 οὗτος
647 3293 679 3348 δὲ
699 3295 833 3354 σύνθετος
850 3298 897 3348 καὶ
916 3295 945 3356 έξ
964 3295 1034 3360 ὕλης,
1052 3295 1131 3347 κάκεῖ
1148 3293 1194 3346 δεῖ
1212 3295 1277 3360 ὑίην
1294 3293 1373 3347 εἶναι.

163 3505 293 3548 ,mum
387 3471 468 3536 Enn.
492 3469 522 3533 V
550 3481 577 3548 1,
600 3479 630 3536 4.
676 3469 810 3554 Κόσμον
839 3467 1002 3557 αἰσθητὸν
1030 3470 1121 3536 τόνδε
1148 3465 1182 3535 εί
1200 3493 1251 3548 τις
1274 3467 1485 3552 θαυμάζειὸῑὶ

320 3573 368 3654 ε’ίς
391 3599 426 3641 τε
448 3577 487 3642 τὸ
509 3573 651 3662 μέγεθος
680 3575 737 3642 καὶ
768 3578 805 3642 τὸ
835 3576 955 3654 κάλλος
977 3574 1036 3642 καὶ
1059 3578 1116 3664 τὴν
1138 3575 1232 3654 τάξιν
1254 3587 1312 3662 τῆς
1335 3585 1441 3663 φοράς

319 3694 377 3770 τῆς
406 3679 514 3750 ἀιδίου
546 3681 748 3767 ἀποβλέπων
770 3681 828 3748 καί
850 3684 949 3761 θεοὺς
978 3683 1053 3760 τοὺς
1076 3681 1109 3748 ἐν
1138 3680 1242 3768 αὐτῷ,
1277 3683 1352 3759 τοὺς
1379 3679 1441 3764 μὲν

320 3786 500 3878 ὁρωμένους
522 3789 597 3868 τοὺς
619 3787 655 3854 δὲ
677 3787 735 3854 καὶ
757 3787 896 3878 ἀφανεῖς
918 3785 1022 3869 όντας,
1045 3785 1103 3854 καὶ
1119 3783 1277 3870 δαίμονας
1299 3785 1358 3853 καὶ
1372 3786 1441 3874 ζῷα

320 3894 408 3985 φυτά
438 3918 473 3960 τε
503 3894 631 3976 πάντα,
666 3891 725 3960 ἐπὶ
748 3896 786 3960 τὸ
809 3893 989 3982 ἀρχέτυπον
1013 3893 1113 3960 αὐτοῦ
1135 3891 1192 3959 καὶ
1214 3893 1252 3960 τὸ
1276 3892 1440 3982 ἀληθινό-

320 4025 412 4090 τερον
447 4001 570 4086 ἀναβὰς
603 4000 697 4066 κάκεῖ
730 4000 842 4066 πάντα
877 3998 973 4067 ἰδέτω
1008 4002 1107 4089 νοητὰ
1136 3999 1193 4066 καί
1223 3988 1312 4088 παρ’
1336 4000 1442 4066 αὑτῶν

321 4106 413 4176 ἀίδια
444 4107 476 4174 ἐν
506 4104 611 4195 οἰκείᾳ
634 4105 758 4174 συνέσει
780 4106 838 4172 καὶ
861 4105 945 4196 ζωῇ,
977 4105 1180 4173 καὶτούτων
1201 4107 1257 4174 τὸν
1280 4105 1442 4195 ἀκήρατον

320 4225 392 4281 νοῦν
421 4213 626 4301 προστάτην
641 4211 699 4278 καί
729 4211 849 4301 σοφίαν
883 4213 1046 4302 ἀμήχανον
1072 4211 1130 4278 καί
1161 4213 1216 4279 τόν
1239 4213 1284 4291 ὡς
1306 4212 1442 4301 ἀληθῶς

321 4318 380 4386 ἐπὶ
403 4321 530 4407 Κρόνου
552 4318 625 4404 βίον
647 4324 729 4386 θεοῦ
751 4319 848 4406 κόρου
870 4318 928 4386 καί
950 4329 1007 4385 νοῦ
1028 4316 1154 4397 inoff·
1188 4319 1300 4385 πάντα
1324 4321 1386 4406 γὰρ
1410 4316 1442 4384 ἐν

322 4423 411 4512 αὑτῷ
433 4427 475 4489 τὰ
499 4425 653 4491 ἀθάνατα
677 4423 828 4513 περιέχει,
850 4437 921 4492 νοῦν
945 4425 1065 4507 πάντα,
1090 4427 1170 4492 θεὸν
1192 4426 1313 4506 πάντα,
1337 4425 1442 4513 ψυχὴν
