3130 4980
415 359 455 412 De
473 360 638 430 philosophia
655 361 683 413 in
701 377 795 428 genere
813 360 920 430 eiusque
938 361 1065 430 pertibus.
1244 358 1298 420 295

252 533 279 576 ο.
303 519 344 574 Ab
362 519 510 574 Andronico
534 537 594 572 eum
618 519 734 574 ordinem
758 520 926 590 repetendum
945 522 1085 590 putemus,
1112 537 1189 592 quem
1207 524 1299 576 nostru

180 608 306 662 librorum
315 607 544 662 Aristotelicorum
562 608 719 678 exemplaria
738 611 893 678 sequuntur,
912 609 944 662 ct.
954 609 1080 678 Porphyr.
1091 609 1146 663 Vit.
1156 610 1253 664 Plutin.
1263 610 1298 664 24

181 698 246 751 ὁδὲ
269 693 464 769 (Ἀνδρόνικος)
488 698 522 750 τά
540 693 744 769 Ἀριστοτέλους
767 701 813 750 καὶ
835 700 1018 770 Θεοφράστου
1043 703 1081 758 εἰς
1105 703 1299 771 πραγματείας

181 787 271 848 διεῖλε,
293 788 341 847 τὰς
358 790 458 846 οἰκείας
486 788 632 846 ὑποθέσεις
651 791 689 846 εἰς
707 787 809 839 ταύτὸν
829 789 1002 857 συναγαγών.
1040 785 1097 839 Ind.
1113 785 1193 840 Arcb.
1216 805 1242 841 n.
1263 789 1298 842 90

180 892 205 944 p.
217 874 324 928 1473R.
353 903 387 912 —
414 873 516 927 Indicos
539 874 665 927 librorum
683 872 927 940 Aristotelicorum,
948 890 1057 943 quorum
1081 877 1172 928 auctor
1194 875 1298 930 videtur

179 961 384 1032 Hermippus
402 961 593 1016 Alexandrinus
616 963 709 1029 (noun.
730 961 769 1028 C.)
788 979 859 1029 esse,
887 963 995 1016 exstant
1012 963 1076 1016 duo:
1104 964 1173 1016 ulter
1194 965 1299 1032 gemine

179 1051 277 1105 Inertii
300 1051 425 1120 Diogenis
451 1051 486 1118 (V
508 1051 625 1117 21-27)
653 1055 680 1104 et
704 1050 829 1118 Hesychii
853 1050 917 1118 (500
935 1068 960 1121 p.
979 1049 1020 1116 O.)
1042 1052 1197 1119 recensione,
1221 1053 1297 1119 ulter,

180 1141 225 1210 qui
256 1141 405 1194 Ptolemaeo
438 1139 540 1192 cuidam
570 1140 723 1210 philosopho
757 1139 930 1204 adscribitur,
967 1139 999 1192 ab
1032 1139 1164 1194 Arabibus
1197 1141 1300 1195 duobus

180 1247 246 1283 suec.
265 1229 330 1282 XIII
349 1229 519 1299 scriptoribus
538 1229 662 1296 traditus,
681 1227 760 1282 uAr.
780 1229 871 1296 fragm.
890 1245 916 1298 p.
928 1229 1189 1284 1463-1473R0se.
1206 1259 1240 1268 —
1258 1229 1300 1282 De

179 1319 290 1388 perditis
303 1317 349 1372 Ar.
359 1319 434 1372 libris
453 1319 626 1388 scripserunt:
645 1316 1299 1388 VuI.Rose,Aristotelespseudepigraphue,Lips.

1 1471 2 1474 ρ
180 1407 258 1461 1863.
294 1406 324 1460 Ε.
342 1406 429 1472 Heitz,
448 1406 474 1459 d.
494 1407 588 1460 certor.
607 1405 741 1472 Schriften
760 1405 807 1459 διε
821 1404 880 1472 Ar,
894 1406 964 1476 Lips.
984 1404 1062 1460 1865.
1083 1434 1116 1443 -
1134 1406 1173 1460 De
1192 1407 1301 1476 scrIptis

178 1495 225 1550 Ar.
244 1497 270 1548 in
289 1495 439 1548 universum
457 1495 612 1549 cf.Bruudis
630 1495 657 1548 II
675 1496 700 1561 2,
719 1493 855 1561 65-123;
875 1495 959 1548 Zeller
976 1495 1003 1548 H
1021 1496 1057 1548 2³
1076 1495 1207 1550 50-160.

633 1751 843 1758 m

320 1979 368 2056 De
394 1925 603 2076 philosophie
629 1979 662 2054 in
692 2001 810 2074 genere
837 1978 973 2074 eiusque
1000 1973 1160 2072 pertibus.

131 2346 171 2386 eoo
247 2332 324 2396 Met.
346 2331 409 2394 12.
434 2329 516 2396 9821)
535 2339 585 2396 12.
631 2332 697 2395 Aac
720 2330 780 2416 γάρ
805 2330 842 2394 τό
858 2327 1042 2411 θαυμάζειν
1066 2323 1097 2394 οὶ
1122 2326 1297 2415 όίνθρωποι
1324 2326 1481 2433 Ρᾞξὲζεξξ“θ

180 2436 312 2502 τοίνυν
335 2435 392 2502 καὶ
423 2438 460 2501 τὸ
483 2449 615 2523 πρῶτον
637 2433 774 2524 ήρξαντο
798 2434 1037 2523 φιλοσοφεῖν“,’
1054 2431 1090 2511 ἐξ
1112 2431 1209 2522 άρχής
1238 2431 1298 2516 μὲν
1348 2435 1447 2488 ‘finitus

179 2544 221 2608 τά
245 2543 401 2629 πρόχειρα
425 2555 488 2606 τῶν
517 2540 651 2628 άπόρων
680 2541 929 2625 θαυμάσαντες,
965 2531 1037 2604 εἶτα
1067 2540 1154 2604 κατὰ
1182 2541 1299 2625 μικρὸν

180 2651 264 2714 citur
287 2648 458 2736 προϊόντες
480 2647 537 2712 καί
561 2647 639 2734 περὶ
663 2661 728 2712 τῶν
749 2645 904 2730 μειζόνων
927 2646 1200 2734 διαπορήσαντες,
1231 2636 1299 2710 οἷον

180 2752 259 2842 περί
281 2778 316 2820 τε
338 2768 403 2819 τῶν
417 2766 474 2842 τής
490 2755 621 2842 σελήνης
637 2753 849 2841 παθημάτων
871 2751 929 2818 καὶ
952 2765 1016 2816 τῶν
1039 2751 1117 2840 περὶ
1139 2753 1195 2816 τὸν
1209 2751 1299 2840 ήλιον
1401 2737 1406 2746 ’

180 2860 237 2926 καί
267 2859 345 2947 περὶ
374 2859 502 2946 δίστρων
530 2858 588 2924 καί
611 2858 689 2946 περὶ
712 2872 769 2949 τής
791 2869 849 2924 τοῦ
871 2860 995 2936 παντὸς
1018 2855 1175 2943 γενέσεως.
1222 2857 1240 2923 ό
1263 2847 1296 2923 δ’

179 2967 313 3054 ἀπορῶν
336 2965 393 3032 καί
416 2965 597 3048 θαυμάζων
621 2961 725 3031 οἴεται
749 2965 882 3051 άγνοεῖν.
915 2963 1048 3031 διὸκαὶ
1071 2963 1089 3030 δ
1112 2964 1299 3052 φιλόμυθος

179 3073 361 3162 φιλόσοφός
383 3073 456 3150 πάις
472 3071 575 3138 ἐστιν·
606 3072 700 3159 ὁγὰρ
715 3077 824 3155 μῦθος
846 3073 1013 3157 σύγκειται
1036 3069 1073 3136 ἐκ
1092 3068 1297 3155 θαυμασίων.

179 3168 262 3245 ὥστ’
280 3175 374 3263 εἴπερ
398 3178 454 3243 διὰ
476 3179 515 3244 τὸ
537 3178 665 3265 φεύγειν
687 3180 744 3266 τήν
768 3177 901 3263 ἄγνοιαν
923 3175 1175 3265 ἐφιλοσόφησαν,
1199 3201 1298 3266 φανε-

179 3287 234 3372 ρὸν
257 3287 309 3352 ὅτι
332 3285 448 3350 διὰτὸ
471 3280 591 3350 εἰδέναι
614 3287 652 3350 τὸ
676 3281 884 3350 ἐπίστασθαι
907 3280 1057 3364 ἐδίωκον,
1082 3281 1140 3348 καὶ
1164 3281 1200 3348 ού
1220 3285 1299 3372 χρή-

108 3419 110 3423 ·
179 3393 260 3470 σεώς
282 3415 371 3468 τινος
394 3389 505 3456 ἕνεκεν.
551 3394 708 3478 μαρτυρεῖ
731 3389 768 3456 δὲ
791 3389 870 3456 αὐτὸ
901 3391 940 3456 τὸ
963 3389 1181 3477 συμβεβηκός·
1227 3411 1299 3470 σχε-

179 3499 234 3564 δὸν
274 3499 335 3584 γάρ
376 3497 510 3562 πάντιυν
550 3496 760 3584 ’ὑπαρχόντων
800 3510 865 3562 τῶν
899 3492 1083 3581 άναγιαίων
1119 3492 1176 3560 καί
1214 3496 1300 3582 πρὸς

178 3605 343 3692 ῥᾳστώνην
366 3602 423 3668 καὶ
446 3604 607 3690 διαγωγήν
622 3606 641 3690 ή
658 3603 791 3690 τοιαύτη
808 3603 963 3690 φρόνησις
978 3600 1099 3689 ήρξατο
1115 3600 1298 3690 ζητεῖσθαι.
1388 3677 1390 3682 .

179 3711 280 3798 δῆλον
310 3706 365 3776 oio
399 3710 443 3786 ὡς
472 3697 518 3774 δι’
537 3706 689 3792 ούδεμίαν
725 3707 824 3797 αὐτήν
855 3708 1011 3796 ζητοῦμεν
1038 3705 1148 3794 χρείαν
1177 3702 1299 3796 ἑτέραν,

178 3805 255 3880 ἀλλ’
274 3819 385 3902 ὥσπερ
416 3814 595 3904 ἄνθρωπός
625 3839 731 3903 φαμεν
758 3814 929 3902 ἐλεύθερος
953 3813 971 3879 ὁ
994 3814 1094 3880 αὑτοῦ
1120 3810 1213 3880 ἕνεκα
1240 3812 1298 3878 καί
1395 3799 1398 3804 ’

177 3923 222 4009 μή
246 3919 345 3987 άλλου
369 3920 422 4002 dv,
446 3919 611 3987 οὕτωκαὶ
636 3923 716 4010 αὕτη
743 3920 823 4008 μόνη
847 3918 1007 4008 ἐλευθέρα
1031 3915 1111 3984 οὖσα
1134 3933 1199 3985 τῶν
1221 3917 1298 3985 ἑπι-

178 4041 325 4116 στημῶν·
355 4028 436 4116 μόνη
461 4029 520 4114 γάρ
545 4026 626 4116 αὐτή
642 4029 740 4116 αὖτής
763 4025 868 4093 ἕνεκέν
887 4025 983 4092 ἔστιν.
1014 4026 1067 4092 διὸ
1089 4023 1146 4090 καί
1163 4021 1299 4104 δικαίως

178 4135 216 4200 δν
239 4133 297 4199 οὐκ
319 4131 513 4221 ἀνθρωπίνη
535 4131 699 4216 νομίζοιτο
723 4133 822 4222 αύτής
844 4135 864 4221 ή
887 4145 1015 4220 κτήσις·
1062 4131 1214 4220 πολλαχῇ
1237 4133 1298 4220 γὰρ

177 4240 318 4329 ήφύσις
341 4240 438 4328 δούλη
468 4251 533 4304 τῶν
556 4239 742 4327 ἀνθρώπων
765 4236 861 4320 ε’στίν,
891 4241 974 4304 ίόστε
1005 4240 1091 4304 κατὰ
1114 4234 1298 4326 Σιμωνίδην

178 4349 258 4423 θεὸς
285 4347 323 4411 δν
352 4345 449 4430 μόνος
471 4335 563 4412 τοῦτ>
581 4342 647 4428 ἐμοι
677 4344 786 4435 μέρος,
822 4345 923 4431 άνδρα
947 4333 980 4410 δ’
999 4343 1057 4410 ούκ
1080 4343 1171 4424 άξιον
1192 4345 1238 4432 μή
1262 4343 1298 4410 οὐ

179 4451 284 4540 ζητεῖν
318 4455 376 4540 τήν
409 4443 495 4517 καθ’
526 4453 622 4518 αὑτὸν
655 4452 846 4540 ἐπιστήμην.
884 4447 927 4520 ,εἰ
960 4451 999 4539 δή
1035 4447 1164 4536 λέγουσί
1197 4476 1230 4516 τι
1265 4447 1297 4516 οὶ

1027 4559 1083 4612 20*
