3150 4996
295 349 333 412 66
771 358 930 416 Heraclitus.

131 495 294 600 111111...
361 515 484 582 Herna.
507 517 545 584 fr.
570 525 611 587 oo
635 518 706 604 (τε)
734 537 782 604 ap.
807 519 892 605 orig.
915 539 941 586 ο.
965 519 1043 587 sels.
1067 521 1112 588 vr
1136 529 1187 588 ιε.
1229 515 1332 602 ’τινος
1354 523 1413 612 γὰρ
1432 529 1462 572 ³⁷

296 618 492 712 ἇνθρῶπεὶον
514 626 572 712 μὲν
594 621 650 692 oda
671 623 731 709 ἔχει
749 623 872 714 γνώμας
885 638 907 710 ⁸,
932 635 1019 694 θεῖον
1035 629 1068 695 δὲ
1084 630 1152 710 ἔχει.
1184 629 1234 695 Fr.
1252 639 1291 698 97
1308 629 1413 718 (138).

294 725 369 820 ἀνὴρ
387 725 509 819 [νήπιος]
526 724 635 821 ἤκουσε
650 731 663 773 ¹³
679 731 756 822 πρὸς
771 737 940 818 δαίμονος1
963 730 1098 823 ὅκωσπερ
1114 747 1185 812 παῖς
1201 730 1275 822 πρὸς
1289 724 1413 824 inopte.

294 836 395 905 Schol.
418 840 456 905 Β.
485 839 520 905 in
548 841 587 906 Il.
609 840 654 906 IV
678 847 709 920 4,
738 860 769 924 p.
795 850 858 907 120
875 841 931 906 Bk.
978 850 1114 910 συντελεῖ
1145 837 1264 909 ἅπαντα
1293 839 1309 909 d
1340 839 1415 921 θεὸς

293 939 371 1030 πρὸς
399 939 550 1033 ἆρμονίαν
571 945 635 1012 τῶν
657 943 747 1027 ὅλων,
771 949 939 1031 οἰκονομῶν
961 944 1000 1014 τὰ
1030 951 1246 1036 συμφέροντα·
1271 943 1343 1034 ὅπερ
1364 956 1414 1016 καὶ

292 1044 486 1138 Ἡράκλειτος
497 1056 586 1138 λέγει,
610 1045 652 1130 ὦς
663 1053 709 1142 τῷ
719 1056 776 1136 μίν
788 1060 854 1142 θεῷ
865 1053 941 1120 καλὰ
953 1049 1051 1120 πάντα
1062 1062 1110 1121 καὶ
1123 1051 1228 1140 ιλγαθίι
1243 1061 1290 1124 καὶ
1303 1061 1412 1138 δίκαια,

293 1150 455 1245 ἅνθρωποι
472 1161 507 1225 δὲ
524 1155 544 1225 ἃ
559 1161 615 1245 μὲν
626 1155 718 1226 ι’ίδικα
729 1153 939 1246 ίπειλὴφασιν,
956 1157 1021 1228 ἃδέ
1033 1167 1132 1228 δίκαια
1147 1172 1167 1228 ⁰.
1196 1163 1247 1228 Fr.
1266 1171 1304 1229 61
1328 1163 1413 1246 Byw.

364 1280 394 1323 a.
421 1267 537 1335 Γνιῖμαι
555 1266 618 1320 sunt
636 1281 711 1320 verae
728 1267 843 1320 rationes
862 1283 882 1320 τ.
901 1267 1033 1333 αο1ἱοοει;
1052 1268 1085 1322 ei.
1104 1269 1153 1322 Iou
1171 1269 1254 1324 Chius
1273 1285 1314 1338 up.
1333 1270 1412 1338 Diog.

293 1357 309 1411 1
327 1355 387 1411 120.
407 1355 482 1424 εῖπερ
501 1352 665 1424 Πυθαγόρης
682 1349 801 1424 ἐτύμως,
819 1354 934 1426 ὁσοφδς
947 1360 1011 1424 περὶ
1025 1355 1138 1409 πάντων
1152 1349 1318 1426 ἀνθρώπων,
1336 1355 1414 1426 γνοί-

293 1465 350 1514 μοις
369 1431 428 1498 εἶδε
446 1445 491 1496 καί
509 1443 654 1515 ἐξέμαθεν.

365 1533 397 1591 b.
425 1533 582 1604 „Appellari
596 1535 650 1589 sive
664 1532 755 1589 haberi
769 1530 863 1588 solet.“
902 1534 958 1590 Ηοο
977 1533 1057 1590 dicit:
1077 1535 1207 1590 hominem
1226 1535 1348 1590 adultum
1367 1535 1413 1590 deo

294 1624 498 1693 (comparatum)
525 1639 580 1678 esse
607 1622 750 1678 infantium
768 1625 796 1676 et
814 1623 995 1693 imperitorum
1018 1625 1045 1677 in
1073 1639 1192 1690 numero,
1220 1641 1271 1695 qno
1298 1625 1354 1680 loeo
1379 1625 1414 1679 ab

295 1711 396 1766 adultis
409 1713 483 1782 pueri
497 1712 651 1768 habeantur.
689 1712 780 1768 Simile
794 1712 919 1782 quiddam
937 1713 1000 1768 Her.
1019 1713 1128 1778 dietum,
1148 1713 1181 1768 fr.
1201 1714 1235 1770 98
1250 1717 1277 1768 et
1294 1715 1329 1770 99
1348 1714 1414 1783 (15),

294 1803 336 1856 est
353 1817 396 1871 ap.
414 1800 485 1856 Plat.
504 1802 584 1872 Hipp.
604 1802 667 1856 mai.
681 1802 778 1858 28913:
803 1798 963 1873 α’νθροίπιον
980 1799 995 1853 ὁ
1015 1795 1176 1871 σοφώτατος
1195 1800 1264 1870 πρδι
1282 1801 1350 1854 θεὸν
1368 1805 1415 1856 πί-

295 1892 377 1953 θηκος
395 1895 524 1958 φανεῖται
542 1891 588 1942 καὶ
606 1893 691 1961 σοφίᾳ
709 1892 752 1942 καί
770 1883 861 1943 κιὶλλει
880 1894 927 1943 καὶ
945 1896 1001 1950 τοῖς
1016 1887 1108 1950 ἄλλοις
1121 1894 1213 1944 πᾶσιν.
1244 1889 1414 1947 1bid.289A
1442 1935 1445 1942 .

296 1976 422 2040 πιθήκων
440 1971 456 2029 o‘
473 1970 615 2037 κάλλιστος
642 1977 754 2050 αἰσχρός
780 1975 851 2050 drap
878 1979 954 2047 γένει
972 1978 1147 2049 συμβάλλειν.
1183 1979 1269 2034 Aliter
1288 1979 1414 2036 Sahuster

295 2084 321 2138 p.
331 2065 502 2123 3411111111.
512 2069 547 2124 97
557 2069 630 2137 (138)
644 2069 848 2139 interpretatur:
867 2083 950 2138 genus
964 2067 1109 2122 humanum
1127 2085 1187 2123 eum
1204 2084 1293 2124 reeens
1307 2069 1340 2124 ab
1355 2071 1414 2123 ortu

295 2159 365 2212 esset
379 2159 406 2211 et
419 2157 514 2226 puerili
529 2158 605 2227 quasi
619 2158 716 2223 aetate,
735 2157 808 2226 loqui
823 2156 946 2212 didicisse
957 2157 1038 2222 adeo,
1057 2159 1098 2211 uti
1107 2173 1177 2213 nuno
1186 2174 1203 2212 a
1212 2158 1266 2212 uiro
1276 2157 1414 2213 infantem.

366 2259 394 2306 a.
421 2245 539 2315 Respicit
564 2245 629 2302 haee
651 2246 775 2316 Hippocr.
800 2245 830 2299 de
855 2246 953 2300 Diaeta
971 2245 985 2299 I
1004 2248 1037 2300 ll
1063 2247 1189 2317 (Bernays
1213 2247 1274 2300 Her.
1293 2247 1354 2314 22):
1381 2243 1415 2297 τδ

296 2338 349 2405 μὲν
367 2324 418 2387 οὖν
436 2333 580 2405 ἄνθρωποι
597 2332 729 2388 διέθεσαν
748 2332 876 2386 οὐδέκοτε
889 2333 960 2387 nard
974 2330 1064 2386 τωδτδ
1078 2331 1141 2402 ἔχει,
1159 2331 1222 2386 οὔτε
1240 2331 1332 2404 ὀρθῶς
1351 2331 1415 2386 οὔτε

296 2421 334 2494 μὴ
352 2421 461 2494 ὀρθῶς·
479 2423 563 2476 ὁκόσα
581 2423 615 2478 δὲ
632 2424 695 2476 θεοὶ
713 2422 847 2476 διέθεσαν
866 2419 909 2476 cisi
932 2418 1024 2490 ὀρθοῖς
1051 2419 1121 2491 ἔχει,
1146 2422 1192 2474 καὶ
1215 2421 1249 2474 ια’
1272 2419 1343 2492 ὀρθοὶ
1370 2423 1415 2474 καὶ

297 2511 330 2565 τοί
346 2510 386 2583 μή
405 2508 485 2583 δρθιῖ.
514 2517 645 2566 τοσοῦτον
664 2511 799 2582 διαφέρει.

365 2655 447 2724 Sext.
471 2657 579 2742 Pyrrh.
603 2656 650 2721 III
674 2662 749 2722 230.
793 2649 826 2724 ‘O
850 2657 883 2722 δὲ
905 2648 1094 2740 Ἡράκλειτός
1123 2679 1216 2740 φησιν
1238 2652 1285 2720 ὅτι
1308 2659 1356 2719 καὶ
1379 2648 1414 2719 td
1434 2692 1463 2732 23

298 2766 351 2852 ζῆν
373 2771 422 2832 καὶ
444 2763 481 2832 τὸ
504 2759 673 2830 ἀποθανεῖν
702 2766 751 2828 καὶ
780 2765 811 2828 ἓν
841 2764 885 2851 τῷ
916 2765 968 2847 ζῆν
992 2754 1069 2846 ἡμᾶς
1091 2763 1153 2826 ἐστι
1175 2765 1223 2828 καλ
1245 2764 1277 2827 ἓν
1298 2761 1343 2851 τῷ
1365 2787 1415 2828 τε-

298 2869 432 2939 θνάναι·
457 2869 503 2936 ὅτε
532 2874 589 2954 μὲν
619 2868 676 2956 γὰρ
698 2865 782 2955 ἡμεῖς
805 2870 910 2952 ζῶμεν,
943 2867 997 2945 τὰς
1024 2863 1131 2948 ψυχὰς
1158 2862 1246 2953 ἡμῶν
1268 2862 1414 2934 τεθνάναι

297 2984 344 3046 καὶ
367 2980 399 3047 ἔν
421 2972 494 3064 ἡμῖν
516 2970 678 3064 τεθάφθαι
693 2986 715 3053 ³,
740 2969 787 3042 dre
812 2978 846 3042 δὲ
860 2969 946 3060 ἡμεῖς
961 2969 1209 3060 ἀποθνήσκομεν,
1233 2969 1287 3048 τὰς
1309 2973 1417 3056 ψυχὰς

298 3082 444 3170 ἀναβιοῦν
466 3090 515 3151 καὶ
539 3084 593 3168 ζῆν
608 3082 631 3148 b.
667 3082 716 3146 Fr.
735 3091 774 3148 67
793 3081 863 3165 (60)
886 3099 934 3162 ap.
958 3079 1116 3162 Hippolyt.
1133 3080 1179 3144 IX
1196 3087 1247 3144 10.
1278 3075 1415 3146 Ἀθάνα-

297 3201 370 3260 τοιο
391 3194 512 3278 θνητοί,
536 3195 647 3275 θνητοὶ
670 3184 831 3268 ἇθίινατοι,
858 3187 966 3266 ζῶντες
981 3185 1035 3252 τὸν
1058 3189 1175 3252 ἐκείνων
1191 3180 1337 3267 θάνατον,
1361 3182 1416 3253 τὸν

298 3303 333 3368 δὲ
354 3302 472 3368 ἐκείνων
493 3301 563 3382 βίον
585 3296 751 3370 τεθνεῶτες
765 3293 787 3360 (¹.

370 3419 397 3462 a.
424 3403 467 3458 Gi.
477 3402 555 3456 Philo
566 3404 595 3456 L.
606 3401 684 3469 alleg.
696 3401 737 3464 60,
750 3400 781 3454 C.
818 3398 867 3452 Sed
886 3397 954 3468 quod
974 3399 1050 3452 aiunt
1068 3402 1148 3468 σῶμα
1167 3413 1221 3452 esse
1240 3399 1316 3468 quasi
1333 3401 1415 3469 σῆμα,

298 3511 350 3549 non
368 3496 409 3548 est
427 3492 460 3547 ab
478 3493 539 3546 Her.
559 3491 702 3544 inventum.

368 3581 400 3637 b.
428 3578 562 3647 Quomodo
578 3578 708 3632 animuin
722 3593 814 3646 eorpus
834 3575 1002 3631 descenderit.
1040 3577 1083 3630 Fr.
1094 3577 1129 3630 83
1148 3575 1225 3644 (72⁵)
1243 3578 1270 3629 et
1288 3577 1323 3632 82
1341 3576 1416 3646 (72¹³)

299 3687 342 3741 ap.
361 3669 458 3724 Protin.
478 3667 517 3720 IV
536 3667 561 3732 8,
580 3684 605 3736 p.
625 3667 690 3721 468:
711 3663 762 3736 Ἤρ.
781 3661 896 3734 ιίμοιβοίς
921 3681 950 3716 τε
975 3661 1126 3732 α’ναγκαίας
1150 3665 1294 3730 τιθέμενος
1312 3661 1342 3715 ἐκ
1360 3669 1417 3717 τῶν

300 3757 441 3821 ἐναντίων,
459 3751 530 3807 ὁδόν
546 3770 576 3807 τε
595 3751 650 3806 ι’ὶνιο
669 3755 713 3806 καὶ
731 3753 802 3805 κάτω
821 3753 914 3820 εἰπών,
934 3755 977 3805 καὶ
991 3750 1169 3822 Μεταβιίλλον
1182 3750 1354 3806 α’ναπαιίεται
1371 3755 1417 3804 καὶ

300 3843 576 3920 superscrutemur
597 3840 688 3902 αὐτοῖς
706 3848 826 3913 μοχθεῖν
844 3845 890 3894 καὶ
907 3839 1052 3911 ἄρχεσθαι,
1074 3839 1189 3903 εἰκάζειν
1213 3837 1325 3907 ἔδωκεν,
1349 3840 1417 3912 ἄμε-

300 3935 385 4004 λήοας
403 3937 479 4006 σαφῆ
497 3934 562 4004 ἡμῖν
580 3937 691 3996 ποιῆσαι
707 3930 756 3984 τόν
775 3931 867 4000 λόγον.
904 3932 1028 3986 Extrema
1046 3931 1154 4000 interpr.
1172 3929 1269 3986 Iambl.
1287 3948 1330 4002 ap.
1344 3931 1417 3988 Stob.

300 4028 357 4084 uel.
376 4024 452 4090 141,
471 4041 496 4094 p.
515 4025 576 4079 906.
601 4025 648 4075 καί
665 4020 697 4074 sd
715 4023 769 4092 μὲν
787 4027 844 4081 τοῖς
862 4019 955 4080 αὐτοῖς
973 4017 1115 4091 ἐπιμένειν
1137 4017 1260 4090 κιίματον
1277 4007 1363 4086 εἶναι,
1386 4021 1419 4074 ad

300 4115 334 4170 δὲ
358 4109 537 4185 μεταβάλλειν
562 4111 659 4183 φέρειν
682 4108 846 4166 avanano.
884 4109 1027 4166 Obscurius
1052 4109 1083 4164 fr.
1104 4109 1138 4164 79
1156 4109 1226 4178 (71),
1245 4108 1357 4165 Numen.
1376 4125 1418 4179 ap.

374 4311 401 4380 1)
419 4310 550 4380 Beruays,
578 4309 640 4364 Her.
660 4307 703 4374 15,
726 4305 873 4378 δαήμονος.
910 4307 982 4376 Byw.
1007 4305 1116 4376 opponit
1143 4303 1215 4358 Plat.
1233 4303 1307 4359 Orat.
1326 4303 1379 4359 398
1388 4301 1419 4356 Β.

302 4401 468 4457 Adieatirnm
487 4397 589 4465 νήπιος,
609 4413 660 4468 quo
678 4398 734 4452 looo
753 4395 878 4461 traditur,
897 4396 1016 4464 ineptum
1035 4397 1084 4460 est,
1104 4397 1134 4448 at
1153 4392 1222 4447 idem
1240 4393 1376 4462 optimum,
1396 4391 1420 4444 si

300 4494 362 4562 post
380 4509 403 4547 τ.
422 4496 487 4550 παῖς
506 4491 626 4560 ponatur.
670 4487 719 4542 Sed
738 4487 771 4544 af.
791 4485 924 4551 Peterson,
943 4485 1058 4540 Hermes
1076 4483 1140 4537 XIV
1159 4483 1221 4538 304.
