3156 4988
667 367 769 421 Ethioo.
1223 361 1278 423 303

158 536 254 591 ποιίας
268 533 355 602 χάριν
373 538 556 592 συνοικοῦσιν,
577 530 645 581 ἀλλὰ
664 532 710 581 καὶ
730 538 784 580 τῶν
809 531 847 587 εἰς
866 527 914 579 τὸν
931 531 1004 593 βίον·
1043 527 1126 586 εὐθὺς
1143 527 1197 598 γάρ
1215 521 1275 598 διη-

154 639 237 690 ρηται
255 621 289 672 τὰ
309 619 384 691 ἔργα,
403 621 449 671 καὶ
469 619 545 671 ἔστιν
564 617 642 690 ἕτερα
661 615 763 689 ἀνδρὸς
787 619 834 668 καὶ
858 615 1003 683 γυναικός·
1041 615 1208 687 ἐπαρκοῦσιν
1227 611 1276 667 οὖν

154 710 290 774 ἀλλήλοις,
310 712 348 768 είς
367 709 398 760 τό
416 708 510 760 κοινὸν
528 710 649 766 τιθέντες
668 707 702 757 τὰ
722 704 789 757 ἴδια.
827 704 876 757 διὰ
895 713 983 756 ταῦτα
1006 703 1038 757 δὲ
1062 705 1159 756 καὶτὸ
1178 704 1277 776 χρησι-

154 817 214 869 μον
232 797 303 850 εἶναι
322 796 398 849 δοκεῖ
415 800 463 848 καὶ
481 797 513 847 τὸ
532 794 584 860 ἡδὺ
603 795 633 847 ἰν
652 795 736 864 ταότη
755 795 787 864 τῇ
807 795 894 862 φιλία.
932 796 972 858 εἴη
992 786 1022 844 δ’
1040 794 1075 844 δν
1092 794 1138 844 καὶ
1157 786 1198 843 δι’
1216 792 1278 862 ἀρε·

154 887 213 952 τήν,
233 889 258 937 εἰ
276 886 402 943 ἐπιεικεῖς
420 883 479 936 εἶεν.
505 883 637 952 ἔστιγὰρ
655 881 784 954 ἑκατέρου
802 881 890 952 ἀρετή,
909 883 956 932 καὶ
970 885 1097 950 χαίροιεν
1115 881 1151 931 ἀν
1169 882 1206 946 τῷ
1220 898 1276 932 τοι·

158 975 236 1042 σίτῳ.
272 1002 306 1010 -
339 970 497 1024 Servitntom
531 969 683 1039 comprobat
716 968 785 1021 siout
811 967 888 1020 Plato
922 969 976 1032 (ΕΡ
1000 967 1099 1027 nino:
1135 966 1190 1020 Pol.
1214 965 1228 1018 Ι
1251 966 1277 1020 4.

158 1060 247 1114 12531)
266 1061 302 1114 30
328 1062 376 1128 (τῷ
395 1059 569 1132 οἰκονομικῷ)
598 1059 629 1111 τὸ
655 1065 746 1129 κτῆμα
771 1059 890 1127 ὄργανον
922 1057 990 1126 πρὸς
1015 1057 1082 1121 ζωήν
1108 1057 1167 1109 ἐστι
1191 1059 1238 1108 καλ
1262 1057 1278 1122 ἡ

154 1159 250 1217 κτῆσις
269 1152 374 1216 πλῆθος
392 1150 516 1221 ὀργάνων
534 1149 600 1209 ἔστί,
619 1151 665 1199 καλ
684 1145 812 1204 όδοῡλος
825 1147 916 1211 κτῆμά
930 1164 956 1196 τι
969 1145 1106 1216 ἔμψυχον.
1125 1147 1171 1197 καὶ
1185 1143 1278 1216 ὥσπερ

154 1241 279 1311 ὄργανον
307 1239 361 1309 πρὸ
388 1239 513 1307 ὀργάνων
531 1246 587 1296 πᾶς
617 1237 754 1308 ὑπηρέτης.
784 1260 816 1270 -
845 1237 892 1286 καὶ
912 1235 927 1286 ό
945 1232 1045 1292 δοῦλος
1071 1234 1201 1306 ὑπηρέτης
1224 1243 1279 1286 τῶν

159 1328 228 1400 πρὸς
247 1327 297 1392 τὴν
315 1329 422 1398 πρᾶξιν,
459 1323 587 1378 Nonnulli
605 1323 639 1376 ad
658 1322 813 1375 servitutem
831 1320 889 1374 nati
907 1322 983 1374 sunt:
1002 1320 1058 1373 Pol.
1072 1319 1085 1372 I
1099 1320 1124 1374 5.
1141 1319 1228 1374 12541
1243 1320 1279 1373 20

157 1415 292 1485 ἔστιγὰρ
311 1416 393 1484 φύσει
412 1413 510 1473 δοῦλος
531 1416 546 1465 ὁ
565 1413 721 1484 δυνάμενος
741 1414 825 1464 ίίλλου
849 1410 921 1464 εἶναι
947 1409 1006 1478 (διὸ
1024 1414 1070 1462 καὶ
1090 1412 1174 1462 ίίλλου
1192 1409 1279 1472 ἐστίν)

154 1507 205 1554 καὶ
233 1505 248 1555 ό
271 1513 409 1555 κοινωνῶν
435 1503 521 1570 λόγου
549 1509 683 1554 τοσοῦτον
717 1500 784 1553 ὅσον
812 1501 1003 1552 αἰσθάνεσθαι
1030 1499 1098 1550 ἀλλά
1126 1499 1166 1569 μὴ
1198 1499 1277 1569 ἔχειν.

155 1588 230 1643 Talis
257 1590 358 1644 indoles
385 1589 413 1642 in
440 1589 558 1642 barbari·
591 1588 747 1658 praesertim
774 1587 925 1639 nationibus
952 1585 1083 1654 reperitur
1116 1585 1182 1652 (Pol.
1209 1585 1224 1638 Ι
1252 1586 1278 1638 2.

158 1678 248 1731 12521)
266 1678 302 1744 5),
329 1695 387 1732 oum
406 1677 514 1743 Granni,
533 1679 630 1747 quibus
648 1677 749 1730 modian
766 1677 837 1730 inter
854 1675 986 1745 Europam
1004 1678 1033 1728 ot
1051 1673 1141 1728 Asiam
1160 1675 1278 1744 regiones

155 1766 322 1834 obtigerunt,
347 1767 396 1822 soli
415 1767 470 1820 sint
487 1767 522 1820 ad
539 1767 621 1820 vitam
641 1766 742 1820 oivilom
760 1765 860 1818 idonei:
884 1764 940 1818 Pol.
959 1764 1010 1816 VH
1030 1765 1053 1817 7.
1075 1763 1162 1818 1327b
1181 1766 1216 1818 23
1244 1767 1278 1819 τά

155 1856 211 1928 μὲν
229 1857 283 1928 γάρ
301 1859 331 1910 ἐν
349 1862 407 1916 τοῖς
427 1861 544 1928 ψυχροῖς
563 1857 659 1916 τόποις
677 1857 744 1921 ἔθνη
763 1859 809 1908 καλ
828 1855 861 1906 τά
882 1858 944 1924 περὶ
963 1855 1012 1919 τὴν
1029 1855 1164 1924 Εὐρώπην
1183 1860 1279 1912 θυμοῦ

154 1949 212 2015 μέν
234 1947 293 1998 ἔστι
318 1946 418 2016 πλήρη,
443 1945 570 2004 διανοίας
594 1944 625 1996 δὲ
644 1943 804 2015 ἐνδεέστερα
822 1945 868 1996 καὶ
888 1947 994 2012 τέχνης·
1032 1941 1131 2014 διόπερ
1149 1943 1278 2014 ἐλεύθερα

154 2033 211 2103 μὲν
230 2032 351 2086 διατελεῖ
373 2035 493 2104 μᾶλλον,
521 2033 688 2084 ἀπολίτευτα
708 2032 803 2084 δὲκαὶ
822 2041 876 2082 τῶν
895 2033 1012 2095 πλησίον
1031 2031 1125 2101 ίίρχειν
1143 2031 1176 2081 οὐ
1195 2029 1278 2083 δυνά·

157 2139 236 2189 μενα.
277 2122 311 2173 τὰ
331 2121 363 2175 δὲ
382 2125 444 2191 περὶ
463 2122 512 2186 τὴν
527 2115 624 2174 Ἀσίαν
643 2119 805 2186 διανοητικὰ
828 2119 883 2191 μὲν
906 2123 953 2171 καὶ
977 2119 1085 2188 τεχνικὰ
1111 2119 1159 2183 τὴν
1179 2119 1277 2188 ψυχήν,

160 2213 260 2280 δίθυμα
287 2209 332 2262 δέ·
369 2209 469 2280 διόπερ
497 2211 638 2282 ἀρχόμενα
666 2212 713 2261 καὶ
741 2207 908 2260 δουλεύοντα
941 2205 1068 2259 διατελεῖ.
1106 2207 1137 2257 τὸ
1166 2205 1198 2258 δὲ
1225 2216 1279 2258 τῶν

155 2291 290 2362 Ἐλλήνων
314 2301 394 2366 γένος
418 2296 511 2367 ὥσπερ
534 2298 645 2369 μεσεύει
670 2297 741 2350 κατὰ
760 2296 823 2354 τοὺς
842 2296 952 2357 τόπους,
972 2295 1058 2354 οὕτως
1082 2295 1191 2365 ἀμφοῖν
1213 2314 1279 2353 αετ·

157 2388 228 2456 ἔχει·
253 2389 299 2438 καὶ
318 2386 373 2458 γὰρ
391 2387 515 2458 ἔνθυμον
532 2390 578 2439 καὶ
598 2385 773 2451 διανοητικόν
791 2385 856 2438 ἐστι.
894 2383 992 2453 διόπερ
1010 2384 1152 2454 ἐλεύθερόν
1171 2401 1198 2436 τε
1218 2383 1279 2437 δια·

158 2476 232 2527 τελεῖ
247 2478 294 2526 καὶ
311 2477 439 2542 βέλτιστα
459 2476 673 2545 πολιτευόμενον
695 2477 741 2526 καὶ
761 2473 918 2544 δυνάμενον
943 2476 1037 2546 ίίρχειν
1062 2474 1186 2535 πόντων,
1211 2483 1279 2539 μιᾶς

155 2565 299 2631 τυγχάνον
325 2565 470 2623 πολιτείας.
507 2560 550 2614 Ad
569 2561 724 2614 servitutem
748 2561 826 2613 natos
844 2559 932 2612 venari
950 2559 1022 2612 iusta
1046 2559 1109 2611 bolli
1127 2576 1206 2612 cansa
1224 2563 1278 2614 est:

158 2647 197 2701 Ib.
217 2648 274 2702 18.
295 2649 384 2703 12561)
403 2650 438 2703 23
457 2651 473 2716 ἡ
491 2652 545 2722 χάρ
563 2649 707 2722 θηρευτικὴ
723 2654 808 2721 μέρος
827 2650 909 2715 αὐτῆς
932 2650 990 2715 (τῆς
1009 2648 1173 2719 πολεμικῆς),
1200 2637 1216 2721 ᾗ
1235 2649 1280 2703 δεῖ

152 2745 281 2808 χρῆσθαι
300 2740 369 2809 πρός
386 2757 415 2792 τε
433 2741 468 2791 τὰ
486 2745 570 2812 θηρία
588 2742 635 2791 καλ
653 2749 707 2791 τῶν
721 2739 877 2808 (ἀνθρώπιον
891 2738 953 2790 ὅσοι
972 2738 1123 2807 πεφυκότες
1142 2741 1279 2806 άρχεσθαι

155 2827 199 2897 μὴ
217 2829 355 2890 θέλουσιν,
375 2829 411 2888 ὡς
430 2829 513 2897 φύσει
527 2827 638 2880 δίκαιον
651 2837 751 2880 τοῦτον
769 2829 836 2878 όντα
857 2827 905 2878 τόν
924 2827 1052 2897 πόλεμον.
1069 2852 1103 2862 -
1116 2823 1220 2878 Diversi
1238 2825 1276 2878 rei
1305 2815 1449 2911 ffigtiffim

160 2912 317 2966 domesticae
336 2913 440 2967 ordines
459 2931 516 2966 oum
535 2914 637 2983 imperii
655 2913 795 2981 gradibus,
815 2913 861 2982 qui
879 2913 907 2966 in
925 2912 1032 2966 civitate
1051 2912 1186 2980 obtinent,
1211 2930 1279 2972 oom-

157 3005 299 3071 parantur:
318 3003 373 3056 Pol.
391 3002 405 3054 I
425 3003 466 3056 12.
486 3003 577 3057 1259*
595 3004 638 3056 37.
659 3004 700 3056 13.
720 3003 809 3056 1260ιι
828 3003 844 3056 9
864 3005 947 3054 ἀλλον
966 3003 1020 3072 γάρ
1038 3003 1143 3071 τρόπον
1161 3004 1192 3054 τὸ
1206 3005 1279 3056 ἐλεύ-

159 3097 244 3160 θερον
262 3102 312 3145 τοῦ
330 3092 435 3144 δούλου
454 3095 532 3163 άρχει
549 3095 595 3144 καὶ
615 3093 646 3143 τό
666 3095 746 3164 άρρεν
765 3101 814 3144 τοῦ
831 3093 928 3156 θήλεος
946 3094 992 3142 καὶ
1011 3091 1079 3162 ἀνὴρ
1098 3089 1213 3150 παιδός·
1232 3095 1279 3144 καὶ

160 3189 249 3234 πᾶσιν
267 3183 416 3252 ἐνυπάρχει
433 3181 486 3252 μὲν
505 3181 538 3232 τά
556 3181 642 3252 μόρια
662 3189 708 3246 τῆς
727 3188 825 3248 ψυχῆς,
846 3174 905 3230 ἀλλ’
923 3181 1070 3248 ἐνυπάρχει
1085 3178 1278 3250 διαφερόντως.

159 3269 247 3340 ὁμὲν
270 3270 324 3341 χάρ
349 3268 448 3329 δοῦλος
473 3269 540 3328 ὅλως
559 3269 608 3321 οὐκ
626 3269 682 3338 ἔχει
700 3270 732 3321 τὸ
749 3269 935 3334 βουλευτικόν,
955 3269 987 3320 τὸ
1005 3267 1036 3320 δὲ
1056 3270 1126 3333 θῆλυ
1145 3269 1200 3337 ἔχει
1217 3273 1277 3340 μέν,

158 3353 221 3408 ἀλλ’
246 3360 357 3427 ἄκυρον·
396 3359 411 3409 ὁ
438 3357 470 3410 δὲ
498 3363 566 3417 παῖς
593 3357 650 3426 ἔχει
675 3361 742 3427 μέν,
771 3353 831 3408 ἀλλ’
858 3357 956 3415 ἀτελές.
992 3353 1055 3408 Eth.
1074 3353 1132 3407 Nic.
1151 3353 1216 3406 VIII
1236 3355 1278 3408 12.

161 3445 250 3498 11601)
268 3444 305 3498 24
323 3447 339 3511 η
355 3446 409 3518 μὲν
427 3447 481 3517 γὰρ
499 3447 603 3515 πατρὸς
622 3447 690 3519 πρὸς
711 3448 776 3504 υἱεῖς
795 3450 923 3496 κοινωνία
942 3446 1082 3510 βασιλείας
1100 3444 1155 3513 ἕχει
1170 3452 1278 3514 σχῆμα·

158 3543 214 3586 τῶν
232 3537 333 3586 τέκνων
351 3535 405 3604 χάρ
423 3537 460 3602 τῷ
479 3538 564 3605 πατρὶ
582 3537 666 3606 μέλει.
685 3562 719 3571 -
739 3534 884 3606 τυραννικὴ
903 3533 934 3586 δὲ
953 3536 998 3584 καὶ
1017 3533 1033 3597 ἡ
1052 3531 1191 3585 δεσπότου
1211 3533 1279 3603 πρὸς

158 3621 288 3682 δούλους·
309 3624 341 3675 τό
358 3623 412 3695 γάρ
426 3633 477 3676 τοῦ
494 3623 634 3676 δεσπότου
653 3627 798 3696 συμφέρον
815 3625 845 3676 ἐν
863 3623 932 3693 αὐτῇ
951 3623 1107 3694 πράττεται.
1125 3653 1161 3664 -
1179 3619 1280 3694 ἀνδρὸς

158 3711 192 3764 δὲ
210 3715 258 3764 καὶ
276 3713 406 3780 γυναικὸς
425 3713 635 3784 ἀριστοκρατικὴ
654 3717 797 3781 φαίνεται’
825 3705 887 3764 κατ’
905 3712 987 3772 ἀξίαν
1005 3710 1059 3779 γάρ
1077 3712 1092 3761 ό
1111 3709 1179 3781 ἀνὴρ
1193 3712 1280 3780 ίίρχει,

158 3804 206 3852 καὶ
225 3804 287 3872 περὶ
306 3810 394 3853 ταῦτα
414 3800 431 3852 ἀ
450 3800 496 3854 δεῖ
513 3802 561 3852 τὸν
580 3799 682 3870 ἀνδρα·
720 3799 773 3853 ὅσα
793 3799 824 3852 δὲ
842 3802 952 3868 γυναικὶ
967 3799 1083 3870 ἁρμόζει,
1103 3799 1189 3868 ἐκείνη
1209 3798 1280 3850 ἀπο·

161 3887 286 3941 δίδωσιν.
306 3915 346 3936 -·
360 3891 538 3960 τιμοκρατικῇ
557 3884 588 3941 δ’
606 3889 693 3940 ἔοικεν
711 3889 726 3954 ἦ
746 3898 800 3940 τῶν
818 3888 959 3957 ἀδελφῶν
986 3890 1043 3938 ίσοι
1061 3888 1122 3958 γάρ,
1144 3887 1214 3952 πλὴν
1228 3881 1276 3955 ἐφ’

159 3976 229 4029 ὅσον
247 3982 308 4036 ταῖς
327 3977 441 4042 ἡλικίαις
459 3977 679 4030 διαλλάττουσιν.

231 4115 262 4170 b.
290 4116 351 4170 Non
378 4120 485 4187 proptor
512 4117 650 4170 vivendum
676 4117 771 4170 civitas
796 4115 981 4180 constituitur,
1010 4115 1056 4170 soil
1080 4115 1188 4184 proptor
1214 4113 1279 4166 beno

161 4203 310 4258 vivendum:
329 4205 385 4258 Pol.
404 4205 444 4258 III
463 4207 488 4260 9.
508 4205 597 4260 1280b
616 4205 651 4259 29
677 4207 797 4278 φανερὸν
820 4209 913 4256 τοίνυν
937 4205 979 4257 ὅτι
1005 4206 1020 4270 ἡ
1045 4206 1124 4264 πόλις
1148 4203 1197 4255 οὐκ
1221 4203 1280 4256 ἔστι

160 4298 291 4346 κοινωνία
316 4295 405 4346 τόπου
428 4299 475 4347 καὶ
499 4303 549 4347 τοῦ
564 4295 605 4366 μὴ
630 4293 737 4346 ἀδικεῖν
755 4303 831 4364 σφᾶς
850 4293 950 4352 αὐτοῖς
974 4295 1021 4344 καὶ
1040 4301 1086 4358 τῆς
1103 4292 1280 4363 μεταδόσεως

158 4383 250 4454 χάριν,
271 4380 340 4434 ἀλλὰ
360 4384 518 4455 ταῦταμὲν
536 4383 689 4452 ἀναγκαῖον
709 4384 849 4452 ὑπάρχειν,
869 4385 945 4451 εἴπερ
964 4381 1042 4434 ἔσται
1061 4381 1147 4443 πόλις,
1174 4381 1207 4433 οὐ
1223 4381 1280 4451 μὴν

164 4465 227 4521 οὐδ’
248 4470 428 4543 ὑπαρχόντων
451 4473 556 4523 τούτων
580 4472 713 4524 ἀπάντων
730 4469 782 4536 ἤδη
801 4469 892 4528 πόλις·
931 4464 991 4520 ἀλλ’
1009 4469 1024 4534 ἦ
1043 4465 1140 4522 τοῦτό
1159 4471 1204 4536 ζῆν
1221 4488 1280 4522 κοι-
