3148 4984
678 325 807 378 Plotinus.
1247 322 1301 382 1131

181 500 239 538 cum
257 484 297 538 ita
315 484 352 538 sit
370 484 441 538 inter
459 483 624 538 intellectum
643 486 671 538 st
688 486 811 538 naturam
830 483 931 554 posita,
957 487 990 538 ut
1014 487 1041 538 st
1060 501 1164 538 sursum
1183 488 1212 538 et
1230 485 1301 538 decr-

181 589 238 626 sum
256 573 397 642 pertineat,
417 573 448 628 cf.
467 571 534 628 Eun.
554 573 591 626 lv
611 573 636 640 8,
655 574 671 627 3
692 572 745 642 (ΒΡ
764 573 863 639 5126);
882 574 917 627 ib.
938 575 955 626 8
981 585 1059 628 πασα
1079 576 1132 648 γὰρ
1152 577 1228 646 ψυχὴ
1246 577 1304 644 ἔχει

181 683 207 715 τι
225 667 271 716 καὶ
291 673 342 715 τοῦ
358 665 432 715 κτίτω
450 664 519 735 πρὸς
538 665 570 716 τὸ
589 673 670 736 σῶμα
689 667 735 716 καὶ
754 673 804 716 τοῦ
819 667 875 716 ύνω
894 665 963 738 πρὸς
982 673 1054 716 νοῦν.
1082 663 1200 733 Denique
1215 664 1304 718 omniu

179 751 379 805 conciliantibus
397 751 452 806 11116
470 751 621 804 referuntur
639 751 673 804 ad
691 752 804 822 primum
822 752 994 822 principium:
1013 751 1026 804 I
1045 753 1070 818 7,
1089 753 1106 805 2
1130 755 1164 806 τὰ
1183 749 1213 806 δ’
1232 757 1302 806 ἄλλα

179 845 272 894 πάντα
291 843 360 914 πρὸς
379 842 447 893 αὐτὸ
464 842 507 906 (τὸ
526 839 565 904 ἓν)
585 851 659 907 nuic,⁸
678 844 693 906 ἢ
712 842 817 913 τὰμὲν
836 845 933 911 ἰίψυχα
954 843 1022 916 πρὸς
1041 843 1147 912 ψυχήν,
1174 844 1250 914 ψυχὴ
1269 843 1301 896 δὲ

179 933 248 1002 πρὸς
267 931 336 982 αὐτὸ
355 929 404 983 διὰ
423 938 481 982 νοῦ.
517 927 555 980 IV
573 929 598 996 3,
619 929 653 983 12
678 939 741 990 νοῦς
760 930 791 984 δὲ
810 939 866 990 πᾶς
885 932 928 984 ἀεὶ
947 935 1011 995 λίνω,
1031 957 1064 970 -
1084 936 1190 1003 πέμπει
1209 936 1247 992 eie
1265 933 1302 985 τοὶ

179 1019 244 1092 τῇδε
264 1019 312 1072 διὰ
333 1027 429 1089 ψυχῆς.
446 1019 523 1088 ψυχὴ
536 1017 573 1084 δὴ
587 1047 620 1055 -
640 1018 743 1074 δίδωσι
762 1024 820 1080 τοῖς
836 1015 885 1072 ὑπ’
904 1021 995 1086 αὐτήν.
1024 1017 1096 1073 GRV
1111 1018 1164 1086 {aa
1179 1024 1302 1092 πέφυκεν

180 1105 229 1161 οὖν
247 1109 281 1160 τὰ
299 1106 353 1180 μὲν
373 1107 478 1160 ὕστατα
498 1107 528 1160 ἐν
553 1112 610 1167 τοῖς
629 1109 684 1180 πρὸ
704 1109 794 1160 αὐτῶν
813 1109 955 1172 ὑστάτοις,
982 1109 1015 1162 τὰ
1036 1104 1065 1162 δ’
1083 1111 1114 1161 έν
1133 1111 1252 1181 πρώτοις
1270 1111 1301 1164 έν

179 1202 237 1257 τοῖς
256 1199 406 1270 προτέροις,
425 1199 472 1248 καὶ
491 1198 558 1248 uuo
577 1197 606 1249 έν
625 1199 703 1264 ἄλλῳ,
724 1195 773 1257 ἕως
791 1201 830 1258 εἰς
848 1207 959 1270 πρῶτον
978 1199 1067 1271 ἀρχῆς.
1097 1199 1167 1271 ἀρχὴ
1186 1197 1225 1264 δέ,
1253 1200 1299 1252 έίτε

177 1285 267 1358 μηδὲν
285 1286 389 1355 ἔχουσα
409 1286 463 1356 πρὸ
482 1285 571 1352 αὐτῆς,
592 1285 641 1338 οὐκ
660 1285 716 1356 ἔχει
734 1286 764 1338 ἐν
782 1285 842 1354 ὅτῳ,
855 1289 940 1355 ἄλλῳ·
969 1287 1009 1358 μὴ
1028 1287 1131 1356 ἔχουσα
1151 1286 1170 1339 δ
1174 1281 1181 1301 '
1199 1289 1228 1340 ἐν
1247 1287 1301 1356 ὅτῳ

180 1375 247 1433 αὕτη
271 1384 325 1426 τῶν
351 1376 439 1426 ἄλλων
464 1377 550 1426 ὄντων
575 1375 681 1434 ἐντοῖς
706 1376 760 1445 πρὸ
780 1375 869 1428 αὐτῶν
889 1377 923 1427 τὰ
943 1379 1011 1428 (aba
1031 1378 1187 1449 περιείληφε
1207 1377 1299 1428 πάντα

179 1464 253 1529 αὐτή.
289 1461 334 1514 Ita
359 1461 445 1516 omnia
469 1478 550 1516 unum
575 1464 692 1516 tenorem
717 1462 817 1516 habent
840 1465 882 1529 et,
908 1463 931 1516 si
949 1463 1063 1534 primum
1087 1463 1244 1533 principium
1262 1480 1300 1516 rs

178 1551 289 1620 spicias,
315 1551 348 1603 ab
367 1567 419 1604 uno
437 1549 566 1620 pendent,
593 1549 662 1620 quod
687 1553 795 1621 propter
819 1551 847 1606 id
865 1551 953 1621 ipsum
972 1552 1040 1606 solet
1058 1553 1185 1622 appellari
1203 1553 1299 1606 bouum

177 1639 234 1706 (sed
262 1639 294 1693 cf.
313 1645 358 1692 R?
377 1640 481 1704 514atz
505 1639 688 1706 Enn.17,1
718 1650 799 1694 τοῦτο
827 1641 873 1696 δεῖ
897 1643 1025 1710 τάγαθὸν
1047 1647 1193 1707 τίθεσθαι,
1222 1647 1259 1702 εἰς
1285 1643 1301 1694 ὃ

177 1732 270 1783 πάντα
290 1730 450 1798 ἀνήρτηται,
478 1729 545 1782 αὐτὸ
565 1729 596 1784 δὲ
615 1734 653 1790 εἰς
671 1729 767 1801 μηδέν.
803 1729 843 1783 lh.
863 1731 933 1796 112.
958 1731 1018 1784 ἔστι
1041 1731 1072 1784 δὲ
1098 1741 1192 1795 τοῦτο,
1222 1735 1259 1792 είς
1284 1731 1301 1784 ὃ

178 1821 269 1871 πάντα
295 1818 443 1891 ἀνήρτηται
467 1821 514 1870 καὶ
540 1809 573 1870 οὗ
599 1821 693 1871 πάντα
717 1820 751 1871 τὰ
776 1822 842 1871 ὅντα
867 1820 974 1890 ἐφίεται
1000 1819 1088 1892 ἀρχὴν
1112 1819 1211 1888 ἔχοντα
1232 1821 1300 1872 αὐτὸ

176 1909 303 1960 κάκείνου
322 1905 448 1978 δεόμενα.
487 1907 518 1958 τὸ
537 1901 566 1958 δ’
584 1907 660 1960 ἐστὶν
679 1907 809 1972 ἀνενδεές,
837 1909 932 1960 ἱκανὸν
950 1908 1045 1975 ἑαυτῷ,
1064 1907 1183 1979 μηδενὸς
1202 1909 1299 1978 δεύμε-

176 2017 239 2060 νον,
266 1999 369 2068 μέτρον
388 1997 509 2048 ,πάντων
531 1998 578 2048 καὶ
604 1999 700 2067 πέρας,
731 1995 797 2056 δούς
821 1997 850 2058 ἐξ
869 1997 955 2048 αὐτοῦ
979 2005 1046 2048 νούν
1068 2000 1115 2048 καὶ
1135 1998 1234 2050 οὐσίαν
1251 2001 1299 2050 καὶ

178 2085 271 2154 ψυχὴν
288 2087 336 2137 καὶ
356 2085 422 2150 ζωὴν
439 2087 486 2136 καὶ
505 2087 568 2155 περὶ
587 2093 654 2136 νοῦν
672 2085 816 2157 ἐνέργειαν.
854 2082 930 2148 Quod
955 2101 1005 2153 quo
1030 2087 1107 2154 pacto
1132 2087 1237 2154 praesto
1262 2085 1301 2138 sit

176 2173 296 2226 omnibus
315 2175 344 2225 et
361 2172 448 2226 omnia
466 2187 500 2224 ex
518 2189 548 2226 eo
567 2171 721 2226 exstiterint
738 2172 765 2226 iu
780 2189 861 2242 eoque
880 2172 1036 2240 consistant,
1055 2173 1083 2226 id
1101 2173 1194 2227 multis
1213 2177 1245 2226 ut
1259 2191 1298 2228 es·
1390 2169 1395 2178 “

177 2261 245 2314 solet
269 2261 487 2320 similitudinibus
516 2263 596 2330 atque
623 2261 782 2329 imaginibus
810 2261 992 2331 persequitur,
1021 2262 1052 2315 61.
1072 2261 1138 2316 111111.
1163 2261 1247 2328 1118,
1267 2263 1297 2328 9;

175 2350 213 2402 VI
231 2350 257 2416 4,
276 2351 300 2405 3.
321 2351 350 2415 1;
370 2349 394 2416 5,
415 2350 449 2404 12
475 2353 608 2419 πάρεστιν
627 2346 677 2404 οὖν
696 2361 766 2416 πῶς;
786 2353 821 2412 ὡς
840 2353 890 2418 ζωὴ
908 2356 974 2424 μία·
1002 2353 1034 2404 οὐ
1052 2353 1106 2424 γὰρ
1123 2355 1206 2424 μέχρι
1225 2354 1298 2412 τινὸς

176 2441 206 2492 έν
225 2435 280 2508 ζῴῳ
298 2442 314 2506 ἦ
333 2441 390 2505 ζωή,
411 2435 461 2492 εἶτ’
482 2441 515 2492 οὐ
534 2439 653 2492 δύναται
673 2443 711 2500 εἰς
730 2441 807 2494 ἅπαν
826 2443 946 2512 φθάσαι,
967 2441 1035 2494 ἀλλὰ
1055 2449 1207 2510 πανταχοῦ.
1227 2445 1251 2494 εἰ
1266 2440 1300 2494 δέ

177 2549 218 2588 τις
236 2529 307 2594 ζητεῖ
324 2531 409 2580 πιίλιν
428 2539 492 2591 πῶς,
514 2529 720 2600 ἀναμνησθήτω
735 2537 780 2596 τῆς
795 2529 940 2601 δυνάμεως
959 2529 1001 2581 ὅτι
1019 2529 1060 2599 μὴ
1078 2529 1159 2594 ποσή,
1181 2523 1241 2580 ἀλλ’
1260 2533 1298 2589 εἰς

177 2621 292 2690 ἄπειρον
321 2617 437 2688 διαιρῶν
464 2619 496 2690 τῇ
525 2616 637 2684 διανοίᾳ
668 2619 711 2670 ἀεὶ
740 2618 795 2688 ἔχει
823 2617 947 2689 δύναμιν
974 2617 1022 2683 τὴν
1050 2617 1135 2683 αὐτὴν
1158 2618 1298 2684 βυσσόθεν

178 2709 299 2776 ίίπειρον.
337 2703 375 2758 Cf.
394 2709 438 2758 BP
456 2703 534 2758 513³
553 2707 619 2758 extr.

93 2913 168 2957 1161
243 2884 325 2964 Eunt
348 2899 396 2964 IV
421 2908 450 2978 4,
476 2909 526 2968 13.
570 2889 670 2965 ’Λλλὰ
700 2896 735 2964 τί
758 2895 872 2966 διοίσει
896 2911 953 2988 τῆς
977 2898 1146 2989 λεγομένης
1169 2900 1295 2988 φύσεως

177 3007 196 3092 ἡ
225 2992 361 3093 τοιαύτη
392 3005 548 3092 φρόνησις
556 3035 566 3087 ,·
600 3005 695 3093 ssu
724 3007 745 3092 ἡ
767 3005 826 3088 μέν
855 3005 1011 3094 φρόνησις
1034 3018 1167 3094 πρῶτον
1175 3057 1183 3087 ,
1218 3005 1297 3094 ἡδὲ

176 3112 274 3198 φύσις
297 3107 447 3193 ἔσχατον·
481 3108 624 3194 ’ίνδαλμα
655 3113 716 3200 γὰρ
741 3113 924 3200 φρονήσεως
947 3114 967 3200 η
990 3112 1087 3200 φύσις
1110 3111 1167 3178 καὶ
1191 3125 1297 3202 ψυχῆς

176 3213 311 3298 έσχατον
344 3217 381 3282 δν
411 3214 546 3300 έσχατον
574 3217 631 3283 καί
661 3219 717 3283 τὸν
749 3217 782 3283 έν
812 3216 895 3307 αὐτῇ
926 3213 1172 3302 ἐλλαμπύμενον
1202 3219 1296 3305 λόγον

176 3319 266 3407 {tuest
298 3361 340 3372 -
375 3323 453 3390 ὅθεν
484 3323 558 3390 οὐδὲ
588 3317 670 3405 οἶδε,
700 3324 797 3407 μόνον
820 3323 857 3390 δὲ
879 3325 1005 3391 ποιεῖθ’
1037 3321 1139 3413 εδγιλρ
1162 3321 1225 3408 ἐγω
1248 3323 1297 3414 τῷ

176 3428 291 3518 ἐφεξῆς
321 3430 455 3496 διδοῦσα
486 3429 713 3519 ἀπροαιρέτως
744 3433 801 3520 τὴν
830 3430 920 3497 δύσιν
949 3433 997 3518 τῷ
1026 3433 1205 3520 σωματικῷ
1238 3431 1296 3498 καὶ

175 3537 275 3624 ύλικῷ
298 3535 432 3626 ποίησιν
454 3533 526 3619 ticet.

6 3735 7 3764 ,
92 3693 165 3734 ⁶¹⁶⁸
241 3681 322 3743 Enn.
344 3679 396 3744 HI
413 3689 441 3758 2,
459 3687 487 3744 2.
530 3668 729 3767 ςΥηείσταται
752 3689 826 3764 γοῦν
848 3677 886 3746 ἐκ
908 3691 965 3745 τοῦ
987 3679 1109 3763 κόσμου
1131 3691 1190 3748 τοῦ
1212 3681 1291 3770 ἀλη-

175 3791 271 3851 θινοῦ
294 3783 415 3852 ἐκείνου
438 3784 495 3851 καὶ
516 3781 585 3864 ἑνὸς
600 3785 722 3868 κόσμος
745 3780 846 3867 ούτος,
870 3785 926 3868 οὐχ
949 3777 995 3864 εἷς
1018 3785 1168 3875 ἀληθῶς·
1192 3787 1295 3868 πολύς

174 3902 249 3976 γοῦν
282 3889 339 3958 καὶ
374 3887 420 3969 εἷς
454 3891 587 3979 πλῆθος
620 3891 864 3978 μεμερισμένος,
907 3891 965 3958 καὶ
995 3891 1075 3958 ἄλλο
1105 3881 1171 3958 ἄπ’
1196 3892 1294 3960 ίίλλου

175 3997 358 4086 ἀφεστηκὸς
381 3995 438 4062 καὶ
461 3995 631 4085 ἀλλότριον
654 3997 863 4086 γεγενημένον.
902 3997 960 4064 καὶ
983 3995 1091 4065 οὐκέτι
1114 3997 1211 4087 φιλία
1233 3999 1294 4083 μό-

175 4127 242 4184 νον,
273 4103 357 4168 esta
386 4102 444 4169 καὶ
475 4099 581 4191 έὸηθρα
611 4101 654 4192 τῇ
677 4104 863 4186 διαστάσει,
887 4103 945 4170 καί
969 4104 1002 4170 ἐν
1025 4107 1067 4193 τῇ
1090 4101 1236 4193 ἐλλείψει
1259 4104 1295 4185 ἒξ

175 4209 315 4297 ἀνάγκης
338 4207 498 4293 πολέμιον
520 4207 600 4274 atto
624 4209 721 4296 ἄλλῳ.
758 4207 794 4274 οὐ
817 4211 878 4298 γὰρ
901 4209 995 4298 ἀρκεῖ
1017 4209 1106 4298 αύτῷ
1128 4212 1166 4278 τὸ
1188 4209 1293 4298 μέρος,

175 4313 259 4380 ἀλλὰ
288 4314 468 4401 σῳζόμενον
496 4315 544 4401 τῷ
574 4314 662 4402 utcu
692 4313 850 4398 πολέμιόν
883 4315 967 4399 ἔστι,
1002 4305 1059 4404 ὑφ’
1079 4311 1119 4382 ού
1146 4311 1294 4405 σῴζεται.

175 4419 282 4506 γέγονε
312 4419 349 4486 δέ
372 4419 408 4487 οὐ
431 4419 657 4506 λογισμῴτοῦ
680 4421 746 4486 δεῖν
768 4419 937 4506 γενέσθαι,
968 4422 1052 4488 ἀλλὰ
1076 4423 1203 4510 φύσεως
1226 4422 1296 4487 δεο-
