3156 4988
304 303 359 363 402
765 307 845 362 Stoici
863 308 971 378 priores.

304 472 360 533 (BP
378 465 469 532 3930).
508 471 584 522 ἀλλοι
603 469 638 524 δέ
654 487 725 530 τινες
743 479 798 522 τῶν
816 470 1002 541 ἀρχαιοτέρων
1020 474 1150 522 Στωϊκῶν
1174 470 1225 523 τὸν
1241 471 1327 542 ὀρθὸν
1345 471 1432 538 λόγον

305 559 442 632 κριτήριον
466 560 682 623 ἀπολείπουσιν,
709 562 744 620 ὡς
763 562 778 611 ό
798 559 985 620 Ποσειδώνιος
1008 561 1038 613 ἐν
1056 563 1094 629 τῷ
1113 563 1175 631 περὶ
1192 563 1333 632 κριτηρίου
1351 563 1430 628 φησί.

306 644 494 715 Opponobatur
518 649 550 720 τῇ
574 648 760 719 καταληπτική
785 653 926 719 φαντασίᾳ
952 650 1157 715 ἀκατάληπτος,
1184 665 1208 701 v.
1228 647 1305 715 Diog.
1324 647 1376 700 VH
1393 647 1430 700 46

306 744 352 803 της
374 735 406 789 δὲ
432 743 590 807 φαντασίας
614 739 663 803 τὴν
684 739 738 809 μὲν
762 740 966 804 καταληπτικήν
983 741 1083 809 (φασιν
1101 737 1182 802 εἶναι)
1207 739 1255 804 τήν
1274 737 1306 790 δὲ
1325 739 1430 791 ἀκατά-

305 828 421 892 ληπτον·
440 845 480 878 κα
491 829 604 892 ταληπ
613 828 711 892 τικήν
727 833 788 898 μίν,
807 827 841 893 ἢν
858 829 994 898 κριτήριον
1007 827 1078 880 εἶναι
1093 837 1146 880 τῶν
1160 829 1334 901 πραγμάτων
1348 831 1430 897 φασί,

306 917 355 981 τήν
382 917 531 987 γινομένην
558 917 616 968 ἀπὸ
646 918 818 989 ὑπάρχοντος
840 913 903 969 κατ’
927 918 995 970 αὐτὸ
1020 919 1052 970 τὸ
1077 919 1204 987 ὑπάρχον
1222 917 1430 988 ἐναπεσφραγι-

307 1009 410 1077 σμένην
427 1008 474 1058 καὶ
492 1007 777 1078 ἐναπομεμαγμένην·
803 1007 1059 1072 ἀκατάληπτον
1083 1006 1114 1060 δὲ
1133 1007 1182 1072 τήν
1198 1007 1239 1079 μή
1264 1007 1322 1058 ἀπὸ
1343 1006 1431 1078 ὑπάρ-

302 1114 417 1165 χοντος,
447 1096 539 1159 ἢάπὸ
560 1097 733 1170 ὑπάρχοντος
757 1095 811 1168 μὲν
832 1097 872 1168 μή
890 1092 951 1149 κατ’
970 1097 1037 1148 αὐτὸ
1056 1095 1087 1149 δὲ
1106 1097 1138 1148 τὸ
1158 1098 1295 1168 ὑπάρχον,
1324 1095 1373 1159 τήν
1389 1095 1431 1165 μὴ

306 1193 390 1254 τρανη
406 1184 477 1255 μηδὲ
497 1185 623 1238 ἔκτυπον.
642 1182 807 1254 Quapropter
824 1183 986 1254 Chrysippus
1000 1183 1215 1252 dIstinguondum
1233 1183 1348 1252 putabat
1360 1181 1432 1234 inter

306 1275 469 1343 φανταστόν
486 1275 514 1324 ot
533 1275 736 1344 φανταστικόνι
754 1273 825 1326 Plan.
843 1273 884 1328 IV
903 1274 946 1340 12,
965 1275 989 1328 3.
1014 1273 1079 1328 Dox.
1098 1273 1152 1328 ¹102
1171 1274 1379 1345 φανταστὸν
1398 1271 1433 1325 δέ

302 1361 386 1426 (ἐστι)
405 1363 437 1414 τὸ
455 1371 556 1414 ποιουν
574 1363 623 1428 τήν
641 1368 816 1432 φαντασίανς
836 1356 896 1416 οἷον
914 1365 946 1416 τὸ
964 1365 1059 1417 λευκὸν
1071 1365 1118 1416 καὶ
1133 1364 1164 1415 τὸ
1179 1365 1289 1434 ψυχρὸν
1305 1366 1354 1415 καὶ
1372 1371 1432 1415 πᾶν

302 1451 323 1502 -ό
340 1471 367 1502 τι
386 1453 423 1502 ἀν
442 1451 557 1517 δύνηται
575 1457 661 1504 κινεῖν
679 1453 727 1518 τήν
747 1454 847 1522 ψυχήν,
868 1449 944 1506 τοῦτ’
962 1453 1021 1507 ἔστι
1040 1453 1208 1524 φανταστόν.
1229 1468 1431 1522 φανταστι-

306 1542 367 1593 κὸν
389 1539 424 1593 δέ
444 1541 503 1593 ἐστι
526 1541 652 1601 διάκενος
672 1541 820 1614 ἑλκυσμός,
846 1545 939 1603 πάθος
956 1543 986 1596 ἐν
1005 1546 1038 1615 τή
1057 1545 1134 1615 ψυχή
1153 1535 1208 1594 ἀπ’
1226 1541 1339 1600 οὐδενὸς
1358 1559 1430 1611 φαν-

307 1638 413 1682 ταστοῦ
426 1630 574 1701 γινόμενον
591 1632 721 1701 καθάπερ
739 1632 786 1683 ἐπὶ
806 1641 856 1684 τοῦ
869 1641 1093 1702 σκιαμαχοῦντος
1110 1635 1156 1684 καλ
1174 1635 1264 1690 κενοῖς
1281 1631 1430 1701 ἐπιφέρον-

303 1737 354 1780 τος
381 1719 430 1778 τὰς
453 1725 562 1790 χεῖρας·
591 1723 623 1791 τῇ
648 1721 703 1791 γὰρ
731 1725 875 1791 φαντασίᾳ
905 1722 1050 1774 ὑπόκειταί
1076 1741 1103 1774 τι
1131 1720 1306 1791 φανταστόν,
1335 1722 1374 1786 τῷ
1398 1719 1430 1772 δέ

302 1810 486 1878 φανταστικῷ
506 1807 594 1870 οὐδέν,
619 1807 651 1861 cf.
670 1807 741 1860 Sext.
760 1808 811 1860 VII
829 1809 891 1862 241.
927 1809 1096 1862 Raoontiores
1120 1811 1208 1862 autam
1226 1807 1309 1861 Stoioi
1327 1823 1431 1860 aooura·

308 1896 363 1949 tius
389 1895 564 1949 definiendum
591 1913 648 1950 osso
676 1897 729 1950 rati
754 1898 911 1950 statuebant
937 1897 1019 1964 (Sext.
1037 1897 1123 1952 Matr.
1142 1897 1194 1950 v11
1211 1897 1275 1961 253)
1292 1899 1431 1968 κριτήριον

307 1986 378 2040 εἶναι
406 1995 452 2053 τῆς
479 1988 610 2052 ἀληθείας
642 1989 690 2052 τὴν
716 1989 921 2055 καταληπτικήν
947 1993 1108 2059 φαντασίαν
1133 1987 1244 2060 μηδὲν
1275 1988 1431 2058 ἔχουσαν

307 2077 481 2148 ἔνστημα·
514 2071 576 2129 ἐσθ’
603 2076 648 2128 ὅτε
681 2078 736 2146 γὰρ
772 2079 961 2144 καταληπτικὴ
990 2079 1044 2150 μὲν
1078 2081 1249 2152 προσπίπτει
1276 2080 1430 2148 φαντασία,

308 2169 427 2226 άπιστος
451 2164 483 2218 δὲ
506 2165 556 2217 διὰ
582 2166 630 2230 τήν
654 2165 757 2226 ἔξωθεν
776 2171 945 2238 περίστασιν.
976 2193 1008 2204 -
1037 2167 1150 2220 ἐνθένδε
1179 2167 1231 2236 οὐχ
1255 2167 1350 2224 ἁπλῶς
1373 2184 1431 2236 κρι-

308 2257 401 2328 τήριον
419 2259 525 2322 γίνεται
546 2263 590 2320 τῆς
608 2255 739 2320 ἀληθείας
757 2257 973 2322 ήκαταληπτική
996 2261 1146 2328 φαντασία,
1172 2250 1234 2308 ἀλλ’
1252 2255 1323 2307 όταν
1341 2254 1432 2325 μηδὲν

308 2345 430 2413 ἔνστημα
449 2343 503 2414 ἐχη.
524 2343 592 2408 αὕτη
611 2344 666 2414 γάρ
683 2344 798 2416 ἐναργής
818 2340 888 2397 οὖσα
906 2348 953 2396 καλ
967 2346 1098 2411 πληκτικὴ
1115 2345 1205 2416 μόνον
1223 2346 1286 2414 οὐχὶ
1305 2355 1360 2396 τῶν
1375 2361 1431 2414 τρι·

304 2441 372 2502 χῶν,
393 2436 473 2501 φασί,
492 2434 670 2503 λαμβάνεται,
690 2444 864 2488 κατασπῶσα
882 2436 955 2505 ήμτῖς
974 2438 1012 2494 είς
1031 2436 1252 2503 συγκατάθεσιν,
1280 2437 1327 2486 καὶ
1347 2436 1433 2486 otton

307 2520 426 2592 μηδενὸς
453 2520 570 2592 δεομένη
598 2526 636 2582 εἰς
660 2524 691 2574 τὸ
716 2525 830 2589 τοιαύτη
855 2528 1043 2592 προσπίπτειν
1067 2527 1082 2590 ή
1104 2528 1143 2584 είς
1167 2525 1199 2576 τὸ
1223 2523 1272 2588 τὴν
1295 2523 1365 2594 πρὸς
1382 2523 1432 2582 τὰς

309 2613 392 2670 ίίλλας
411 2610 553 2682 διαφορὰν
573 2612 742 2678 ὑποβάλλειν.
780 2611 807 2664 Z.
826 2611 867 2663 III
887 2611 922 2665 1³
940 2612 984 2666 84.

144 2810 280 2918 ωηεξῗγγῑε
374 2806 460 2870 Plao.
489 2805 536 2868 IV
563 2815 619 2883 11,
658 2816 685 2870 1.
715 2805 792 2870 Dor.
823 2815 897 2874 400.
955 2803 995 2872 Οἱ
1020 2803 1162 2871 Στωϊκοί
1195 2826 1312 2894 φασιν·
1351 2805 1479 2871 &sarm

245 3001 248 3008 Ι
309 2910 449 3000 γεννηθῇ
479 2910 715 2998 δάνθρωπος,
746 2908 810 2994 ἔχει
839 2915 878 2979 τὸ
900 2915 1086 3002 ἡγεμονικὸν
1107 2911 1205 2998 μέρος
1227 2925 1284 3001 τῆς
1309 2925 1434 3000 ψυχῆς*ι

310 3021 421 3105 ὥσπερ
449 3015 569 3104 χάρτην
598 3016 723 3104 εόεργον
745 3015 792 3096 εἰς
815 3019 1028 3109 ἀπογραφήν·
1063 3016 1109 3097 εἷς
1132 3029 1227 3085 τοῦτο
1249 3015 1330 3102 μίαν
1354 3015 1434 3085 ἐκά-

310 3145 388 3211 στην
416 3137 480 3187 τῶν
509 3122 637 3190 ἐννοιῶν
671 3124 947 3214 ἐναπογράφεται.
994 3141 1125 3214 πρῶτος
1154 3124 1191 3192 δέ
1220 3125 1238 3192 δ
1266 3137 1325 3214 τῆς
1352 3125 1434 3191 ἅνα-

310 3242 436 3318 γραφης
458 3230 581 3318 τρόπος
604 3232 622 3296 ὁ
645 3232 701 3296 διὰ
723 3245 788 3297 τῶν
812 3229 1083 3322 α’ίσθήσεωνλ.
1116 3229 1350 3316 αἰσθανόμενοι
1369 3233 1434 3319 γάρ

308 3361 395 3415 τινος
418 3327 485 3403 οἷον
509 3338 621 3404 λευκοῦ
643 3337 849 3418 ἀπελθόντος
873 3339 973 3406 αὐτοῦ
993 3341 1154 3429 μνήμην
1176 3335 1317 3420 ἔχουσιν·
1353 3339 1435 3405 ὅταν

309 3441 345 3510 δέ
368 3443 527 3527 ὁμοειδεῖς
550 3443 674 3511 πολλαί
695 3459 822 3534 μνῆμαι
846 3447 1008 3532 γίνωνται,
1032 3447 1106 3514 τότε
1128 3445 1236 3534 φαμὲν
1258 3442 1340 3527 ἔχειν
1364 3445 1434 3530 ἐμ-

309 3547 497 3637 πειρίαν·
532 3549 689 3640 ἐμπειρία
720 3554 781 3640 γάρ
812 3552 882 3619 ἐστι
912 3557 949 3621 τὸ
972 3568 1038 3620 τῶν
1061 3553 1217 3638 ὁμοειδῶν
1239 3567 1435 3641 φαντασιῶν

310 3657 450 3745 πλῆθος.
481 3672 546 3723 τῶν
569 3659 605 3725 δέ
628 3657 755 3726 ἐννοιῶν
777 3656 814 3726 αἱ
836 3660 896 3746 μέν
919 3674 1066 3751 φυσικῶς
1088 3657 1232 3748 γίνονται
1254 3662 1341 3726 κατὰ
1357 3663 1435 3740 τοὺς

309 3760 494 3852 εἰρημένους
524 3765 667 3854 τρόπους
695 3765 753 3832 καὶ
783 3770 1036 3858 ἀνεπιτεχνήτως
1044 3819 1052 3850 ,
1085 3764 1120 3834 αὶ
1144 3765 1180 3832 δέ
1202 3764 1262 3855 ήδη
1284 3755 1335 3832 δι’
1354 3769 1434 3854 ἡμε-

308 3869 405 3959 τέρας
428 3869 645 3950 διδασκαλίας
667 3871 725 3938 καί
748 3872 953 3957 ἐπιμελείας·
992 3869 1089 3941 αὗται
1111 3872 1171 3959 μὲν
1193 3869 1248 3940 οδν
1277 3868 1434 3940 ἔννοιαι

309 3979 484 4045 καλοῦνται
500 3978 607 4062 μόνον,
631 3977 751 4045 ἐκεῖναι
767 3979 804 4048 δὲ
827 3980 884 4046 καί
907 3982 1174 4071 προλήψεις“.
1199 3979 1217 4045 ό
1240 3977 1277 4044 δέ
1299 3979 1433 4066 λόγος,

309 4075 394 4152 καθ’
412 4081 448 4152 ὃν
477 4085 788 4174 προσαγορευόμεθα
820 4086 945 4173 λογικοί
969 4087 1006 4154 ἐκ
1033 4100 1097 4153 τῶν
1126 4085 1326 4175 προλήψεων
1349 4108 1433 4170 σομ-

230 4205 234 4211 “
309 4192 521 4280 πληροῦσθαι
552 4190 679 4276 λέγεται
710 4196 797 4260 κατὰ
825 4196 883 4284 τήν
913 4193 1088 4284 δευτέραν1
1118 4180 1335 4280 {aoopooat'
1361 4188 1434 4259 ἐστι

382 4440 410 4504 1)
427 4439 514 4508 Vulgo
533 4442 650 4512 πρώτην,
670 4442 716 4495 sed
734 4443 765 4496 of.
785 4446 840 4498 not.
860 4444 886 4498 d.
