3156 4988
310 307 364 368 8λο
725 310 837 379 Sceptici
857 311 1023 378 antiquiores.

312 468 381 544 παρ’
404 465 444 531 οἷς
464 471 495 524 δὲ
515 469 626 524 ἄδικον·
663 474 709 524 καὶ
729 473 820 530 ἄλλοις
838 471 892 542 μὲν
911 472 1034 540 ἀγαθόν,
1064 473 1156 530 ἄλλοις
1181 470 1212 522 δὲ
1236 472 1327 522 κακόν,
1364 469 1431 523 Ibid.

312 561 354 618 90.
376 561 425 636 rol
447 565 477 612 εἰ·
490 561 543 630 γα’ρ
563 564 591 611 τί
608 561 667 612 ἐστι
686 561 769 630 φύσει
789 561 901 628 ἀγαθόν
918 563 965 612 καὶ
983 561 1075 620 κακόν,
1096 569 1184 612 πᾶσιν
1203 561 1307 629 ὀφείλει
1322 561 1433 628 ἀγαθόν

311 652 429 716 incudo
450 652 589 722 ὑπάρχειν,
609 647 702 721 ὥσπερ
719 650 735 714 ἡ
750 649 821 718 χιὼν
846 659 917 701 πᾶσι
937 651 1057 722 ψιγρόν·
1095 651 1188 700 κοινὸν
1206 644 1237 700 δ’
1256 649 1339 701 οὐδὲν
1363 652 1433 701 πόν-

313 760 365 792 των
393 740 504 807 ἀγαθὸν
534 742 548 802 ἢ
575 739 659 790 κακόν
685 738 777 790 ἐστιν·
814 739 861 789 οὐκ
890 741 943 807 δρα
972 739 1030 790 ἐστὶ
1060 739 1143 807 φύσει
1171 739 1283 806 ἀγαθὸν
1307 739 1432 801 ἢκακόν.

311 832 371 893 ἤτοι
389 829 443 899 γὰρ
462 837 519 878 παν
538 828 570 878 τὸ
590 827 643 878 ὑπό
662 845 736 886 τινος
754 825 940 897 δοξαζόμενον
959 827 1052 899 ῥητέον
1072 827 1183 894 ἀγαθόν
1202 829 1217 890 ἢ
1237 827 1270 878 ού
1289 836 1360 878 πᾶν
1387 831 1433 878 καὶ

312 926 369 969 πᾶν
386 917 439 979 μὲν
458 916 490 966 οὐ
508 916 616 986 ῥητέον,
640 915 700 968 ἐπεὶ
720 916 751 966 τὸ
771 915 838 966 αὐτὸ
859 906 908 984 ὕφ’
931 907 963 966 οὗ
985 915 1038 985 μὲν
1057 914 1200 976 δοξάζεται
1220 916 1345 983 ἀγαθόν,
1365 917 1399 974 ὡς
1417 917 1434 981 ἢ

311 1005 396 1071 ἡδονὴ
416 1005 470 1056 ὑπὸ
486 999 657 1073 Ἐπικούρου,
680 997 728 1072 ὑφ’
747 995 779 1056 οὗ
798 1002 830 1055 δὲ
848 1005 939 1065 κακόν,
962 999 1010 1055 ὑπ’
1025 1000 1225 1063 Ἀντισθένεις.
1263 1005 1434 1075 συμβήσεται

312 1099 405 1146 τοίνυν
434 1095 464 1144 τό
484 1093 551 1144 αὐτὸ
570 1093 681 1160 ιἰγαθόν
700 1088 725 1143 τ’
743 1091 814 1144 εἶναι
838 1095 884 1144 καὶ
902 1093 993 1144 κακόν.
1031 1097 1055 1144 εἰ
1074 1088 1104 1144 δ’
1128 1094 1160 1145 ού
1179 1102 1236 1144 πᾶν
1254 1096 1384 1160 λέγοιμεν
1401 1096 1435 1145 τό

243 1179 253 1194 ’
313 1183 367 1234 ύπό
385 1201 459 1240 τινος
478 1180 664 1252 δοξαζόμενον
683 1180 800 1248 ἀγαθόν,
821 1179 913 1246 δεήσει
931 1182 1003 1252 ἡμᾶς
1018 1181 1168 1250 διακρίνειν
1186 1182 1235 1240 τὰς
1250 1180 1346 1242 δόξας·
1366 1182 1435 1251 ὅπερ

163 2022 259 2064 visorum

164 2074 258 2117 varietas

312 1273 359 1323 οὐκ
383 1270 565 1340 ἐνδεχόμενόν
589 1271 648 1322 ἐστι
673 1269 721 1321 διὰ
747 1270 795 1334 τὴν
814 1273 991 1322 ἰσοσθένειαν
1016 1280 1070 1321 τῶν
1089 1271 1183 1337 λόγων.
1222 1273 1366 1338 ἄγνωστον
1385 1266 1437 1321 οὖν

311 1359 342 1410 τὸ
371 1360 453 1428 φύσει
482 1358 598 1425 ἀγαθόν.
644 1356 742 1408 Eodem
770 1356 951 1409 consecutione
980 1356 1093 1409 efficitur
1120 1373 1161 1410 res
1189 1373 1246 1409 esse
1280 1359 1434 1429 ἀδιάφορα,

310 1463 393 1515 neque
411 1447 492 1498 bones
511 1462 594 1514 nsque
613 1445 709 1498 males:
734 1443 857 1497 Aristocl.
877 1445 894 1497 l.
914 1445 932 1498 l.
954 1445 995 1510 18,
1015 1445 1045 1510 25
1066 1445 1096 1497 cf.
1117 1445 1168 1498 Cic.
1187 1444 1244 1498 Fin.
1263 1445 1291 1497 H
1308 1446 1344 1498 43
1363 1462 1434 1513 quae

311 1534 405 1604 (prime
422 1536 519 1586 nature
538 1533 701 1603 approbavit)
725 1533 854 1586 Aristoni
876 1540 901 1587 et
918 1533 1062 1600 Pyrrhoni
1085 1534 1193 1588 ουυιίιιο
1216 1535 1275 1588 uisa
1298 1541 1366 1588 scut
1382 1550 1435 1602 pro

312 1619 410 1686 nihilo,
434 1628 466 1674 ut
489 1623 560 1674 inter
585 1623 682 1689 optime
706 1623 795 1675 colere
823 1627 848 1675 et
872 1621 1033 1689 pravissime
1057 1627 1199 1690 αιρτοίανε
1223 1622 1293 1674 nihil
1315 1639 1435 1690 prorsus

311 1711 439 1764 interesse
464 1711 589 1763 dicerent.
635 1710 747 1780 Epictst.
776 1727 817 1779 ap.
845 1709 918 1763 Stob.
946 1709 1035 1763 Floril.
1065 1711 1124 1777 121,
1152 1711 1186 1764 28
1217 1714 1335 1783 Πύρρων
1359 1713 1434 1780 ἔλεγε

310 1801 400 1872 μηδὲν
419 1800 562 1872 διαφέρειν
581 1803 625 1866 ζῆν
644 1803 659 1865 ἢ
678 1802 816 1853 τεθνάναι.

379 2013 470 2094 Diog.
494 2013 541 2075 IX
566 2021 638 2077 107.
699 2007 739 2077 Oi
770 2007 949 2076 Σκεπτικοί
977 2031 1079 2098 φασιν
1113 2011 1163 2076 ὅτι
1196 2011 1249 2076 ὅτε
1283 2009 1481 2098 apocal-ue
1555 1983 1560 2110 i

151 2128 285 2178 ruidveleet
312 2139 450 2183 πτουσιν
484 2117 615 2182 ἀλλοῖαι
649 2115 844 2205 φαντασίαι,
880 2113 1035 2203 ἑκατέρας
1071 2115 1200 2201 ἐροῦμεν
1234 2115 1434 2205 φαίνεσθαι·

310 2223 367 2288 καὶ
391 2224 447 2288 διὰ
469 2235 566 2288 τοῦτο
589 2225 631 2287 τὰ
654 2223 834 2311 φαινόμενα
857 2221 989 2288 τιθέναι
1014 2223 1065 2287 ότι
1082 2220 1244 2310 φαίνεται.
1279 2223 1373 2302 τέλος
1396 2224 1435 2290 δὲ

311 2326 342 2396 oi
366 2327 545 2394 Σκεπτικοί
567 2352 651 2418 φασι
674 2331 730 2417 τὴν
754 2329 882 2418 ἐποχήν,
907 2313 928 2416 ᾗ
951 2339 1046 2406 σκιᾶς
1063 2329 1186 2414 τρόπον
1209 2329 1435 2396 ἐπακολουθεῖ

302 2437 329 2522 *ἡ
353 2433 524 2522 ἀταραξία,
549 2437 593 2512 ὥς
616 2457 718 2522 φασιν
747 2436 780 2499 οἵ
808 2460 843 2500 τε
867 2434 944 2522 περὶ
974 2436 1029 2500 τὸν
1057 2433 1189 2518 Τίμωνα
1213 2434 1270 2500 καὶ
1293 2433 1433 2502 Αἰνεσί-

310 2543 438 2630 copore.
485 2551 559 2608 1108.
590 2541 662 2607 ούτε
690 2544 750 2628 γὰρ
777 2530 854 2606 τόδ>
878 2538 1041 2624 ἑλούμεθα
1071 2543 1216 2629 iecora
1241 2541 1433 2628 φευξόμεθα

288 2662 289 2666 ’
310 2650 371 2715 ὅσα
395 2647 472 2734 περὶ
496 2651 581 2736 ἡμεῖς
605 2647 692 2713 ἐστι·
723 2650 765 2712 τὰ
788 2637 821 2712 δ’
840 2648 902 2712 ὅσα
925 2645 1003 2734 περὶ
1025 2649 1111 2733 ἡμᾶς
1134 2646 1192 2712 ούκ
1215 2643 1318 2727 ἔστιν,
1346 2647 1434 2712 ἀλλὰ

309 2744 385 2820 κατ’
404 2755 552 2842 ἀνάγκην,
577 2752 612 2819 ού
636 2753 807 2836 δυνάμεθα
830 2754 964 2840 φεύγειν,
990 2753 1034 2830 ὡς
1056 2755 1095 2817 τὸ
1118 2765 1232 2840 πεινῆν
1253 2751 1311 2817 καὶ
1327 2754 1433 2841 διψῆν

266 2895 274 2906 ·
309 2860 367 2926 καὶ
390 2860 513 2944 ἀλγεῖν·
560 2859 617 2925 oin
640 2856 711 2924 έστι
735 2862 794 2946 γὰρ
825 2860 910 2945 λόγῳ
935 2859 1096 2946 περιελεῖν
1125 2870 1238 2924 ταῦτα.
1270 2897 1312 2905 -
1348 2861 1434 2924 ὥστε

173 3892 279 3923 assensus

180 3935 273 3977 retentio

309 2958 366 3030 Ιιιαὶ
396 2962 580 3054 αἱρούμεθά
614 2990 648 3031 τι
681 2961 766 3032 κατὰ
798 2967 855 3054 τὴν
890 2967 1064 3053 συνήθειαν
1098 2964 1155 3030 καὶ
1190 2965 1345 3052 φεύγομεν
1374 2964 1433 3030 καὶ

309 3071 420 3154 νόμοις
441 3073 607 3159 χρώμεθα.

380 3227 409 3270 a.
434 3213 485 3266 His
504 3213 589 3280 alteri,
608 3231 639 3266 ex
656 3216 732 3283 parte
751 3213 831 3266 etiam
845 3213 940 3266 tertiae
958 3213 1073 3266 Timonis
1088 3213 1236 3282 quaestioni
1249 3213 1432 3282 respondetur,

308 3302 339 3356 cf.
354 3308 397 3354 ΒΡ
412 3301 479 3366 358;
497 3302 558 3355 364.
586 3301 678 3371 Neque
693 3305 781 3354 tamen
796 3303 898 3371 ἐποχῆς
908 3305 1053 3370 praecepte,
1074 3317 1131 3354 cunr
1149 3301 1183 3353 ad
1200 3301 1433 3371 contemplativam

307 3391 389 3444 vitem
410 3391 491 3443 solam
510 3393 619 3459 spectet,
638 3407 682 3442 eae
702 3389 817 3442 actiones
833 3406 847 3442 e
863 3390 947 3442 medio
962 3390 1102 3456 tolluntur,
1119 3406 1185 3459 quae
1203 3388 1432 3442 fiuntsecuudum

308 3479 522 3532 consuetudinem
547 3481 575 3532 et
593 3479 829 3548 phaenomenorum
847 3478 1045 3544 necessitatem,
1070 3479 1101 3531 cf.
1122 3477 1192 3530 Sext.
1211 3477 1295 3532 Math.
1315 3477 1366 3530 VH
1380 3479 1430 3542 30;

307 3553 351 3619 BP
369 3567 430 3620 360.
467 3567 561 3636 Itaque
584 3567 685 3634 Pyrrho
709 3584 768 3619 cum
793 3567 881 3620 subito
906 3569 1004 3619 terrore
1027 3569 1163 3636 correptus
1182 3555 1429 3635 deprehenderetur,

308 3654 426 3721 arduum,
445 3655 542 3724 inquit,
560 3655 691 3708 hominem
710 3671 809 3708 eruere.
846 3654 971 3722 Diog.IX
991 3656 1025 3708 66
1032 3677 1038 3721 ;
1058 3654 1181 3708 Aristocl.
1201 3655 1219 3708 l.
1238 3655 1256 3708 l.
1276 3655 1320 3708 26.

1556 2139 1560 2390 i

373 3869 465 3950 Diog.
489 3869 537 3932 IX
561 3875 611 3932 74.
658 3864 828 3931 Διετέλουν
851 3866 890 3954 δὴ
914 3862 945 3931 οῖ
970 3865 1149 3932 Σκεπτικοὶ
1177 3868 1220 3930 τὰ
1248 3879 1313 3930 τῶν
1336 3862 1477 3952 cipi-³6⁸
1557 3793 1560 3924 i

306 3997 387 4040 σεων
417 3974 565 4058 δόγματα
596 3963 699 4037 πάντ’
719 3970 965 4056 ἀνατρέποντες,
995 3970 1089 4038 αὐτοὶ
1113 3961 1146 4036 δ’
1164 3970 1255 4037 οὐδέν
1278 3969 1427 4060 ἀπεφαί-

305 4103 396 4144 νοντο
428 4080 649 4164 δογματικῶς·
681 4075 742 4155 ἕως
772 4077 808 4142 δὲ
832 4087 891 4142 τοῦ
912 4076 1144 4166 προφέρεσθαι
1166 4079 1209 4142 τὰ
1231 4067 1297 4142 τῶν
1318 4075 1426 4142 ἄλλων

306 4184 363 4250 καὶ
386 4186 576 4274 διηγεῖσθαι
598 4183 699 4272 μηδὲν
723 4181 892 4272 ὁρίζοντες,
914 4172 996 4272 μηδ>
1016 4183 1096 4250 oded
1119 4193 1223 4248 τοῦτο.
1270 4184 1353 4248 ὥστε
1367 4182 1427 4248 καὶ

305 4291 343 4354 τὸ
371 4292 415 4377 μὴ
445 4287 562 4378 ὁρίζειν
591 4285 741 4380 ἀνῄρουν,
765 4288 908 4375 λέγοντες
938 4279 1006 4356 οἷον
1040 4287 1140 4356 Οὐδὲν
1162 4286 1318 4377 ὁρίζομεν,
1350 4287 1426 4354 ἐπεὶ

252 4411 275 4470 ‘t
302 4391 422 4482 ςύριζου
445 4395 498 4460 ίίν·
544 4396 783 4488 προφερόμεθα
807 4393 851 4478 δέ,
876 4392 969 4484 φασί,
992 4395 1261 4504 τὰςιόποφόαεις
1290 4391 1337 4474 εἰς
1357 4395 1423 4482 μή·
