3156 4988
290 269 345 332 830
767 269 933 324 Aristoteles.

292 428 517 514 ὑποκείμενον,
552 427 609 495 καί
638 431 709 516 τήν.
723 428 761 496 ἐκ
800 431 845 518 μή
875 426 1085 511 ὑποκειμένου
1115 423 1161 505 είς
1195 425 1420 511 ὑποκείμενον.

293 538 312 626 ἡ
336 539 395 623 γάρ
420 535 477 604 οὐκ
500 535 535 614 ἐξ
550 533 763 618 ὑποκειμένου
786 532 832 614 εἶς
853 536 898 622 μὴ
914 531 1123 617 ὑποκείμενον
1147 532 1205 600 οὐκ
1228 529 1299 600 ἔστι
1313 557 1415 616 μετα-

292 643 373 731 βολή
408 643 463 708 διὰ
497 643 535 708 τὸ
569 644 613 730 μή
648 635 733 708 εἶναι
760 630 838 706 κατ)
864 638 1047 706 ἀντίθεσιν·
1093 639 1165 706 οίτε
1193 642 1255 728 γὰρ
1284 636 1421 706 ἐναντία

292 747 364 815 οἰίτε
392 745 566 836 ἀντίφασίς
596 745 692 813 ἐστιν.
738 750 758 836 ή
786 746 846 829 μὲν
877 743 930 813 οὖν
960 745 1017 812 οὐκ
1052 746 1087 826 ἐξ
1120 744 1334 829 ὑποκειμένου
1368 742 1421 823 είς

291 851 503 937 ὑποκείμενον
524 854 689 941 μεταβολή
720 842 798 920 κατ’
817 849 991 940 ἀντίφασιν
1019 849 1177 938 γένεσίς
1206 851 1304 932 ἐστιν,
1328 853 1414 939 -ή

292 952 323 1027 δ’
344 959 379 1040 ἐξ
394 959 607 1044 ὑποκειμένου
630 957 677 1037 είς
700 957 755 1041 οὐχ
777 955 988 1042 ὑποκείμενον
1010 957 1167 1046 φθορά·
1194 993 1236 1006 --
1258 957 1421 1023 ἀδύνατον

291 1068 353 1153 γὰρ
376 1069 413 1132 τὸ
436 1069 481 1155 μή
504 1067 540 1132 ’ἀν
563 1069 739 1147 κινεῖσθαι,
762 1061 791 1132 εί
814 1063 851 1130 δέ
865 1075 970 1146 τοῦτο,
995 1063 1053 1130 καί
1076 1067 1134 1153 τήν
1155 1063 1276 1151 γένεσιν
1291 1061 1421 1152 κίνησιν

291 1166 383 1240 εἶναι.
401 1211 444 1222 -
468 1171 542 1238 οὐδὲ
564 1171 600 1238 δὲ
623 1174 642 1260 ή
666 1173 781 1260 φθορὰ
804 1169 944 1260 κίνησις·
968 1169 1112 1238 ἐναντίον
1134 1170 1193 1254 μὲν
1215 1172 1276 1258 γάρ
1293 1170 1416 1257 κινήσει·

291 1279 312 1367 ii
335 1277 459 1367 κίνησις
488 1279 509 1368 i}
531 1275 648 1367 ἠρεμία
655 1329 663 1359 ,
694 1280 718 1366 ή
742 1276 778 1344 ἀὲ
801 1279 916 1365 φθορὰ
939 1275 1060 1363 γενέσει
1082 1274 1234 1343 ἐναντίον.
1258 1345 1261 1350 ,
1281 1274 1355 1342 ἐπεὶ
1377 1273 1421 1344 δὲ

292 1394 387 1450 πάσα
409 1382 535 1472 κίνησις
557 1384 721 1472 μεταβολή
736 1407 797 1464 τις,
819 1382 1003 1466 μεταβολαί
1025 1381 1062 1448 δὲ
1076 1386 1163 1471 τρεῖς
1184 1379 1221 1448 αἱ
1238 1378 1419 1470 εἰρημέναι,

292 1491 414 1556 τούτων
443 1489 480 1556 ἀὲ
510 1486 546 1556 αὶ
568 1492 655 1555 κατὰ
678 1488 798 1574 γένεσιν
826 1487 884 1556 καὶ
907 1491 1041 1577 φθοράν
1064 1487 1101 1554 οὐ
1123 1489 1280 1577 κινήσεις,
1316 1481 1420 1554 aecae.

293 1586 324 1662 δ’
342 1592 423 1661 είσίν
453 1591 489 1662 αλ
511 1587 586 1662 κατ’
606 1593 796 1684 ἀντίφασιν,
826 1594 949 1683 ἀνάγκη
979 1597 1036 1683 τήν
1067 1593 1103 1674 ἐξ
1133 1592 1345 1678 ὑποκειμένου
1367 1589 1421 1670 είς

294 1700 504 1784 ὑποκείμενον
525 1702 708 1788 μεταβολήν
730 1699 894 1790 κίνησιν
917 1693 1002 1766 εἶναι
1023 1700 1152 1789 μόνην.
1177 1737 1222 1750 -
1248 1697 1278 1766 εί
1301 1697 1355 1766 οὖν
1376 1695 1415 1764 αἱ

293 1804 485 1896 κατηγορίαι
515 1801 686 1896 διῄρηνται
717 1805 812 1896 οάσίρ
841 1805 900 1874 καί
929 1807 1083 1895 ποιότητι
1116 1805 1174 1872 καί
1197 1805 1245 1892 τῷ
1267 1817 1335 1872 ποῦ
1357 1803 1419 1870 καί

292 1913 340 2002 τῷ
373 1913 457 1980 ποτὲ
490 1913 548 1980 καί
581 1912 629 2002 τῷ
652 1913 736 2002 πρός
766 1937 800 1980 τι
828 1912 902 1980 καί-
916 1913 964 2000 τῷ
986 1911 1083 2000 ποσῷ
1112 1912 1169 1978 καί
1192 1913 1240 2000 τῷ
1262 1913 1419 1999 ποιεῖνῆ

293 2020 456 2102 πάσχεινῑ),
487 2019 608 2108 ἀνάγκη
631 2025 718 2108 τρεῖς
741 2012 825 2086 εἶναι
847 2020 995 2108 κινήσεις,
1018 2020 1075 2108 τήν
1097 2043 1132 2084 τε
1154 2029 1213 2085 τοῦ
1235 2028 1335 2085 ποιοῦ
1356 2017 1415 2084 καὶ

292 2127 349 2214 τήν
378 2137 436 2192 τοῦ
465 2137 571 2192 ποσοῦ
599 2124 657 2191 καὶ
680 2127 737 2214 τήν
760 2127 846 2192 κατά
868 2125 979 2192 τόπον.
1004 2164 1047 2174 -
1083 2135 1111 2191 2.
1137 2125 1221 2192 225b
1247 2135 1298 2192 10.
1332 2112 1416 2190 κατΣ

214 2255 216 2260 ·
293 2230 405 2299 οάσίαν
435 2220 468 2296 δ’
487 2230 544 2298 οὐκ
574 2228 644 2298 ἔστι
674 2229 799 2321 κίνησις
828 2233 884 2298 ἀιά
912 2233 950 2298 τὸ
979 2230 1079 2320 μηδὲν
1106 2224 1191 2298 εἶναι
1220 2228 1315 2320 οὐσίᾳ
1349 2242 1419 2295 τῶν

292 2335 392 2404 ὄντων
415 2335 584 2403 ἑυαντίονΰ.
631 2336 706 2404 οὐδὲ
734 2339 775 2426 δή
804 2339 852 2425 τῷ
874 2337 959 2425 πρός
981 2359 1031 2404 τι·
1077 2336 1237 2418 ἐνδέχεται
1261 2339 1321 2425 γὰρ
1344 2342 1415 2402 θα-

293 2443 386 2530 τέρου
401 2443 661 2528 μεταβάλλοντος
677 2444 903 2532 ἀληθεύεσθαι
918 2443 1062 2532 θάτερον
1076 2443 1177 2532 μηδὲν
1198 2443 1418 2528 μεταβάλλον,

294 2552 376 2617 ὥστε
398 2551 484 2616 κατὰ
507 2551 709 2638 συμβεβηκὸς
732 2552 751 2638 ή
774 2547 898 2638 κίνησις
922 2547 1037 2616 αὐτῶν.
1077 2548 1150 2616 οὐδὲ
1173 2550 1212 2638 δή
1240 2561 1419 2626 ποιοῦντος

215 2653 216 2660 '
294 2655 351 2722 καί
374 2656 570 2736 πάσχοντος,
605 2654 679 2720 οὐδὲ
710 2657 836 2734 παντὸς
858 2653 1044 2739 κινουμένου
1067 2654 1125 2721 καὶ
1147 2665 1325 2736 κινοῦντος,
1362 2656 1418 2720 ὅτι

293 2760 350 2827 οὐκ
373 2757 444 2828 ἔστι
466 2762 620 2849 κινήσεως
641 2758 766 2850 κίνησις
795 2759 869 2827 οὐδὲ
898 2759 1048 2846 γενέσεως
1070 2759 1206 2847 γένεσις,
1241 2752 1310 2827 οὐδ’
1331 2761 1419 2839 ὅλως

292 2867 456 2955 μεταβολή
478 2867 669 2954 μεταβολῆς.
693 2903 738 2914 -
763 2876 846 2933 226³
871 2857 922 2934 23.
954 2866 1028 2932 ἐπεὶ
1051 2866 1088 2933 δέ
1110 2866 1182 2933 eive
1205 2865 1318 2946 οάσίας
1342 2865 1419 2933 οὔτε

293 2983 351 3038 τοῦ
373 2972 457 3056 πρός
480 2997 513 3038 τι
537 2971 608 3038 οίίτε
631 2983 689 3038 τοῦ
711 2977 820 3038 ποιεῖν
842 2972 900 3039 καὶ
915 2984 973 3040 τοῦ
988 2973 1133 3056 πάσχειν,
1157 2971 1308 3040 λείπεται
1327 2974 1416 3039 κατὰ

293 3079 331 3142 τὸ
355 3079 452 3143 ποιὸν
476 3077 595 3143 καὶτὸ
618 3080 722 3144 ποσὸν
745 3078 802 3144 καί
825 3081 863 3144 τὸ
887 3090 954 3146 ποῦ
975 3077 1102 3168 κίνησιν
1124 3072 1207 3146 εἶναι
1228 3079 1342 3163 μόνον·
1380 3079 1420 3144 ἓν

294 3181 419 3270 ἑκάστῳ
454 3184 515 3272 γάρ
551 3183 621 3250 ἐστι
655 3186 777 3250 τούτων
813 3183 1007 3264 ἐναντίωσις.
1053 3185 1154 3274 ἡμὲν
1183 3182 1238 3252 οὖν
1267 3187 1353 3251 κατὰ
1376 3187 1418 3250 τὸ

293 3292 390 3356 ποιὸν
424 3289 548 3378 κίνησις
582 3289 808 3369 ἀλλοίωσις
843 3287 941 3357 έστιυ·
994 3302 1089 3357 τοῦτο
1125 3294 1185 3380 γάρ
1220 3290 1413 3372 ἐπέζευκται

272 3397 399 3462 Ικοινὸν
422 3393 533 3479 ίίνομα.
567 3434 608 3442 -
641 3399 660 3484 ή
684 3395 720 3462 δὲ
742 3398 829 3462 κατὰ
851 3399 889 3462 τὸ
912 3397 1031 3478 ποσόν,
1055 3399 1093 3462 τὸ
1115 3397 1175 3481 μὲν
1197 3399 1305 3463 κοινὸν
1329 3397 1413 3462 ἀνά-

194 3514 218 3522 “’
293 3527 404 3585 νυμον,
435 3490 518 3566 καθ’
539 3498 689 3589 ἑκάτερον
712 3491 940 3590 ὁάίίξησις
963 3501 1021 3568 καὶ
1043 3501 1213 3590 φθίσις,
1243 3502 1344 3592 ήμέν
1367 3501 1418 3580 εἰς

292 3609 331 3674 τὸ
360 3607 482 3672 τέλειον
512 3606 652 3692 μέγεθος
683 3607 832 3696 αὔξησις,
867 3598 941 3694 ἡδ’
961 3604 998 3674 ἐκ
1020 3610 1135 3674 τούτου
1158 3606 1286 3697 φθίσις.
1334 3607 1415 3696 ήάὲ

293 3716 379 3780 κατὰ
411 3713 515 3780 τόπον
543 3713 603 3779 καί
625 3715 663 3780 τὸ
685 3717 792 3780 κοινὸν
819 3713 877 3780 καί
906 3716 943 3780 τὸ
966 3711 1052 3782 ἴδιον
1074 3715 1245 3799 ἀνώνυμος,
1269 3711 1352 3780 ἔστω
1376 3713 1417 3779 δέ·

293 3821 400 3908 φορά
423 3818 603 3908 καλουμένη
626 3822 664 3886 τὸ
688 3819 824 3886 κοινόνᾶ.

366 3993 395 4032 a.
414 3937 569 4032 Siniillimuo
586 3981 629 4031 eet
651 3979 724 4032 loeus
742 3979 807 4032 Met.
826 3978 865 4032 XI
884 3981 926 4034 11.
948 3981 1035 4034 1067b
1054 3981 1089 4033 14
1100 3998 1138 4050 sq.
1175 3980 1258 4034 Ortus
1277 3983 1356 4050 atquo
1374 3980 1416 4032 in-

294 4067 390 4120 teritus
403 4069 473 4121 inter
486 4071 574 4121 motus
587 4083 682 4135 genero
693 4071 866 4122 numerantur
879 4067 936 4122 Cat.
948 4069 989 4123 14.
1001 4069 1055 4122 15³
1064 4071 1106 4122 13.
1122 4069 1200 4136 Phys.
1211 4069 1285 4122 1111.
1297 4069 1367 4122 201⁸
1385 4069 1412 4122 8.

364 4190 394 4244 b.
420 4189 589 4244 Omittuntur
607 4190 673 4243 duee
692 4191 838 4260 categoriae
861 4199 972 4246 κεῖσθαι
990 4195 1018 4246 et
1037 4195 1121 4264 ἔχειν,
1148 4193 1217 4245 eiout
1235 4191 1299 4245 Met.
1318 4190 1357 4244 XI
1378 4191 1415 4245 12

294 4278 384 4332 1068ιι
402 4280 419 4333 8
439 4279 519 4332 etiem
537 4279 669 4347 categoria
688 4283 756 4334 ποτὲ
774 4280 931 4348 neglegitur,
956 4297 1022 4350 quae
1047 4298 1079 4334 ne
1097 4281 1147 4334 hoo
1171 4281 1276 4350 quidem
1299 4281 1355 4334 looo
1375 4295 1414 4332 re-

294 4367 404 4436 spicitur
422 4367 450 4420 in
468 4369 694 4436 argumentatione
713 4369 891 4438 subsequenti.
