3148 4984
640 356 802 410 Damaseius.
1229 353 1281 413 567

162 516 257 594 λιόςι
283 539 319 582 τε
348 516 367 582 δ
392 515 481 603 Φρύξ
510 515 567 581 καί
590 516 793 603 Πρισκιανδς
822 514 976 592 δΛυδδς
996 503 1146 602 Ἑρμείας
1167 539 1203 581 τε
1224 514 1283 581 καὶ

162 620 316 710 Διογένης
339 617 371 688 οἳ
394 621 431 689 ἐκ
455 619 609 711 Φοινίκης
631 620 689 687 καὶ
710 610 873 710 Ἰσίδωρος
896 620 1101 702 δΓαζαῖσς·,
1131 615 1283 710 οὗτοιδτ)

162 725 217 794 οὖν
247 731 392 807 άπαντες
420 729 460 794 τό
486 726 585 816 ἀκρον
612 727 718 793 άωτον
747 729 833 793 κατά
856 729 913 815 τὴν
935 724 1071 815 ποίησιν
1093 741 1157 792 τῶν
1180 725 1213 793 ἐν
1235 726 1283 814 τῷ

161 825 246 902 καθ’
264 837 350 925 ἡμᾶς
377 834 480 924 χρόνῳ
509 834 816 924 φιλοσοφησάντων,
852 831 967 921 ἐπειδὴ
996 831 1112 912 αύτούς
1141 834 1161 922 η
1189 836 1282 922 παρὰ

159 932 333 1026 Ῥωμαίοις
367 951 532 1022 κρατοῦσα
567 940 626 1008 ἐπὶ
659 939 707 1028 τῷ
741 937 901 1028 κρείττονι
935 939 1017 1018 δόξα
1052 938 1110 1005 οὐκ
1143 923 1281 1028 ἤρεσκεν,

68 1051 72 1056 ’
162 1037 264 1136 η’ίοντό
280 1071 316 1114 τε
330 1049 388 1137 τὴν
402 1049 568 1137 Περσικὴν
583 1045 754 1114 πολιτείαν
777 1045 892 1133 πολλῷ
915 1037 999 1114 εἶναι
1022 1043 1184 1130 ἀμείνονα,
1207 1047 1282 1114 τού-

161 1179 232 1234 τοις
255 1155 295 1244 δη
317 1157 389 1232 τοῖς
411 1154 478 1220 ὑπὸ
499 1166 565 1219 τῶν
587 1153 720 1220 πολλῶν
743 1150 991 1241 περιᾳδομένοις
1006 1152 1283 1238 ἀναπεπεισμένοι

162 1262 206 1341 ὡς
234 1257 284 1350 ε’ίη
314 1249 402 1348 παρ)
420 1258 553 1339 ἐκείνοις
582 1259 792 1326 δικαιότατον
820 1258 880 1342 μέν
907 1259 946 1324 τὸ
968 1258 1064 1346 όίρχον
1086 1258 1144 1326 καὶ
1166 1260 1283 1328 ὁποῖον

161 1359 246 1434 εἶναι
268 1367 287 1434 δ
309 1367 488 1446 Πλάτωνος
516 1367 668 1452 βούλεται
698 1366 792 1452 λόγος
820 1362 1021 1454 φιλοσοφίας
1048 1365 1162 1432 τεκαὶ
1184 1372 1282 1451 βασι-

162 1471 251 1552 λείας
274 1473 308 1554 ἐς
329 1472 430 1540 ταύτδ
453 1473 685 1562 ξυνελθούσης,
717 1485 849 1561 σῶφρον
871 1471 909 1538 δέ
937 1470 970 1550 ἐς
992 1473 1035 1537 τά
1056 1471 1202 1556 μάλιστα
1225 1472 1282 1539 καί

138 1580 298 1668 ,κόσμιον
319 1581 358 1647 τδ
381 1579 568 1668 κατήκοονῦ.
602 1619 642 1627 -
673 1579 800 1658 τούτοις
829 1579 868 1667 δὴ
892 1575 946 1644 οὖν
976 1579 1020 1656 ὡς
1042 1577 1201 1668 ἀληθέσιν
1223 1579 1282 1668 ἀρ-

161 1685 276 1766 θέντες
297 1685 355 1754 καὶ
379 1686 464 1774 πρός
485 1709 521 1772 γε
543 1684 760 1774 ἀπειρημένον
784 1684 895 1764 αὐτοῖς
917 1684 954 1752 ἐκ
976 1698 1040 1750 τῶν
1062 1685 1166 1768 νόμων
1181 1685 1282 1766 ἀδεῶς

163 1793 308 1861 ἐνταῦθα
339 1792 617 1877 ἐμπολιτεύεσθαι
646 1793 690 1870 ὡς
718 1791 767 1878 τῷ
793 1798 982 1858 καθεστῶτι
1005 1790 1060 1874 οάχ
1083 1788 1282 1876 ἐπομένοιςθ,

163 1897 194 1968 οἱ
217 1899 255 1967 δέ
276 1897 396 1966 αὐτίκα
418 1897 571 1977 ἀπιόντες
586 1887 707 1986 ᾤχοντο
729 1897 763 1975 ἐς
785 1897 961 1964 ἀλλοδαπά
983 1895 1042 1964 καί
1065 1897 1189 1982 ἀμικτα
1213 1897 1281 1988 ἤθη

162 2005 207 2084 ὡς
237 2005 340 2072 ἐκεῖσε
368 2007 407 2072 τὸ
436 2005 555 2072 λοιπὸν
583 2003 787 2089 βιωσόμενοι.
833 2016 965 2091 πρῶτον
993 2002 1053 2086 μέν
1075 2000 1130 2070 οὖν
1152 2006 1227 2082 τούς
1249 2004 1283 2072 ἐν

162 2111 246 2179 τέλει
269 2111 429 2193 ἀλαζόνας
450 2109 542 2194 μάλα
564 2110 706 2198 εὑρόντες
727 2109 785 2176 καί
808 2107 895 2196 πέρα
918 2119 977 2175 τοῦ
991 2107 1119 2188 δέοντος
1133 2108 1282 2196 ἐξωγκω-

162 2215 276 2301 μένους
312 2215 539 2303 ἐβδελύττοντό
573 2239 608 2302 γε
643 2214 759 2294 αύτούς
793 2213 851 2282 καί
885 2211 1051 2296 ἐκάκιζον·
1094 2211 1211 2282 ἐπειτα
1246 2216 1283 2284 δὲ

163 2321 271 2414 ἐώρων
292 2325 338 2403 ὡς
360 2324 549 2411 τοιχωρύχοι
576 2347 612 2389 τε
638 2320 758 2390 πολλοὶ
781 2320 839 2388 καί
861 2321 1051 2388 λωποδύται
1075 2319 1107 2388 οὶ
1129 2321 1188 2406 μὲν
1210 2321 1282 2412 ἡλί-

163 2451 277 2498 σκοντο
301 2426 333 2496 οί
356 2427 473 2496 δὲκαὶ
499 2427 719 2510 διελάνθανον,
743 2430 835 2494 άπαν
858 2425 894 2494 δέ
916 2420 1002 2506 εἶδος
1023 2426 1155 2508 ἀδικίας
1177 2432 1283 2519 ἡμαρ-

163 2537 286 2603 τάνετο.
330 2535 387 2602 καὶ
420 2537 483 2623 γὰρ
517 2531 549 2602 οἱ
584 2534 716 2601 δυνατοὶ
750 2536 825 2612 τοὺς
859 2532 1036 2613 ἐλάττονας
1070 2534 1283 2618 λυμαίνονται

163 2640 308 2732 ἀμότητί
338 2665 373 2707 τε
396 2639 506 2730 πολλῇ
533 2655 675 2729 χρῶνται
698 2629 775 2706 κατ’
794 2639 940 2730 ἀλλήλων
962 2639 1020 2707 καὶ
1042 2640 1282 2732 ἀπανθρωπίφ,

163 2748 281 2816 καὶτὸ
305 2749 344 2837 δὴ
368 2748 503 2814 πάντων
524 2748 806 2838 παραλογώτερον,
836 2745 908 2826 ἐξὸν
930 2749 991 2836 γὰρ
1016 2744 1142 2836 ἑκάστῳ
1164 2747 1284 2837 μυρίας

163 2855 243 2933 ὅσας
265 2855 409 2941 άγεσθαι
431 2853 589 2938 γαμετάς,
612 2852 670 2918 καί
692 2850 798 2920 τοίνυν
820 2852 1004 2938 ἀγομένοις,
1034 2852 1119 2920 ἀλλά
1140 2853 1284 2938 μοιχεῖαί

164 2985 199 3047 γε
221 2962 309 3045 ὅμως
331 2962 526 3044 τολμῶνται.
549 2962 670 3026 τούτων
697 2961 736 3048 δὴ
760 2955 814 3025 σύν
835 2958 992 3026 ἁπάντων
1014 2958 1108 3026 ἕκατι
1131 2957 1163 3028 οἶ
1186 2963 1283 3051 φιλό-

164 3089 264 3157 σοφοι
287 3067 485 3156 ἐδυσφόρουν
507 3065 565 3132 καὶ
587 3077 676 3154 σφᾶς
692 3065 808 3144 αύτούς
822 3055 960 3154 ᾐτιῶντο
975 3079 1033 3156 της
1046 3066 1282 3150 μεταστάσεως.

165 3183 215 3241 31.
246 3173 321 3240 ἐπεὶ
351 3173 388 3239 δέ
416 3171 474 3238 καί
504 3171 552 3260 τῷ
580 3173 711 3257 βασιλεῖ
733 3170 958 3254 διαλεχθέντες
988 3172 1200 3262 ἐψεύσθησαν
1226 3187 1284 3262 τῆς

164 3278 300 3358 ἐλπίδος
323 3278 427 3366 ἀνδρα
450 3277 592 3367 εὑρόντες
614 3279 807 3367 φιλοσοφεῖν
828 3277 888 3362 μέν
909 3277 1163 3368 φρυαττόμενον,
1193 3279 1285 3347 οὐδέν

163 3386 199 3454 δέ
228 3385 248 3452 ό
275 3411 310 3452 τι
338 3385 396 3452 καὶ
424 3383 583 3451 ἐπαΐοντα
612 3397 677 3451 τῶν
706 3381 906 3473 αἰπυτέρων,
941 3385 992 3452 ότι
1015 3409 1051 3451 τε
1074 3384 1187 3464 αὐτοῖς
1209 3385 1284 3452 οὐδὲ

162 3506 219 3582 της
242 3493 338 3581 δόξης
361 3491 535 3572 ἐκοινώνει,
565 3488 659 3579 ἐτερα
683 3489 720 3557 δέ
742 3489 825 3556 άττα
843 3489 992 3575 ,ἐνόμιζεν
1015 3491 1119 3558 ὁποῖα
1142 3489 1202 3582 ἤδη
1225 3517 1283 3576 μοι

162 3596 318 3688 ε’ίρηταιᾶ,
346 3599 403 3687 τήν
429 3621 465 3663 τε
493 3609 558 3662 τῶν
584 3595 704 3679 μίξεων
733 3595 989 3682 κακοδαιμονίαν
1018 3596 1078 3664 οὐκ
1106 3597 1283 3685 ἐνεγκόντες

164 3706 208 3783 ὡς
239 3705 379 3787 τάχιστα
409 3697 603 3792 ἐπανῄεσαν.
645 3699 756 3770 καίτοι
785 3699 915 3792 ἐστεργέ
949 3730 985 3770 τε
1020 3703 1135 3782 αὐτούς
1164 3705 1284 3784 ἐκεῖνος

163 3810 220 3877 καὶ
249 3809 355 3894 μένειν
383 3807 490 3898 ἠξίου,
525 3804 557 3875 ολ
587 3807 624 3875 δέ
653 3808 783 3893 άμεινον
804 3801 888 3876 εἶναί
910 3831 1024 3899 σφισιν
1050 3811 1182 3898 ἡγοῦντο
1206 3810 1282 3877 ἐπι-

162 3917 276 4002 βάντες
305 3917 404 3999 μόνον
432 3928 498 3980 τῶν
523 3904 711 3998 Ῥωμαϊκῶν
739 3913 836 4004 ὁρίων
865 3913 984 3982 αύτίκα
1007 3916 1091 3982 ούτω
1114 3919 1284 4004 παρασχόν

163 4022 221 4088 καί
244 4021 401 4089 τεθνάναι
425 4023 445 4110 ἢ
466 4020 613 4105 μένοντες
634 4023 729 4110 παρά
751 4021 900 4110 Πέρσαις
922 4036 988 4088 τῶν
1009 4017 1170 4106 μεγίστων
1185 4037 1284 4110 γερῶν

162 4128 422 4214 μεταλαγχάνειν.
451 4128 534 4193 ούτω
557 4151 593 4194 τε
616 4129 759 4206 ἀπαντες
782 4125 894 4195 οἴκαδε
916 4126 1140 4215 ἀπενόστησαν
1161 4126 1285 4217 χαίρειν

163 4233 309 4313 εἰπόντες
331 4233 374 4322 τῇ
397 4245 455 4300 τοῦ
476 4234 643 4322 βαρβάρου
666 4233 843 4324 φιλοξενίᾳ.
867 4235 1043 4300 ἀπώναντο
1066 4231 1102 4298 δέ
1125 4234 1213 4316 ὅμως
1228 4249 1285 4322 της

237 4464 263 4526 l)
281 4465 415 4524 Εὐλάλιος
433 4462 541 4517 Suidas:
560 4466 702 4536 Εὐλάμιος
719 4463 829 4533 Αςελλιίἰ
847 4465 920 4519 codd.

1015 4551 1048 4602 37
1057 4549 1072 4581 *
