3130 4980
610 323 751 392 Cyrenaici.
1188 322 1243 386 209

195 492 222 534 e.
242 478 294 534 Cic.
313 480 389 534 Tuss.
408 481 421 533 Ι
438 483 482 536 83.
518 481 546 535 Α
571 483 652 538 males
675 483 763 552 ι’ριῗιαν
785 499 857 538 mers
880 483 1010 551 abducit,
1037 501 1095 540 ιιοιι
1118 503 1137 538 α
1155 485 1241 554 bonis,

123 584 219 622 αιτιοι
236 569 262 623 si
280 571 443 638 quaerimus.
481 571 523 624 Et
541 572 652 640 quidem
670 573 719 626 hoe
737 590 756 625 α
775 571 926 642 Cyrenaico
943 573 1065 642 Heyese'a
1082 575 1122 629 sie
1134 575 1242 643 copiose

125 657 303 725 disputetur,
331 663 364 713 ee
382 659 408 712 ιε
431 676 450 712 α
473 675 535 730 τερα
560 661 714 716 Ptolemaeo
731 661 891 730 prohibitus
914 678 967 716 esse
993 661 1105 716 θύσαντα
1132 664 1183 717 s'lla
1210 664 1242 716 ιἰι

124 747 221 800 scholis
248 747 349 814 dicere,
384 747 457 816 quod
490 749 573 802 multi
606 749 643 804 iis
670 749 781 804 aeditis
814 756 925 806 mertem
951 751 1004 806 sies·
1038 751 1095 818 ipsi
1127 754 1242 806 consess-

124 841 221 890 eerest.
242 866 275 874 —-
295 867 329 876 -
357 838 399 892 84.
419 837 494 892 Eius
507 844 601 892 aetem
616 868 649 877 -
664 839 733 893 liber
750 845 790 894 est
807 834 1026 914 Ἀποκαρτερσν,
1054 843 1127 908 ηαο1
1145 859 1164 894 α
1182 842 1242 896 sita

122 924 237 994 quidam
254 942 304 994 per
321 927 445 980 inediam
463 927 603 982 discedens
616 933 759 984 revocatus
773 929 807 982 ab
827 929 932 995 amieis,
957 929 1057 996 ηαίόιιε
1074 929 1241 998 responderes

122 1016 193 1070 υιίαε
212 1017 351 1070 emensae
369 1023 512 1072 enumerat
526 1017 704 1072 ιάοοιαιαοδα.
734 1016 772 1072 Cf.
787 1017 858 1072 Plut.
878 1018 910 1072 de
918 1016 1014 1072 Amore
1028 1019 1096 1072 Prol.
1112 1019 1129 1073 5
1142 1037 1167 1088 p.
1180 1021 1240 1086 197,

122 1107 164 1154 ΕΡ
183 1105 244 1157 212.

192 1227 216 1282 f.
235 1227 330 1281 Strabo
348 1227 425 1282 XVII
434 1228 467 1282 21
487 1245 512 1297 p.
523 1229 574 1282 837
600 1229 697 1302 ἄνδρες
712 1231 838 1298 ἐγίνοντο
854 1233 990 1305 γνώριμοι
1008 1230 1239 1307 ΚυρηναῖοιἈρί·

122 1319 243 1378 στιππός
262 1336 289 1370 τε
309 1345 343 1354 -
363 1345 396 1354 -
415 1320 461 1370 καὶ
477 1313 619 1386 Ἀννίκερις
639 1321 655 1370 ὁ
673 1317 763 1372 δοκῶν
780 1321 979 1389 ἐπανορθῶσαι
999 1322 1048 1387 τὴν
1066 1324 1240 1394 Καρηναϊκὴν

122 1409 229 1476 αἵρεσιν
252 1411 299 1458 καὶ
324 1413 500 1477 παραγαγεῖν
524 1402 580 1458 ἀντ’
610 1408 692 1474 αὐτῆς
710 1408 759 1474 τὴν
774 1402 961 1482 Ἀννικερείαν.
998 1408 1092 1464 Suidas
1111 1429 1134 1464 v,
1151 1407 1239 1464 Ἀννί-

121 1515 191 1569 κερις
210 1512 269 1548 sum
288 1495 337 1548 sub
355 1493 503 1548 Alexandro
521 1495 640 1548 floruisse
659 1499 758 1549 narrat.

18 1825 19 1828 ,
74 1795 111 1836 eos
189 1766 274 1829 Sext.
306 1763 375 1828 adv.
399 1763 500 1826 Math.
528 1763 592 1827 VII
618 1773 667 1828 11.
713 1767 854 1828 Λοκοῦσι
884 1762 920 1830 δὲ
947 1763 1032 1830 κατά
1062 1790 1152 1844 τινας
1181 1764 1238 1847 καί
1253 1763 1431 1868 mosem

120 1867 150 1937 οἱ
179 1870 250 1935 ἀπὸ
277 1882 334 1956 τῆς
363 1869 511 1956 Κυρήνης
539 1869 637 1952 μόνον
665 1869 877 1950 ἀσπάζεσθαι
911 1872 949 1936 τὸ
979 1870 1097 1959 ἠθικόν
1129 1871 1235 1960 μέρος,

120 1975 370 2064 παραπέμπειν
386 1975 422 2042 δὲ
445 1977 483 2042 τὸ
506 1978 643 2064 φυσικὸν
671 1975 728 2042 καὶ
751 1978 789 2042 τὸ
813 1977 942 2061 λογικὸν
965 1979 1008 2056 ὡς
1030 1978 1131 2067 μηδὲν
1154 1982 1238 2068 πρὸς

118 2088 155 2152 τὸ
188 2083 387 2167 εὐδαιμόνως
427 2089 518 2168 βιοῦν
553 2094 788 2169 συνεργοῦνταθ.
828 2081 938 2149 καίτοι
976 2084 1236 2172 περιτρέπεσθαι

118 2191 252 2268 τού-τους
275 2185 355 2256 ἔνιοι
379 2187 582 2272 νενομίκασιν
604 2189 640 2269 ἐξ
662 2185 706 2254 ὧν
729 2191 766 2255 τὸ
790 2189 909 2278 ἠθικόν
931 2190 1112 2279 διαιροῦσιν
1134 2189 1180 2271 είς
1202 2219 1237 2260 τε

118 2298 173 2364 τὸν
196 2295 364 2384 περὶτῶν
387 2293 523 2383 αἱρετῶν
552 2295 608 2362 καὶ
632 2310 779 2384 φευκτῶν
801 2297 904 2362 τόπον
934 2297 990 2363 καὶ
1013 2295 1059 2376 είς
1082 2300 1138 2365 τόν
1159 2299 1236 2386 περὶ

119 2418 182 2470 τῶν
206 2409 332 2468 παθῶν
355 2401 411 2468 καί
436 2399 485 2468 ἔτι
508 2400 554 2481 εἷς
583 2405 639 2469 τὸν
662 2401 738 2490 περὶ
761 2417 826 2468 τῶν
849 2403 999 2491 πράξειαν
1021 2404 1078 2470 καὶ
1102 2405 1160 2494 ἤδη
1184 2408 1239 2472 τόν

119 2509 196 2598 περὶ
220 2524 286 2576 τῶν
309 2505 424 2574 αἰτίων
446 2508 503 2575 καί
526 2510 711 2575 τελευταῖον
733 2506 779 2588 εἰς
801 2512 856 2576 τὸν
879 2509 956 2599 περὶ
972 2525 1036 2576 τῶν
1059 2509 1237 2578 πίστεωνθ·

119 2617 151 2684 ἐν
173 2617 304 2694 τούτοις
333 2619 393 2702 γὰρ
425 2617 442 2682 ό
475 2616 552 2704 περὶ
582 2631 646 2682 τῶν
675 2613 790 2682 αἰτίαν
818 2617 935 2698 τόπος,
971 2615 1086 2707 φασίν,
1122 2618 1158 2685 ἐκ
1182 2631 1239 2686 τοῦ

119 2735 260 2812 φυσικοῦ
289 2721 405 2812 μέρους
435 2722 616 2808 ἐτύγχανεν,
652 2724 669 2788 ό
702 2722 738 2788 δέ
766 2723 842 2812 περὶ
873 2722 1016 2791 πίστεων
1044 2725 1080 2791 ἐκ
1102 2737 1160 2792 τοῦ
1182 2727 1238 2792 λο-

119 2841 238 2916 γικοῦθ.

190 2988 219 3028 a.
240 2971 337 3024 Eadem
356 2988 390 3024 ex
408 2971 498 3025 eodem
516 2975 548 3024 ut
567 2972 670 3026 videtur
687 2973 759 3026 fonte
778 2972 873 3026 Seneca
892 2973 938 3044 Ep.
958 2977 1001 3041 89,
1023 2977 1063 3029 10.
1153 3031 1156 3036 ,

189 3079 220 3134 b.
241 3078 318 3147 Diog.
337 3079 363 3130 ΙΙ
382 3080 416 3132 92
436 3091 489 3131 τῶν
508 3079 538 3134 δὲ
558 3083 674 3150 λογικῶν
693 3080 741 3134 διὰ
761 3082 809 3147 τὴν
828 3083 993 3154 εὐχρηστίαν
1011 3084 1138 3149 ἥπτοντο.

190 3185 496 3242 e.Arist.Met.ss12.
518 3188 648 3241 996132.
686 3188 754 3241 ὥστε
774 3189 822 3241 διὰ
838 3199 924 3241 ταῦτα
943 3201 997 3241 τῶν
1016 3202 1157 3261 σοφιστῶν
1171 3212 1240 3253 τινες
1269 3195 1424 3240 mathematica

18 3283 19 3288 ’
120 3270 179 3328 οἷον
194 3273 374 3350 Ἀρίστιππος
389 3279 601 3345 προεπηλάκιζεν
620 3279 704 3337 αὐτός
722 3279 781 3344 (τὰς
794 3280 993 3350 μαθηματικὰς
1008 3281 1121 3348 τέχνας).
1140 3282 1169 3333 ἐν
1186 3283 1239 3352 μὲν
1294 3251 1397 3301 mmm

120 3367 172 3438 γὰρ
201 3371 263 3425 ταῖς
291 3367 385 3426 ἰίίίαις
411 3369 531 3434 τέχναις,
560 3370 606 3418 καὶ
626 3372 686 3426 ταῖς
703 3368 865 3433 βαναύσοις,
896 3361 955 3419 οιόν
982 3370 1011 3420 ἐν
1038 3372 1175 3440 τεκτονικῇ
1193 3373 1239 3421 καὶ

120 3458 245 3526 σκυτικῇ,
275 3454 348 3506 διότι
366 3458 473 3521 βέλτιον
491 3459 506 3520 ἢ
521 3461 618 3526 χεῖρον
635 3457 767 3524 λέγεσθαι
786 3458 893 3519 πάντα,
923 3458 971 3515 τὰς
990 3457 1021 3510 δὲ
1039 3459 1239 3528 μαθηματικὰς

121 3545 224 3597 οὐθένα
244 3549 388 3596 ποιεῖσθαι
406 3545 490 3612 λόγον
508 3549 571 3615 περὶ
590 3547 706 3613 ἀγαθῶν
719 3549 765 3597 καὶ
782 3555 878 3597 κακῶν.
908 3544 944 3598 Cf.
964 3544 1237 3612 Diog.1192.Plut.

119 3630 214 3685 δίτονα.
235 3649 276 3700 ap.
296 3631 389 3685 Euseb.
409 3633 452 3685 Pr.
471 3631 517 3686 Ev.
536 3632 593 3698 18,
612 3635 628 3686 9
647 3633 769 3701 (Dexogr.
788 3633 859 3696 581).

18 3837 19 3888 3
55 3872 111 3915 ται
186 3825 279 3926 Dieg.
306 3845 341 3908 Π
376 3854 426 3910 87.
478 3847 576 3911 Δοκεῖ
610 3835 642 3909 δ’
675 3845 786 3924 αὐτοῖς
820 3845 877 3912 καὶ
908 3844 999 3924 τέλος
1032 3844 1239 3929 εὐδαιμονίας

121 3949 297 4037 διαφέρειν.
321 3949 412 4028 τέλος
434 3949 493 4034 μὲν
517 3953 577 4038 γὰρ
601 3944 683 4018 εἶναι
699 3955 755 4041 τὴν
771 3955 856 4018 κατὰ
871 3951 968 4039 μέρος
984 3953 1106 4042 ηόονὴν,
1130 3952 1238 4018 εύδαι-
1304 3961 1388 4028 ἡδονή

120 4054 236 4136 μανίαν
258 4055 295 4122 δὲ
318 4058 356 4122 τὸ
379 4056 415 4122 ἐκ
439 4071 503 4122 τῶν
525 4073 665 4145 μερικῶν
687 4061 807 4146 ἡδονῶν
822 4061 978 4148 σύστημα,
1003 4051 1056 4138 αἷς
1078 4065 1238 4146 συναριθ-

18 4157 19 4160 “
120 4173 256 4244 μοῦνται
279 4163 336 4228 καὶ
361 4161 396 4229 αὶ
420 4169 649 4254 παρῳχηκυῖαι
673 4165 730 4232 καὶ
754 4163 787 4232 αί
812 4165 998 4250 μέλλουσαι.
1032 4175 1082 4233 88.
1107 4158 1189 4231 εἷναί
1204 4190 1239 4232 τε

122 4341 333 4352 m*—

192 4450 220 4513 1)
237 4451 264 4503 in
283 4468 334 4520 quo
352 4451 484 4522 Bentley:
503 4452 571 4521 quod
591 4452 663 4506 libri.
