3130 4980
436 1243 594 1326 Eileoi
626 1245 677 1326 et
707 1241 960 1326 Eretriaci.

84 1611 127 1650 aas
203 1591 295 1672 Diog.
317 1591 352 1654 H
377 1597 449 1655 1-05.
498 1586 630 1654 Φαίδων
640 1578 767 1667 Ἠλεῖος
784 1628 825 1636 -
840 1593 965 1673 μετεῖχε
981 1589 1202 1678 Σωκράτοοςθ.
1216 1630 1259 1641 -
1288 1609 1365 1651 selon

136 1695 298 1778 Διάδοχος
332 1683 365 1761 d'
391 1694 490 1761 αὐτοῦ
512 1693 755 1772 Πλείστοινος1
786 1684 929 1778 Ἠλεῖος,
965 1695 1023 1762 καὶ
1057 1695 1163 1786 τρίτοι
1197 1689 1256 1765 ἀπ’

137 1803 238 1868 αὐτοῦ
267 1798 298 1868 οὶ
325 1801 403 1889 περὶ
434 1800 627 1890 Μενέδημον
655 1803 711 1868 τὸν
739 1791 901 1890 ’Ἐρετριέα
931 1802 990 1869 καὶ
1011 1793 1259 1894 Ἀσκληπιάδην

136 1912 194 1976 τὸν
219 1907 408 1990 Φλειάσιον,
436 1908 669 1994 μεταγνόντες2
693 1907 762 1974 ἀπὸ
786 1907 1003 1988 Στίλπωνος).
1038 1909 1095 1976 καὶ
1118 1909 1179 1989 έως
1200 1911 1261 1995 μὲν

136 2017 259 2082 τούτων
278 2003 448 2080 Ἡλειακοὶ
478 2015 779 2103 προσηγορεύοντο)
804 2015 872 2082 tat
899 2014 936 2081 δὲ
958 2017 1150 2104 Μενεδήμου
1170 2006 1258 2106 Ἐρε-

136 2119 277 2212 τριακοί.

210 2263 238 2303 a.
258 2219 423 2315 Senpsedunt
441 2245 473 2300 de
491 2244 642 2300 Phaedone:
661 2247 691 2302 L.
711 2245 822 2310 Preller,
841 2246 908 2301 Plus
926 2246 1180 2303 Lebeneseleieltsale
1198 2248 1259 2302 und

135 2336 281 2402 Schriften,
300 2335 368 2390 Mus.
388 2333 437 2388 Rh.
457 2333 497 2388 IV
515 2333 623 2403 (1846),
641 2336 693 2389 391
705 2350 753 2404 sq„
778 2350 880 2404 reeogn.
900 2335 929 2388 in
947 2335 1038 2389 Erseh.
1059 2333 1140 2390 Grub.
1159 2337 1259 2405 eneyel.

136 2427 201 2480 seet.
220 2423 334 2478 111v01.
353 2425 401 2488 21,
420 2423 481 2478 357.
501 2453 535 2462 -
560 2423 593 2477 U.
613 2423 643 2477 de
662 2423 1042 2490 Wilamowita-Mdllenderff‚
1061 2424 1175 2479 Hermes
1193 2423 1260 2478 xiv

136 2514 238 2582 (1879),
259 2514 318 2568 186.
337 2513 398 2566 476.
425 2541 458 2549 -
483 2513 523 2566 De
546 2511 666 2586 doctrina
690 2512 820 2567 ineeitum
838 2514 887 2566 est.
925 2512 1085 2568 Nominatus
1107 2513 1259 2582 plerumque

135 2618 191 2656 una
210 2617 270 2656 enm
288 2600 440 2665 Eretriaeis,
459 2601 506 2668 qui
524 2601 611 2654 solent
629 2615 689 2655 eum
707 2600 849 2668 Megaricis
868 2602 1000 2670 coniungi.

208 2707 239 2762 b.
259 2705 446 2774 ef.niog.11
466 2707 525 2760 126.
546 2707 606 2761 134.
643 2705 811 2760 Menedemus
835 2707 875 2760 nil
899 2707 994 2776 scripti
1012 2707 1150 2775 reliquisse
1167 2723 1259 2762 narra·

13 2783 15 2860 J
135 2799 182 2850 tur
200 2795 235 2848 ib.
256 2795 315 2849 136.
352 2793 456 2849 Nobilis
475 2798 533 2848 erat
551 2795 674 2849 amicitia
691 2793 861 2864 Asclepiadis
884 2798 912 2849 et
925 2795 1078 2860 Menedemi,
1096 2795 1131 2849 ib.
1152 2796 1212 2862 137,
1231 2799 1260 2850 et

13 2869 14 2876 λ
136 2885 240 2952 insigne
258 2883 461 2952 philosophandi
479 2882 611 2948 studium,
639 2882 738 2940 Athen.
758 2884 799 2936 IV
817 2885 896 2938 168⁸.
933 2883 1099 2938 Menedemus
1124 2883 1155 2938 de
1168 2885 1259 2953 patria

137 2987 240 3040 qnoque
258 2971 421 3036 merebatur,
447 2988 527 3040 quam
551 2971 660 3040 regebat
684 2975 800 3040 tempore
825 2973 967 3041 primorum
985 2972 1131 3040 Alexandri
1154 2989 1259 3029 sueces-

138 3076 226 3114 sorum
244 3075 326 3128 usque
345 3059 379 3114 ad
398 3058 440 3114 01.
460 3061 521 3125 125,
540 3061 557 3114 3
576 3060 611 3126 (a.
631 3060 703 3126 278).
740 3060 781 3114 cf.
801 3061 878 3129 Diog.
897 3061 926 3114 11
945 3063 1098 3116 140-144
1121 3065 1149 3116 et
1167 3062 1199 3116 de
1217 3078 1258 3117 ex-

138 3149 230 3202 tremis
248 3147 393 3202 Menedemi
411 3149 573 3217 temporibus
592 3147 692 3216 Iteeper
709 3147 736 3200 in
756 3147 895 3217 Philologo
914 3148 954 3202 lx
973 3149 1074 3219 (1854),
1093 3151 1127 3203 27
1137 3167 1177 3220 sq.

87 3347 129 3387 aas
205 3327 295 3408 Diog.
318 3326 353 3390 Π
379 3333 451 3391 134.
496 3323 567 3390 Καὶ
590 3325 629 3412 δὴ
652 3323 711 3390 καὶ
733 3325 807 3391 τόδε
822 3323 944 3412 έρωτᾱν
967 3323 1080 3394 εἰώθει
1103 3328 1134 3413 (ὁ
1150 3326 1257 3395 Μενέ-
1282 3345 1344 3410 aliut
1358 3348 1386 3388 ab
1400 3347 1446 3390 alio

138 3433 268 3520 δημος)
302 3433 348 3497 Τὸ
371 3429 479 3519 ἕτερον
500 3441 558 3497 τοῦ
581 3427 690 3518 ἑτέρον
713 3431 821 3519 έτερόν
843 3431 929 3515 ἕστι,·
952 3431 1030 3498 Ναί.
1071 3421 1200 3522 Ἕτερον
1222 3433 1260 3500 δέ
1321 3399 1398 3442 mm

139 3537 209 3604 ἐστι
238 3539 276 3604 τὸ
306 3539 443 3626 ὠφελεῖν
472 3549 530 3604 τοῦ
559 3536 707 3622 dyadem
751 3535 828 3602 Ναί.
874 3537 941 3604 Οἷα
970 3539 1034 3628 ἄρα
1063 3543 1101 3606 τὸ
1131 3539 1258 3626 ἀγαθὸν

138 3645 274 3734 ὠφελεῖν
297 3640 411 3710 ἐστίν’.

210 3784 238 3824 a.
258 3768 356 3824 Subest
374 3767 503 3838 Stilpanis
521 3767 698 3833 enuntiatum,
717 3766 786 3836 quod
804 3767 946 3822 attulimus
965 3775 1009 3822 121²
1028 3770 1088 3826 232.

88 3967 128 4006 νει
204 3947 289 4011 Plut.
320 3947 358 4010 de
382 3945 465 4010 Viri.
488 3947 566 4010 Mor.
603 3954 639 4022 2,
668 3965 698 4028 p.
722 3954 797 4011 440.
853 3944 1045 4034 Μενέδημος
1077 3946 1138 4030 μέν
1170 3947 1188 4013 ὁ
1222 3947 1258 4029 έξ
1272 3965 1342 4007 virtus
1356 3967 1392 4008 est
1410 3978 1455 4008 una

134 4043 300 4140 Ἐρετρίας
327 4046 437 4140 ἀνῄρει
465 4064 531 4116 τῶν
558 4050 679 4137 ἀρετῶν
707 4049 765 4116 καὶ
792 4052 830 4117 τὸ
859 4053 994 4140 πλῆθος
1015 4051 1073 4118 καὶ
1100 4055 1160 4131 τὰς
1182 4054 1258 4120 δια-

137 4158 257 4248 φοράς,
294 4157 339 4235 ὡς
366 4167 447 4240 μιᾶς
476 4155 571 4246 οέσης
600 4155 656 4222 καὶ
683 4154 847 4246 χρωμένης
869 4143 1009 4236 πολλοῖς
1032 4156 1186 4243 ὀνόμασι·
1219 4163 1258 4228 τὸ

208 4374 237 4443 1)
256 4376 441 4432 Πλείσταινος
453 4369 492 4422 P¹
507 4368 540 4436 (P
555 4389 587 4418 =
602 4369 687 4424 Paris.
708 4369 797 4434 1759),
816 4370 928 4440 Reeper:
950 4374 1122 4433 Πλείστανος
1139 4371 1212 4441 vulg.
1223 4402 1257 4414 -

138 4463 165 4532 2)
182 4463 370 4536 μεταγνόντες
387 4458 538 4528 Emperius:
562 4462 730 4531 μετάγοντες
747 4459 836 4527 vulgo.

988 4547 1044 4602 16*
