3140 4990
634 311 809 371 Parmenides.

253 472 387 563 εὖρήσεις
409 472 443 542 τὸ
467 489 554 544 νοεῖν.
585 473 656 543 othir*
677 474 815 564 ypivocb
838 478 919 544 ἔστιν
942 473 962 564 ἢ
985 478 1066 544 ἕσται

253 581 327 649 άλλο
351 579 468 670 πάρεξο
490 585 546 649 τοῦ
569 580 690 662 ἐόντος·
714 587 774 652 ἐπεὶ
797 581 832 650 τά
856 613 887 669 γε
913 581 1012 670 Μοῖρ’
1038 585 1180 669 ἔπε’(λησεν
1217 592 1279 648 100

253 683 343 756 σάλον
366 688 505 777 ἀκίνητόν
529 688 556 757 τ’
581 692 691 775 ἴμεναι.
739 694 783 780 τῷ
805 690 892 758 πάντ’
918 685 1000 774 ὄνομ’
1030 692 1111 757 ἔσται
1128 690 1150 772 d,

253 794 329 864 ὅσσα
351 804 458 885 βροτοὶ
482 800 646 864 κατέθεντο
670 793 853 875 πεποιθότες
876 797 948 864 εἶναι
971 795 1085 884 α’ληθῆ,

167 911 228 970 100
252 909 395 988 γίνεσθαί
414 933 446 973 τε
469 911 517 971 καὶ
540 899 699 987 άλλυσθαι,
725 905 802 972 εἶναί
821 933 852 972 τε
876 912 925 971 καὶ
949 903 1022 985 οὐκί,

251 1019 299 1077 καί
323 1008 417 1077 τόπον
440 1008 611 1095 ἀλλάσσειν,
637 1008 687 1078 διά
709 1040 740 1078 τε
763 1010 842 1097 χρόα
865 1008 966 1100 φανὸν
989 1009 1133 1096 ἀμείβειν.

235 1150 263 1190 a.
292 1135 364 1190 Idem
383 1153 437 1190 esse
456 1138 572 1206 cogitare
590 1141 670 1206 atque
688 1137 715 1190 id
735 1135 802 1205 quod
828 1138 971 1206 cogitetur,
997 1136 1079 1191 efficit
1097 1155 1128 1192 ea
1147 1154 1185 1202 re,
1210 1137 1279 1206 quod

164 1225 291 1294 cogitatio
310 1241 439 1294 nusquam
458 1227 513 1280 sine
532 1243 568 1291 eo,
588 1227 656 1295 quod
675 1226 775 1290 subsit,
794 1227 958 1291 invenietur,
977 1227 1005 1280 in
1024 1243 1074 1294 qno
1092 1243 1184 1280 nornen
1203 1243 1280 1279 suum

163 1313 310 1382 reppererit.
348 1313 478 1368 Steinium
492 1317 515 1369 si
528 1315 658 1383 audimus,
677 1315 851 1379 Parmenides
868 1301 898 1368 ut
910 1319 1094 1384 argumentum
1107 1315 1280 1380 confirmaret,

163 1402 319 1456 vocabulum
337 1403 423 1472 ipsum
442 1409 515 1456 νοεῖν
534 1406 589 1472 (ρετ
609 1403 812 1472 anagramma?)
832 1421 848 1457 a
866 1403 942 1457 verbo
968 1400 1016 1455 ἐόν
1037 1405 1163 1472 originem
1189 1403 1280 1458 ducere

164 1491 272 1560 adiecit3
292 1493 330 1546 sie
358 1493 427 1546 enim
445 1509 470 1561 p.
491 1493 542 1546 791
561 1494 667 1562 interpr.
692 1511 716 1546 v.
737 1492 767 1543 ἐν
786 1482 810 1563 ῷ
828 1509 930 1561 nepot.
950 1490 1030 1548 ἐστίν,

233 1581 263 1636 b.
291 1581 331 1634 Ea
350 1598 450 1650 qnoque
468 1583 540 1636 notio
559 1582 669 1636 refertur
686 1583 756 1636 inter
774 1584 881 1636 nomina
900 1583 933 1635 ab
958 1581 1109 1636 hominibus
1135 1582 1199 1635 fieta
1217 1581 1279 1649 (98).

163 1670 217 1724 Cur
234 1672 275 1724 ita
293 1673 413 1736 statuat,
439 1672 513 1726 docet
531 1689 554 1725 v.
576 1673 620 1736 77,
638 1675 697 1725 turn
717 1673 776 1726 100.
814 1673 901 1741 Magis
926 1673 1007 1724 etiarn
1032 1671 1196 1740 perspicuum
1221 1669 1279 1738 erit,

163 1761 185 1813 si
213 1762 371 1814 eontrarium
400 1759 644 1831 comparaverimus.
683 1761 719 1814 Ut
747 1761 777 1814 de
802 1761 996 1815 Anaximandro
1022 1759 1127 1828 Hippoi.
1147 1759 1162 1812 1
1181 1760 1279 1812 iiDox.

162 1849 224 1914 559,
244 1851 277 1904 19
303 1848 376 1918 λέγει
394 1849 426 1902 oe
442 1847 546 1918 χρόνον
565 1847 770 1920 ώς,ο1ρισμένης
789 1855 837 1913 τῆς
856 1851 990 1918 γενέσεως
1010 1852 1055 1900 καί
1071 1851 1116 1910 τῆς
1132 1843 1222 1907 ου’σίας
1236 1849 1280 1898 καὶ

163 1941 209 1998 τῆς
233 1941 356 2007 φθορᾶς,
381 1937 423 1993 vel
448 1939 479 1992 de
507 1939 618 1994 Platone
638 1939 834 2008 Theophrastus
854 1957 894 2008 ap.
915 1940 1006 2008 Sinrpl.
1026 1939 1104 2006 Phys.
1125 1938 1197 1990 165r
1215 1937 1279 1990 Dor.

162 2027 259 2091 4922
283 2023 330 2092 τήν
354 2031 403 2079 τοῦ
428 2025 494 2079 ὅλου
519 2032 621 2090 κίνησιν
650 2030 693 2079 καί
721 2027 876 2096 περιφοράν
902 2027 950 2079 τὸν
973 2027 1075 2095 χρόνον
1094 2013 1173 2078 εἶναι.
1209 2025 1279 2092 Quid

162 2115 247 2184 igitur
269 2119 385 2170 statuere
409 2133 512 2172 neeesse
535 2121 593 2172 erat
616 2135 673 2172 eum
699 2134 774 2186 quem
799 2117 945 2178 στασιώτην
969 2119 1020 2167 τοῦ
1047 2112 1112 2166 ὅλου
1130 2106 1216 2168 Plato
1234 2131 1280 2183 ap·

163 2204 269 2273 pellat?

233 2308 259 2352 o.
289 2294 380 2364 Simpl.
405 2295 482 2364 Phys.
503 2297 565 2350 251.
593 2297 651 2361 115,
671 2299 704 2350 11
724 2299 755 2350 D.
794 2294 842 2347 τὸν
871 2293 1044 2366 Παρμενίδου
1072 2290 1175 2361 λόγου,
1203 2293 1237 2351 οἱς
1265 2289 1279 2342 ὁ

161 2361 334 2451 Ἀλέξανδρος
354 2388 469 2454 ἱστορεῖ,
488 2383 503 2436 o‘
520 2389 574 2456 μὲν
594 2378 772 2454 Θεόφραστος
791 2381 878 2444 οὕτως
897 2381 1037 2436 ἐκτίθεται
1062 2381 1093 2434 ἐν
1116 2385 1155 2454 τῷ
1179 2376 1279 2451 πρώτῳ

163 2474 211 2536 τῆς
234 2477 344 2540 φυσικῆς
364 2475 500 2541 ἱστορίας·
526 2473 580 2541 ,,το“
603 2472 678 2544 παρά
703 2474 736 2525 τά
761 2473 794 2525 ὄν
818 2472 868 2526 οτίκ
886 2471 936 2524 ὅν·
958 2471 991 2524 ro*
1009 2467 1058 2523 ουίι
1077 2469 1109 2523 ὂν
1128 2467 1229 2524 οὐδέν·
1248 2469 1279 2522 ἓν

162 2558 216 2630 spa
235 2558 267 2611 ιι·
285 2557 352 2616 ονε
390 2563 431 2616 of.
451 2563 532 2618 nest.
552 2565 615 2617 nee.
634 2563 693 2618 15.
713 2563 785 2618 esee
805 2565 847 2618 os.
1036 2550 1041 2562 '

234 2649 264 2704 tl.
292 2650 456 2720 „Propterea
474 2653 580 2707 nomina
599 2652 782 2707 tantummodo
801 2654 872 2715 sunt,
893 2667 1061 2720 quaeeunque
1080 2649 1204 2704 mortales
1223 2652 1278 2702 sta·

162 2740 270 2792 tuerunt
288 2740 425 2807 opinantes
444 2757 499 2794 esse
517 2757 587 2806 vera,
605 2743 679 2796 nasei
698 2744 778 2810 atque
797 2742 912 2805 interire,
933 2757 987 2794 esse
1002 2743 1028 2794 ot
1042 2756 1092 2793 non
1109 2755 1171 2804 esse,
1191 2739 1276 2794 locum

163 2832 274 2894 mutare,
293 2829 403 2884 colorem
422 2832 545 2884 vertere.“

118 2995 145 3034 ee
229 2973 432 3038 Parmenides
457 2995 504 3058 ap.
530 2975 667 3058 SimpHo.
691 2975 787 3058 Phys.
812 2983 850 3039 31
869 2985 890 3037 V.
919 2983 991 3052 146,
1017 2983 1056 3040 15
1075 2975 1110 3038 D.

165 3069 476 3144 102³Ht⁰”’''
578 3093 593 3107 ·
695 3079 702 3101 ’
1073 3084 1128 3108 ..

292 3111 301 3145 ι
380 3109 418 3166 αρ
458 3107 517 3164 εχει
540 3109 641 3168 πειρας
664 3109 813 3164 πυριοτον,
837 3082 1042 3165 τετελεσμένον
1066 3107 1128 3146 εστι
1214 3085 1276 3145 105
1297 3097 1419 3200 affigo

251 3186 415 3268 πάντοθεν,
439 3183 580 3254 εὐκύκλου
604 3193 733 3275 σφαίρης
756 3187 922 3271 ἐναλίγκιον
945 3181 1034 3276 ὄγκῳ,
1305 3205 1406 3245 tornatus

250 3293 405 3376 μεσσόθεν
428 3297 568 3370 ι’σοπαλὲς
582 3306 595 3333 ²
617 3290 734 3382 πάντῃ·
758 3290 792 3360 τὸ
816 3294 871 3379 γάρ
896 3292 963 3359 οὔτε
986 3323 1016 3360 τι
1039 3297 1144 3376 μεῖζον

165 3406 227 3466 105
252 3393 318 3466 οάτε
340 3429 370 3466 τι
392 3397 551 3487 βαιάτερον
573 3404 689 3468 πίλεναι
708 3397 807 3488 χρεών
830 3405 893 3468 ἐστι
915 3401 955 3488 τῇ
977 3399 996 3483 ἢ
1019 3403 1066 3488 τῇ.

251 3500 319 3574 οὕτε
342 3508 399 3596 γὰρ
423 3505 477 3574 οτίκ
499 3507 548 3576 ἐάν
571 3512 643 3591 ἔστι,
667 3508 702 3574 τό
726 3537 776 3576 κεν
799 3504 889 3574 παάοι
913 3537 966 3592 μιν
989 3510 1134 3574 ἱκνεῖσθαι

251 3619 291 3691 εἷς
315 3609 400 3698 ὃμόν,
426 3612 490 3680 οἵτ’
516 3615 565 3682 ε’ὸν
588 3615 670 3682 ἔστιν
693 3611 774 3694 ὅπως
796 3618 840 3700 εἴη
863 3643 911 3682 κεν
934 3609 1037 3690 ἓάντος
1213 3621 1277 3679 110

251 3721 290 3808 ep*
311 3723 429 3804 μᾶλλον
453 3723 491 3808 τῇ
514 3718 543 3786 θ’
568 3715 663 3808 ἧσσον
678 3722 700 3804 ¹³,
724 3727 785 3790 ἐπεὶ
807 3725 868 3788 πᾶν
892 3727 971 3788 ἐστιν
994 3714 1117 3788 άσυλον.

251 3833 276 3893 τί
297 3827 353 3916 γάρ
377 3823 533 3895 πάντοθεν
557 3827 621 3895 ἶσον
646 3823 728 3913 ὁμῶς
751 3833 782 3894 ἓν
805 3834 921 3916 πείρασι
945 3824 1035 3916 κάρει.

162 4093 234 4148 Stob.
259 4095 315 4150 Eoi.
340 4095 433 4150 1352.
470 4097 589 4164 Denique
613 4097 725 4166 saepius.
747 4125 780 4134 -
817 4098 934 4150 vs102.
962 4083 978 4161 ᾗ
1006 4091 1038 4145 ‹i'
1056 4093 1108 4163 ἄρ’
1134 4091 1194 4164 ἔχει
1213 4111 1277 4150 oorr.

161 4179 249 4254 ου’τάρ
268 4181 328 4236 ἐπεί
347 4183 401 4238 cod.
439 4181 483 4236 ἐπὶ
502 4185 625 4240 Karsten.
662 4183 709 4237 ἐόυ
728 4184 809 4238 Stein.
847 4180 932 4252 αὐτάρ
952 4183 1011 4236 ἐπεὶ
1030 4190 1124 4254 πείρας
1142 4181 1277 4253 πύματον,

161 4272 246 4326 τετελ.
272 4270 294 4328 ἐ,
313 4271 392 4327 πάντ.
417 4274 524 4342 interpr.
544 4275 632 4328 Diels:
661 4275 809 4342 „quoniam
834 4275 961 4327 terminus
989 4275 1030 4325 est
1054 4272 1115 4325 finis
1139 4274 1277 4337 extremus,

161 4362 229 4416 iliud
246 4363 390 4432 perfeetum
409 4362 612 4432 absolutumque
631 4366 739 4417 est.“-
757 4378 795 4416 vs.
808 4363 868 4415 109.
888 4361 943 4415 eod.
964 4364 989 4412 αἱ
1005 4358 1067 4428 γάρ,
1087 4361 1162 4415 Diels
1181 4361 1278 4416 conicit

162 4453 189 4502 τί
204 4449 258 4520 γάρ
277 4453 318 4505 rel
337 4440 355 4520 ᾗ
373 4448 438 4520 γάρ.
