3156 4988
284 323 339 386 300
759 325 924 382 Aristoteles.

285 485 300 538 I
318 486 343 540 1.
379 485 440 556 Ipss
457 484 615 538 Aristotcles
634 501 693 540 cam
711 487 865 540 vocabulum
882 489 990 556 λογικὸς
1008 486 1079 540 vario
1098 501 1177 540 sensu
1195 485 1327 554 adhibeat,
1345 485 1410 539 illas

146 570 259 622 analytica
287 591 351 644 quas
374 591 422 628 nos
446 573 545 642 logicae
569 573 711 648 tribuimus
730 575 896 644 quaestiones
914 574 1240 643 Analyticiamaxime
1257 573 1410 644 explicavit,

285 680 352 732 quae
369 663 494 716 dicuntur
511 665 569 716 ἀπὸ
588 673 639 716 τοῦ
657 665 793 728 ἀναλύειν,
812 663 840 718 h.
860 680 883 716 e.
902 663 1047 733 composita
1071 663 1200 716 resolvere
1223 662 1252 716 in
1276 663 1409 716 elementa

284 755 313 806 et
330 751 422 806 effecta
440 767 559 804 revocare
577 751 611 804 ad
629 768 729 818 causas,
748 752 780 806 cf.
799 750 876 805 Anal.
895 755 964 822 post.
983 751 1058 806 122.
1077 751 1132 805 84·
1146 752 1170 806 7.
1207 749 1303 818 Waltz,
1321 749 1405 804 Arist.

286 839 383 908 Organ.
401 839 429 893 H
446 857 471 910 p.
490 839 543 894 353
554 857 593 910 sq.
613 867 646 880 -
678 839 852 910 Quaecunque
870 841 903 893 ab
921 839 1067 894 Aristotele
1091 839 1174 908 logice
1199 839 1298 909 scripte
1321 841 1407 892 exeta-

163 932 259 973 ⁰¹⁸¹²¹¹⁰¹¹
286 930 353 983 bant
370 929 500 999 posterior
517 931 591 981 astas
609 944 661 982 uno
679 926 804 996 Organi
822 929 927 982 nomine
946 928 1078 998 complexa
1095 931 1145 994 est,
1164 928 1234 998 quod
1251 928 1336 996 logica
1352 943 1410 980 non

284 1017 368 1088 ipsius
391 1017 571 1087 philosophiae
593 1032 669 1086 pars,
694 1016 741 1069 ssd
765 1033 900 1070 commune
923 1016 1039 1070 omnium
1063 1016 1260 1086 dlaciplinarum
1278 1018 1408 1084 tanquam

283 1107 490 1160 instrumentum
508 1122 565 1159 esse
578 1105 725 1172 videbatur,
744 1105 775 1159 cf.
786 1104 900 1176 Simplic.
915 1105 943 1160 in
954 1097 1044 1174 Categss
1060 1105 1078 1159 f.
1097 1107 1122 1172 9,
1141 1105 1226 1159 Schol.
1245 1103 1299 1159 39¹³
1315 1103 1411 1158 4531,

284 1199 300 1263 ἠ
319 1196 351 1250 δὲ
369 1197 462 1265 loyaut
481 1206 560 1264 πᾶσα
579 1197 611 1248 τὸ
629 1195 776 1269 δργανικόν
793 1196 853 1248 ἐστι
865 1199 950 1268 μέρος
968 1203 1014 1261 τῆς
1028 1197 1204 1265 φιλοσοφίας.
1242 1191 1410 1262 Quamquam

284 1283 442 1338 Aristoteles
465 1283 522 1352 ipse
545 1283 595 1336 has
619 1282 786 1352 quaestiones
810 1282 992 1354 philosophiae
1010 1297 1067 1336 esse
1086 1281 1214 1348 affirmat,
1239 1281 1303 1335 Met.
1321 1281 1360 1334 IV
1378 1281 1410 1334 3.

284 1371 375 1427 rooth
394 1371 420 1426 5.
456 1371 540 1426 1112.
560 1373 631 1426 997⁸
649 1371 691 1425 12.

355 1495 507 1550 Aristotelis
526 1495 649 1564 Organon
667 1495 706 1549 ed.
725 1494 774 1548 Th.
793 1494 893 1562 Waltz,
918 1495 988 1565 Lips.
1009 1495 1158 1550 1844-46.
1187 1521 1221 1531 -
1249 1493 1411 1547 Trendelen-

284 1585 366 1653 burg,
390 1583 527 1638 Elementa
549 1583 646 1652 logices
664 1582 838 1638 Aristoteleae
863 1583 914 1650 (ad.
932 1583 1004 1650 VIII,
1023 1583 1109 1636 Borol.
1129 1582 1217 1647 1878).
1237 1609 1271 1618 -
1295 1582 1405 1648 Prantl,

285 1672 380 1728 Gracia.
407 1671 433 1726 δ.
452 1671 541 1741 Lopa'k
558 1672 580 1739 I,
600 1671 732 1726 87-346.

737 1871 948 1878 ----..

719 2063 963 2161 Logica.

789 2257 896 2266 .—---

353 2398 421 2462 eat.
446 2407 475 2462 2.
500 2407 540 2462 1⁸
565 2407 615 2464 16.
665 2403 737 2463 Τῶν
760 2395 937 2482 λεγομένων
958 2399 1001 2462 τά
1022 2395 1083 2480 μὲν
1102 2397 1190 2462 ’κατὰ
1213 2397 1404 2485 συμπλοκὴν
1413 2421 1457 2462 ace

284 2501 410 2588 λέγεται
440 2504 483 2568 τὰ
513 2493 545 2568 δ’
564 2501 636 2568 άνευ
659 2504 860 2592 συμπλοκῆς.
906 2505 948 2568 τά
977 2501 1036 2586 μέν
1066 2499 1228 2570 οὖνκατὰ
1251 2503 1402 2586 συμπλο-

283 2612 340 2699 κὴν
375 2599 442 2676 οἷον
476 2609 657 2696 ἅνθρωπος
691 2607 811 2697 τρέχει,
846 2609 1026 2698 ἄνθρωπος
1060 2609 1151 2698 νικᾷ·
1197 2611 1239 2674 τὰ
1273 2598 1304 2674 δ’
1330 2608 1401 2675 άνευ

283 2717 473 2804 συμπλοκῆς
496 2706 564 2782 οἷον
586 2714 782 2802 άνδρῳπος,
804 2721 897 2800 βοῦς,
920 2714 1033 2803 τρέχει,
1057 2715 1158 2804 erupit
1183 2753 1225 2762 -
1248 2716 1333 2782 4.1b
1349 2723 1400 2784 25.

286 2830 359 2888 Τῶν
391 2825 477 2888 κατὰ
516 2819 678 2910 μηδεμίαν
720 2823 911 2910 συμπλοκὴν
945 2820 1121 2907 λεγομένων
1155 2819 1291 2888 ἕκαστον
1329 2819 1401 2909 ἤτοι

284 2926 396 2995 οὐσίαν
418 2925 570 3016 σημαίνει
592 2929 613 3016 ἢ
635 2929 740 2994 ποσδν
762 2929 783 3016 ἢ
806 2930 905 2995 ποιὸν
928 2929 948 3018 ἢ
970 2929 1056 3016 πρός
1078 2953 1113 2994 τι
1141 2929 1162 3017 ἢ
1184 2939 1253 2994 ποῦ
1274 2929 1295 3016 ἢ
1318 2927 1413 2994 ποτέ·

277 3035 303 3122 ἢ
325 3037 461 3099 κεῖσθαι
483 3035 504 3123 ἢ
526 3031 608 3116 ἔχειν
630 3036 650 3123 ἢ
673 3039 783 3101 ποιεῖν
806 3036 826 3123 ἢ
849 3033 996 3117 πάσχειν.
1044 3031 1114 3100 έστι
1138 3033 1174 3100 δέ
1197 3031 1319 3100 οὐσία
1343 3033 1403 3118 μὲν

284 3141 328 3218 ὡς
351 3140 444 3226 τάπιμ
464 3137 574 3206 ἐἰπεῖν
597 3131 665 3206 οἷον
689 3141 867 3229 ἅνθρωπος
889 3141 1007 3222 ἵππος,
1041 3143 1171 3206 ποσδν
1198 3139 1235 3206 δὲ
1258 3129 1327 3206 οἷον
1350 3137 1400 3205 δι’-

282 3271 369 3334 πηχυ
391 3242 542 3335 τρίπηχυ,
566 3248 690 3312 ποιὸν
712 3245 750 3312 δέ
773 3237 841 3312 οἷον
856 3247 967 3312 λευκὸν
983 3245 1216 3333 γραμματικόν,
1241 3246 1346 3332 πρός
1361 3270 1401 3310 τι

282 3351 319 3425 δὲ
349 3341 416 3420 οἷον
446 3351 624 3432 διπλάσιον
652 3354 752 3441 ἥμισυ
782 3352 907 3435 μεῖζον,
943 3363 1021 3418 που
1049 3351 1086 3418 δὲ
1115 3341 1183 3418 οἷον
1212 3351 1245 3418 έν
1265 3348 1402 3438 Λυκείῳ

282 3457 315 3524 έν
339 3457 456 3546 ἀγορᾷ,
492 3457 595 3524 ποτέ
616 3457 654 3524 δὲ
676 3449 744 3524 οἷον
767 3457 864 3540 ε’χδές
887 3457 1039 3546 πέρυσιν,
1074 3461 1252 3524 κεῖσθαι
1275 3455 1311 3522 δέ
1334 3449 1404 3524 οἷον

282 3564 451 3630 άνάκειται
485 3564 650 3652 κάθηται,
686 3561 796 3646 έχειν
830 3563 866 3630 δὲ
900 3555 968 3630 οἷον
997 3563 1193 3630 ὑποδέδεται
1222 3565 1402 3644 ὥπλισται,

282 3673 427 3736 ποιεῖν
455 3669 492 3736 δὲ
521 3661 589 3737 οἷον
617 3669 725 3754 τέμνει
748 3667 852 3750 καίει,
882 3670 1061 3751 πάσχειν
1090 3668 1127 3736 δὲ
1157 3659 1223 3736 οἷον
1252 3669 1401 3753 τέμνεται

282 3773 422 3842 καίεται.
469 3774 606 3842 ἕκαστον
630 3775 666 3842 δὲ
688 3789 752 3842 τῶν
775 3772 949 3864 εἰρημένων
972 3774 1052 3843 αὐτὸ
1081 3773 1140 3860 μὲν
1163 3763 1247 3840 καθ’
1266 3776 1346 3842 αὑτὸ
1369 3772 1405 3842 ἓν

282 3880 419 3970 οὐδεμιᾷ
442 3883 631 3971 καταφάσει
654 3881 782 3968 λέγεται
806 3883 826 3970 ἢ
848 3881 1026 3969 ἀποφάσει,
1050 3906 1088 3968 τῃ
1113 3880 1150 3948 δὲ
1173 3882 1259 3969 πρδς
1275 3880 1402 3970 ἄλληλα

281 3989 403 4054 τούτων
426 3987 601 4077 συμπλοκῇ
624 3989 814 4077 κατάφασις
838 3990 858 4076 ἢ
882 3987 1054 4076 ἀπόφασις
1083 3985 1236 4074 γίγνεται.
1283 3989 1402 4053 ἅπασα

282 4096 342 4182 γὰρ
375 4095 464 4160 δοκεῖ
493 4094 683 4183 κατάφασις
713 4093 771 4178 καὶ
794 4093 967 4182 ἀπόφασις
989 4092 1062 4182 ἤτοι
1085 4093 1212 4183 ἀληθὴς
1235 4095 1255 4182 ἢ
1278 4093 1404 4182 ψευδὴς

282 4191 381 4264 εἶναι·
427 4213 491 4266 τῶν
521 4198 558 4266 δὲ
586 4204 673 4266 κατὰ
701 4197 862 4288 μηδεμίαν
891 4200 1082 4288 συμπλοκὴν
1112 4198 1288 4286 λεγομένων
1312 4197 1406 4266 οὐδὲν

282 4301 354 4370 oliae
374 4304 500 4394 άληδὲς
524 4305 595 4392 οὔτε
611 4307 730 4394 ψεῦδός
753 4303 849 4386 ἐστιν,
873 4295 941 4371 οἷον
958 4305 1138 4394 άνδρωπος
1153 4305 1273 4388 λευκόν,
1297 4303 1404 4394 τρέχει

281 4408 386 4498 asaph.
