3140 4990
311 357 365 420 194
803 360 930 415 Socrates.

312 507 512 608 ἀνθρώπων,
542 517 599 585 καὶ
623 517 716 586 aocet
738 520 900 598 πολλάκις
923 519 1194 606 &adornationem
1222 508 1285 586 εἶτ’
1304 518 1432 601 ἐπιχει-

312 637 421 712 ροῦσιν
443 626 560 704 ἀλλους
584 625 741 707 ἐξετάζειν
753 627 775 692 l.
799 665 841 676 -
866 663 910 674 -
933 625 1081 694 ἐντεῦθεν
1103 624 1158 693 οὖν
1186 623 1218 693 οἱ
1241 615 1303 691 ὑπ’
1322 625 1432 691 αὐτῶν

311 733 529 817 ἐξεταζόμενοι
552 731 625 816 ε’μυὶ
649 730 844 819 ὀργίζονται,
875 725 950 799 ἀλλ’
968 732 1023 818 ούχ
1046 735 1173 814 αύτοῖς,
1203 732 1260 799 καὶ
1284 732 1432 819 λέγουσιν

311 840 355 918 ὡς
371 840 546 928 Σωκράτης
568 836 620 920 τίς
643 838 712 905 ε’στι
733 841 942 928 μιαρώτατος
958 839 1015 906 καὶ
1031 839 1219 929 διαφθείρει
1234 842 1308 918 τοὺς
1323 838 1429 917 νέους·

121 962 285 1004 criminationes
313 945 369 1014 καὶ
393 946 527 1013 ἐπειδάν
549 972 599 1025 τις
622 945 737 1025 αύτούς
760 946 875 1035 ἐρωτᾷ,
899 948 964 1014 ὅτι
981 962 1086 1014 ποιῶν
1101 945 1157 1014 καὶ
1174 947 1240 1013 ὅτι
1256 947 1429 1026 διδάσκων,

310 1048 415 1135 ἐγουσι
439 1053 498 1136 μὲν
520 1053 611 1120 οὐδὲν
634 1050 755 1134 εἰπεῖν,
779 1043 854 1120 ἀλλ’
874 1053 1055 1140 ἀγνοοῦσιν,
1085 1055 1138 1120 ἵνα
1161 1053 1197 1120 δὲ
1219 1055 1264 1143 μη
1288 1054 1429 1120 δοκῶσιν

310 1159 460 1246 ἀπορεῖν,
495 1161 536 1225 τά
570 1162 655 1225 κατὰ
696 1160 828 1225 πάντων
868 1173 932 1225 τῶν
969 1160 1232 1249 φιλοσοφούντων
1270 1159 1429 1248 πρόχειρα

310 1275 414 1330 ταῦτα
438 1265 591 1351 λέγουσιν,
616 1267 666 1333 ὅτι
689 1269 731 1332 τὰ
753 1265 901 1354 μετέωρα
924 1267 980 1332 καὶ
1004 1270 1045 1332 τά
1068 1269 1134 1334 ὑπὸ
1157 1279 1226 1356 γης,
1249 1266 1306 1333 καὶ
1329 1267 1430 1344 θεοὺς

309 1373 354 1460 μὴ
377 1368 524 1456 νομίζειν,
553 1371 609 1440 καὶ
632 1373 688 1438 τδν
710 1375 795 1462 η’ττω
819 1373 911 1458 λύγον
933 1371 1069 1461 κρείττω
1092 1377 1200 1440 ποιεῖν
1212 1384 1233 1439 0.
1259 1413 1300 1422 -
1324 1410 1369 1420 -
1391 1372 1431 1439 ἐκ

147 1497 284 1537 naussum
311 1478 432 1544 τούτων
459 1478 516 1545 καὶ
546 1479 698 1569 Μίλητός
726 1504 784 1564 μοι
808 1478 950 1547 ἐπέθετο
978 1479 1033 1546 καὶ
1053 1467 1187 1558 ’Ἄνυτος
1216 1479 1273 1548 καὶ
1295 1481 1429 1561 Λύκων,

310 1583 465 1673 Μέλητος
485 1584 545 1669 μὲν
567 1585 650 1675 ὑπὲρ
673 1600 737 1652 τῶν
759 1601 905 1676 ποιητῶν
928 1587 1115 1672 ἀχθόμενος,
1132 1575 1269 1666 ’Ἄνυτος
1291 1586 1329 1658 δὲ
1343 1586 1429 1673 ὑπὲρ

310 1703 375 1755 τῶν
405 1692 605 1781 δημιουργῶν
636 1691 692 1759 καὶ
721 1706 786 1759 τῶν
816 1694 1011 1775 πολιτικῶν,
1039 1696 1163 1761 Λύκιον
1192 1693 1228 1760 δὲ
1256 1693 1340 1781 ὑπὲρ
1363 1707 1430 1758 τῶν

311 1797 477 1885 ῥητόρωνλ

381 1954 409 1995 a.
429 1939 481 1995 Cio.
495 1940 575 1995 Acad.
595 1941 622 1994 11
641 1941 682 1996 74.
720 1941 831 1996 Socrati
849 1943 922 1996 nihil
939 1943 1028 1997 visum
1047 1944 1269 2012 macarianam.
1306 1943 1430 2011 Eccepit

309 2045 397 2083 amum
416 2035 539 2097 tantum,
558 2031 628 2084 scire
645 2046 672 2085 sc
690 2031 807 2086 nihilne
825 2032 909 2097 scire,
928 2031 1002 2085 nihil
1019 2033 1154 2101 amplius:
1173 2049 1251 2103 quam
1269 2049 1330 2086 care
1347 2037 1428 2103 putes

309 2119 425 2174 Socratis
443 2119 525 2190 ipsius
544 2120 702 2173 sententiam
720 2120 809 2186 fuisso,
828 2138 852 2176 ν.
870 2125 914 2174 1212
933 2121 993 2175 191.

381 2225 412 2280 b.
431 2226 567 2280 Divinitas
585 2227 668 2295 igitur
686 2244 713 2280 se
731 2226 765 2280 ad
783 2227 837 2280 tale
861 2227 931 2280 vitae
953 2244 984 2280 ao
1008 2228 1155 2282 studiorum
1178 2245 1261 2296 genus
1285 2229 1429 2282 excitatum

308 2317 434 2387 putabat,
458 2315 486 2368 id
509 2316 579 2386 quod
603 2316 785 2370 disertissimis
803 2316 859 2385 ipso
878 2316 963 2370 verbis
986 2317 1095 2382 assorit3
1120 2335 1144 2370 v.
1163 2317 1232 2372 Plat.
1250 2316 1326 2388 Apol.
1351 2319 1386 2372 33
1405 2317 1428 2372 C

309 2410 373 2478 ἐμοὶ
392 2406 422 2460 δὲ
442 2415 531 2470 τοῦτο,
551 2407 585 2466 ὡς
603 2408 656 2474 ἐγώ
675 2427 761 2478 φημι,
787 2411 987 2478 προστέτακται
1007 2407 1061 2460 ὑπὸ
1079 2417 1128 2458 τοῦ
1145 2413 1214 2460 δέοι)
1232 2411 1362 2478 πράττειν
1379 2412 1429 2460 καὶ

309 2498 337 2550 ἐκ
355 2499 493 2567 μαντείων
510 2499 556 2548 καὶ
574 2497 603 2556 ἐξ
621 2497 756 2549 ἐνυπνίων
773 2499 820 2546 καὶ
839 2499 923 2548 παντὶ
942 2497 1041 2564 τρόπῳ,
1061 2483 1134 2567 ᾧπερ
1153 2501 1193 2556 τίς
1212 2514 1278 2548 ποτε
1298 2501 1345 2548 καὶ
1360 2499 1429 2563 άλλη

308 2591 371 2640 θεία
389 2591 476 2657 μοῖρα
496 2585 633 2655 ἀνθρώπῳ
651 2588 697 2636 καὶ
716 2585 809 2636 δτιοῡν
827 2587 976 2658 προσέταξε
996 2587 1133 2658 πράττειν.
1171 2583 1208 2638 Of.
1227 2583 1262 2636 ib.
1281 2584 1315 2637 37
1334 2583 1365 2637 Ε.

379 2704 405 2745 ο.
424 2690 481 2743 Ηοο
502 2688 603 2742 Socrati
620 2689 826 2742 criminabantur
847 2689 988 2742 adversarii
1011 2690 1084 2742 velut
1103 2689 1236 2744 Callicles:
1254 2689 1323 2742 Plat.
1346 2687 1427 2756 Gorg.

308 2778 401 2834 4840
424 2783 579 2849 φιλοσοφία
605 2781 659 2850 γάρ
682 2784 727 2832 τοί
750 2781 838 2842 ἔστιν,
863 2779 1056 2851 ὦΣώκρατες,
1076 2785 1187 2852 χαρίεν,
1216 2783 1251 2832 άν
1273 2799 1314 2840 τις
1340 2781 1430 2832 αὐτοῦ

307 2873 423 2942 μετρίως
442 2870 547 2935 ἅψηται
565 2869 594 2920 έν
608 2871 646 2939 τῇ
666 2869 767 2935 ἡλικίᾳ·
787 2869 835 2921 ἐὰν
853 2867 884 2922 δέ
904 2873 1052 2940 περαιτέρω
1066 2878 1115 2921 τοῦ
1128 2867 1239 2928 δέοντος
1252 2868 1427 2942 ένδιατρίψη,

310 2956 455 3027 διαφθορὰ
474 2968 528 3008 τῶν
547 2958 707 3027 ἀνθρώπων.
728 2985 761 2993 -
779 2956 832 3009 485
851 2956 874 3008 D
897 2959 1011 3026 ὑπάρχει
1031 2959 1119 3025 τούτῳ
1138 2961 1175 3026 τῷ
1194 2959 1346 3028 ἀνθρώπῳ,
1371 2961 1426 3011 adv

310 3046 385 3097 πάνυ
403 3045 506 3114 εὐφυὴς
530 3037 559 3114 ᾖ,
586 3044 713 3116 ἀνάνδρῳ
732 3050 863 3112 γενέσθαι
883 3047 1015 3115 φεύγοντι
1038 3047 1071 3098 τὰ
1089 3051 1163 3117 μέσα
1183 3054 1228 3112 τῆς
1253 3047 1356 3106 πόλεως
1378 3052 1429 3100 καὶ

310 3135 358 3193 τὰς
376 3133 493 3204 ἀγοράς,
518 3135 548 3186 έν
573 3127 615 3194 αἱς
640 3134 693 3204 ἔφη
719 3134 866 3200 δποιητὴς
889 3135 952 3194 τοὺς
972 3133 1073 3206 ἀνδρας
1092 3135 1251 3205 ἀριπρεπεῖς
1268 3141 1428 3204 γίγνεσθαι,

308 3222 509 3276 καταδεδυκότι
528 3221 559 3276 δὲ
578 3225 625 3275 τὸν
643 3224 741 3275 λοιπὸν
758 3229 819 3290 βίον
836 3230 933 3291 βιῶναι
950 3224 1020 3295 μετὰ
1038 3229 1187 3296 μειρακίων
1201 3225 1230 3278 ἰν
1243 3229 1330 3293 γωνίᾳ
1344 3235 1430 3297 τριῶν

311 3315 325 3378 ἢ
343 3315 477 3384 τεττάρων
496 3314 692 3385 ψιθυρίζονττι,
711 3313 855 3383 ἐλεύθερον
874 3311 905 3365 δὲ
923 3317 969 3366 καὶ
986 3317 1060 3384 μέγα
1078 3317 1125 3366 καὶ
1142 3314 1267 3366 νεανικὸν
1283 3313 1428 3385 μηδέποτε

309 3404 495 3472 φθέγξασθαι.

379 3507 409 3562 δ.
428 3507 566 3577 Respicere
584 3507 688 3561 videtur
706 3506 866 3560 Alcibiadem
885 3509 913 3560 et
931 3505 1048 3574 cutiam,
1068 3507 1099 3560 cl.
1118 3507 1184 3560 Xen.
1203 3507 1280 3560 Mem.
1298 3505 1313 3560 I
1330 3507 1356 3574 2,
1376 3507 1427 3571 12;

308 3594 430 3648 Aeschin.
449 3595 475 3648 in
494 3595 622 3649 Timarch.
648 3597 699 3649 173
721 3598 809 3668 ὑμεῖς,
835 3591 1024 3663 ώἈθηναῑοι,
1050 3600 1199 3670 Σωκράτην
1222 3598 1270 3648 τὸν
1289 3599 1428 3668 σοφιστὴν

309 3685 497 3749 ἀπεκτείνατε,
524 3685 566 3738 δτι
592 3691 709 3758 Κριτίαν
731 3687 819 3755 ἐφάνη
844 3685 1044 3749 πεπαιδευκώς,
1068 3684 1117 3738 ἕνα
1136 3695 1189 3738 τῶν
1207 3687 1352 3756 τριάκοντα
1372 3697 1428 3738 τῶν

309 3775 356 3826 τὸν
375 3772 466 3845 δῆμον
483 3777 703 3828 καταλυσάντων.
740 3773 809 3827 Plan.
829 3773 861 3826 de
883 3772 933 3840 leg.
958 3773 1026 3838 890;
1051 3773 1116 3826 Xen.
1135 3773 1212 3827 Mem.
1230 3771 1245 3825 Ι
1263 3773 1292 3840 2,
1318 3774 1360 3828 18.
1381 3774 1427 3828 24.

98 3877 204 3919 socratici
217 3877 300 3929 dialogi
309 3861 375 3915 Post
399 3865 508 3916 mortem
533 3861 647 3916 Socratis
671 3862 750 3915 etiam
774 3877 869 3915 novum
893 3861 1022 3914 scribendi
1045 3877 1129 3929 genus
1151 3879 1182 3915 ex
1204 3862 1352 3916 imitatione
1378 3862 1428 3916 illa

307 3951 429 4020 magistri
447 3951 565 4018 exstitit,
584 3968 642 4005 oum
661 3951 852 4022 disputationes
871 3950 927 4004 eius
944 3951 985 4003 vel
1004 3967 1078 4004 verae
1096 3951 1137 4004 vol
1154 3950 1231 4004 fictae
1249 3952 1282 4004 ab
1300 3951 1428 4005 auditori-

307 4040 357 4093 bus
379 4040 616 4110 perscriborentur‚
640 4041 672 4093 cf.
690 4040 766 4108 Diog.
784 4040 812 4092 Π
835 4040 878 4094 64.
916 4043 1028 4094 πάντων
1050 4045 1149 4114 μέντοι
1173 4052 1227 4094 τῶν
1245 4046 1428 4113 Σωκρατικῶν

308 4129 447 4200 διαλόγων
467 4135 620 4190 Παναίτιος
644 4131 754 4196 ἀληθεῖς
778 4129 849 4182 εἶναι
874 4127 951 4182 δοκεῖ
972 4130 1035 4189 τοὺς
1054 4132 1216 4194 Πλάτωνος,
1241 4132 1427 4200 Ξενοφῶντος,

305 4214 501 4283 Ἀντισθένους,
520 4224 670 4288 Αἰσχίνου·
690 4218 812 4280 διστάζει
831 4217 861 4272 δὲ
882 4223 943 4287 περὶ
962 4227 1016 4270 τῶν
1036 4219 1183 4278 Φαίδωνος
1200 4223 1247 4271 καὶ
1264 4219 1426 4283 Εὐκλείδου,

309 4308 372 4367 τοὺς
390 4307 421 4360 δὲ
440 4310 538 4369 ἀλλους
556 4310 664 4378 ἀναιρεῖ
681 4311 794 4368 πάντας,
831 4305 871 4360 De
884 4303 1042 4360 Antisthene
1061 4323 1084 4360 v.
1103 4311 1146 4360 131³
1165 4307 1232 4374 214;
1252 4307 1283 4360 de
1296 4306 1428 4360 Aeschine

308 4393 336 4449 G.
355 4393 384 4448 F.
399 4394 541 4461 Hermann,
561 4395 593 4448 do
607 4394 742 4450 Aeschinis
757 4394 883 4450 Socratici
901 4393 1025 4464 reliquiis,
1045 4392 1119 4449 Gott
1139 4395 1223 4462 1850;
1242 4395 1274 4450 de
1287 4395 1428 4450 Phaedone

307 4488 350 4536 31²
369 4484 435 4550 2353
455 4483 487 4536 de
504 4483 612 4538 Euclide
629 4490 672 4538 121²
691 4485 751 4540 222.
