<?xml version="1.0" encoding="UTF-8"?>
<!DOCTYPE html PUBLIC "-//W3C//DTD XHTML 1.0 Transitional//EN"
    "http://www.w3.org/TR/xhtml1/DTD/xhtml1-transitional.dtd">
<html xmlns="http://www.w3.org/1999/xhtml" xml:lang="en" lang="en">
 <head>
  <title>
</title>
<meta http-equiv="Content-Type" content="text/html;charset=utf-8" />
  <meta name='ocr-system' content='tesseract 3.04.00' />
  <meta name='ocr-capabilities' content='ocr_page ocr_carea ocr_par ocr_line ocrx_word'/>
</head>
<body>
  <div class='ocr_page' id='page_1' title='image "./historiaphiloso00rittgoog_0419.png"; bbox 0 0 3146 4982; ppageno 0'>
   <div class='ocr_carea' id='block_1_1' title="bbox 663 306 1284 408">
    <p class='ocr_par' dir='ltr' id='par_1_1' title="bbox 663 306 1284 408">
     <span class='ocr_line' id='line_1_1' title="bbox 663 306 1284 408; baseline 0.01 -14"><span class='ocrx_word' id='word_1_1' title='bbox 663 327 782 408; x_wconf 83' lang='lat' dir='ltr'>Physiea.</span> <span class='ocrx_word' id='word_1_2' title='bbox 1154 306 1158 314; x_wconf 34' lang='grc' dir='ltr'>Ι</span> <span class='ocrx_word' id='word_1_3' title='bbox 1229 337 1284 402; x_wconf 77' lang='grc'>411</span> 
     </span>
    </p>
   </div>
   <div class='ocr_carea' id='block_1_2' title="bbox 79 496 1405 4479">
    <p class='ocr_par' dir='ltr' id='par_1_2' title="bbox 79 496 1405 3056">
     <span class='ocr_line' id='line_1_2' title="bbox 79 496 1284 570; baseline 0.005 -18"><span class='ocrx_word' id='word_1_4' title='bbox 79 496 150 539; x_wconf 68' lang='lat'>³⁹80</span> <span class='ocrx_word' id='word_1_5' title='bbox 231 497 271 552; x_wconf 92' lang='lat' dir='ltr'>De</span> <span class='ocrx_word' id='word_1_6' title='bbox 289 514 368 554; x_wconf 89' lang='lat' dir='ltr'>eausa</span> <span class='ocrx_word' id='word_1_7' title='bbox 385 501 480 566; x_wconf 86' lang='lat' dir='ltr'>agente</span> <span class='ocrx_word' id='word_1_8' title='bbox 498 501 527 552; x_wconf 89' lang='lat' dir='ltr'>et</span> <span class='ocrx_word' id='word_1_9' title='bbox 543 498 655 554; x_wconf 85' lang='lat' dir='ltr'>materia</span> <span class='ocrx_word' id='word_1_10' title='bbox 672 498 791 568; x_wconf 88' lang='lat' dir='ltr'>patiente</span> <span class='ocrx_word' id='word_1_11' title='bbox 808 516 832 552; x_wconf 88' lang='lat' dir='ltr'>v.</span> <span class='ocrx_word' id='word_1_12' title='bbox 852 498 949 553; x_wconf 84' lang='lat' dir='ltr'>Seneea</span> <span class='ocrx_word' id='word_1_13' title='bbox 965 498 1013 570; x_wconf 89' lang='lat' dir='ltr'>Ep.</span> <span class='ocrx_word' id='word_1_14' title='bbox 1024 498 1067 567; x_wconf 86' lang='grc'>65,</span> <span class='ocrx_word' id='word_1_15' title='bbox 1086 500 1103 554; x_wconf 78' lang='lat'><strong>2</strong></span> <span class='ocrx_word' id='word_1_16' title='bbox 1123 499 1230 569; x_wconf 81' lang='lat' dir='ltr'>dieunt,</span> <span class='ocrx_word' id='word_1_17' title='bbox 1249 505 1284 558; x_wconf 85' lang='lat' dir='ltr'>ut</span> 
     </span>
     <span class='ocr_line' id='line_1_3' title="bbox 160 585 1283 660; baseline 0.004 -18"><span class='ocrx_word' id='word_1_18' title='bbox 160 587 228 655; x_wconf 84' lang='lat' dir='ltr'>eois,</span> <span class='ocrx_word' id='word_1_19' title='bbox 252 585 339 642; x_wconf 75' lang='lat' dir='ltr'>Stoici</span> <span class='ocrx_word' id='word_1_20' title='bbox 357 587 446 644; x_wconf 79' lang='lat' dir='ltr'>murt</span> <span class='ocrx_word' id='word_1_21' title='bbox 469 586 527 642; x_wconf 86' lang='grc' dir='ltr'>άνο</span> <span class='ocrx_word' id='word_1_22' title='bbox 545 602 599 642; x_wconf 84' lang='lat' dir='ltr'>esea</span> <span class='ocrx_word' id='word_1_23' title='bbox 616 587 649 642; x_wconf 86' lang='lat' dir='ltr'>iu</span> <span class='ocrx_word' id='word_1_24' title='bbox 666 603 760 642; x_wconf 78' lang='lat' dir='ltr'>rama</span> <span class='ocrx_word' id='word_1_25' title='bbox 777 592 897 655; x_wconf 77' lang='lat' dir='ltr'>maturo,</span> <span class='ocrx_word' id='word_1_26' title='bbox 921 604 955 642; x_wconf 82' lang='lat' dir='ltr'>aa</span> <span class='ocrx_word' id='word_1_27' title='bbox 972 589 1073 656; x_wconf 73' lang='lat' dir='ltr'>quibua</span> <span class='ocrx_word' id='word_1_28' title='bbox 1090 590 1184 644; x_wconf 84' lang='lat' dir='ltr'>ommia</span> <span class='ocrx_word' id='word_1_29' title='bbox 1201 590 1283 660; x_wconf 67' lang='lat' dir='ltr'>fiant,</span> 
     </span>
     <span class='ocr_line' id='line_1_4' title="bbox 162 675 1400 746; baseline 0.002 -14"><span class='ocrx_word' id='word_1_30' title='bbox 162 691 276 732; x_wconf 81' lang='lat' dir='ltr'>eausam</span> <span class='ocrx_word' id='word_1_31' title='bbox 293 679 319 730; x_wconf 86' lang='lat' dir='ltr'>at</span> <span class='ocrx_word' id='word_1_32' title='bbox 336 675 489 732; x_wconf 75' lang='lat' dir='ltr'><strong><em>materiam.</em></strong></span> <span class='ocrx_word' id='word_1_33' title='bbox 507 676 628 730; x_wconf 77' lang='lat' dir='ltr'>usotuia</span> <span class='ocrx_word' id='word_1_34' title='bbox 641 675 713 730; x_wconf 85' lang='lat' dir='ltr'>ioeet</span> <span class='ocrx_word' id='word_1_35' title='bbox 734 675 818 742; x_wconf 81' lang='lat' dir='ltr'>imore,</span> <span class='ocrx_word' id='word_1_36' title='bbox 836 691 880 732; x_wconf 79' lang='lat' dir='ltr'>rea</span> <span class='ocrx_word' id='word_1_37' title='bbox 898 675 937 730; x_wconf 84' lang='grc' dir='ltr'>αά</span> <span class='ocrx_word' id='word_1_38' title='bbox 954 677 1050 732; x_wconf 88' lang='lat' dir='ltr'>omuia</span> <span class='ocrx_word' id='word_1_39' title='bbox 1058 683 1174 746; x_wconf 77' lang='lat' dir='ltr'>pareto,</span> <span class='ocrx_word' id='word_1_40' title='bbox 1193 694 1280 734; x_wconf 85' lang='lat' dir='ltr'>eessa·</span> <span class='ocrx_word' id='word_1_41' title='bbox 1307 677 1400 722; x_wconf 71' lang='lat' dir='ltr'>maura</span> 
     </span>
     <span class='ocr_line' id='line_1_5' title="bbox 161 763 1285 832; baseline 0.003 -12"><span class='ocrx_word' id='word_1_42' title='bbox 161 769 228 820; x_wconf 88' lang='lat' dir='ltr'>turo</span> <span class='ocrx_word' id='word_1_43' title='bbox 244 764 271 820; x_wconf 81' lang='lat' dir='ltr'>ai</span> <span class='ocrx_word' id='word_1_44' title='bbox 288 779 366 818; x_wconf 85' lang='lat' dir='ltr'>memo</span> <span class='ocrx_word' id='word_1_45' title='bbox 383 768 496 820; x_wconf 76' lang='lat' dir='ltr'>uuest.</span> <span class='ocrx_word' id='word_1_46' title='bbox 534 779 620 820; x_wconf 77' lang='grc' dir='ltr'><strong><em>οανια</em></strong></span> <span class='ocrx_word' id='word_1_47' title='bbox 638 768 737 831; x_wconf 86' lang='lat' dir='ltr'>autem,</span> <span class='ocrx_word' id='word_1_48' title='bbox 761 763 795 818; x_wconf 82' lang='lat' dir='ltr'>u</span> <span class='ocrx_word' id='word_1_49' title='bbox 812 769 852 818; x_wconf 82' lang='lat' dir='ltr'>eat</span> <span class='ocrx_word' id='word_1_50' title='bbox 869 765 955 832; x_wconf 80' lang='lat' dir='ltr'>ratio,</span> <span class='ocrx_word' id='word_1_51' title='bbox 973 766 1118 820; x_wconf 75' lang='lat' dir='ltr'><strong><em>materiam</em></strong></span> <span class='ocrx_word' id='word_1_52' title='bbox 1135 765 1240 832; x_wconf 78' lang='lat' dir='ltr'>format</span> <span class='ocrx_word' id='word_1_53' title='bbox 1257 773 1285 824; x_wconf 88' lang='lat' dir='ltr'>et</span> 
     </span>
     <span class='ocr_line' id='line_1_6' title="bbox 162 851 1285 924; baseline 0.006 -17"><span class='ocrx_word' id='word_1_54' title='bbox 162 868 322 923; x_wconf 75' lang='lat' dir='ltr'>questusque</span> <span class='ocrx_word' id='word_1_55' title='bbox 346 852 405 908; x_wconf 88' lang='lat' dir='ltr'>uult</span> <span class='ocrx_word' id='word_1_56' title='bbox 423 856 527 919; x_wconf 79' lang='lat' dir='ltr'>uersat,</span> <span class='ocrx_word' id='word_1_57' title='bbox 551 867 585 906; x_wconf 82' lang='lat' dir='ltr'>aa</span> <span class='ocrx_word' id='word_1_58' title='bbox 602 851 653 908; x_wconf 86' lang='lat' dir='ltr'>illu</span> <span class='ocrx_word' id='word_1_59' title='bbox 671 852 752 908; x_wconf 80' lang='lat' dir='ltr'>noeto</span> <span class='ocrx_word' id='word_1_60' title='bbox 776 868 860 922; x_wconf 79' lang='lat' dir='ltr'>opero</span> <span class='ocrx_word' id='word_1_61' title='bbox 876 852 1017 921; x_wconf 73' lang='lat' dir='ltr'><strong><em>producit.</em></strong></span> <span class='ocrx_word' id='word_1_62' title='bbox 1054 869 1109 910; x_wconf 83' lang='lat' dir='ltr'>esee</span> <span class='ocrx_word' id='word_1_63' title='bbox 1127 869 1189 924; x_wconf 76' lang='lat' dir='ltr'>erpo</span> <span class='ocrx_word' id='word_1_64' title='bbox 1208 855 1285 914; x_wconf 79' lang='lat' dir='ltr'>aena</span> 
     </span>
     <span class='ocr_line' id='line_1_7' title="bbox 161 939 1284 1011; baseline 0.004 -15"><span class='ocrx_word' id='word_1_65' title='bbox 161 941 237 996; x_wconf 69' lang='lat' dir='ltr'>uate</span> <span class='ocrx_word' id='word_1_66' title='bbox 262 940 370 1011; x_wconf 66' lang='lat' dir='ltr'>aliquid</span> <span class='ocrx_word' id='word_1_67' title='bbox 392 941 458 1009; x_wconf 76' lang='lat' dir='ltr'>fiat,</span> <span class='ocrx_word' id='word_1_68' title='bbox 486 939 694 1011; x_wconf 73' lang='lat' dir='ltr'>taedaeque</span> <span class='ocrx_word' id='word_1_69' title='bbox 712 941 771 1008; x_wconf 71' lang='lat' dir='ltr'>liat.</span> <span class='ocrx_word' id='word_1_70' title='bbox 807 941 858 996; x_wconf 80' lang='lat' dir='ltr'>boa</span> <span class='ocrx_word' id='word_1_71' title='bbox 879 957 966 998; x_wconf 82' lang='lat' dir='ltr'>cauea</span> <span class='ocrx_word' id='word_1_72' title='bbox 983 947 1038 1010; x_wconf 83' lang='lat' dir='ltr'>eat,</span> <span class='ocrx_word' id='word_1_73' title='bbox 1065 943 1138 998; x_wconf 78' lang='lat' dir='ltr'>aliud</span> <span class='ocrx_word' id='word_1_74' title='bbox 1156 944 1284 1000; x_wconf 72' lang='lat' dir='ltr'>meseia.</span> 
     </span>
     <span class='ocr_line' id='line_1_8' title="bbox 162 1029 1379 1102; baseline 0.003 -18"><span class='ocrx_word' id='word_1_75' title='bbox 162 1029 275 1086; x_wconf 88' lang='lat' dir='ltr'>Causam</span> <span class='ocrx_word' id='word_1_76' title='bbox 297 1047 350 1086; x_wconf 88' lang='lat' dir='ltr'>non</span> <span class='ocrx_word' id='word_1_77' title='bbox 373 1031 521 1100; x_wconf 70' lang='lat' dir='ltr'>separatam</span> <span class='ocrx_word' id='word_1_78' title='bbox 545 1045 562 1084; x_wconf 90' lang='lat' dir='ltr'>a</span> <span class='ocrx_word' id='word_1_79' title='bbox 580 1030 707 1096; x_wconf 82' lang='lat' dir='ltr'>materia,</span> <span class='ocrx_word' id='word_1_80' title='bbox 735 1029 782 1084; x_wconf 90' lang='lat' dir='ltr'>sed</span> <span class='ocrx_word' id='word_1_81' title='bbox 799 1032 979 1100; x_wconf 83' lang='lat' dir='ltr'>permeantenr</span> <span class='ocrx_word' id='word_1_82' title='bbox 996 1047 1054 1086; x_wconf 91' lang='lat' dir='ltr'>eam</span> <span class='ocrx_word' id='word_1_83' title='bbox 1070 1033 1145 1088; x_wconf 89' lang='lat' dir='ltr'>intus</span> <span class='ocrx_word' id='word_1_84' title='bbox 1163 1031 1285 1102; x_wconf 82' lang='lat' dir='ltr'>effingere</span> <span class='ocrx_word' id='word_1_85' title='bbox 1311 1042 1379 1075; x_wconf 72' lang='lat' dir='ltr'>eausa</span> 
     </span>
     <span class='ocr_line' id='line_1_9' title="bbox 163 1117 1286 1192; baseline 0.006 -20"><span class='ocrx_word' id='word_1_86' title='bbox 163 1119 332 1186; x_wconf 75' lang='lat' dir='ltr'>statuebant,</span> <span class='ocrx_word' id='word_1_87' title='bbox 357 1118 435 1174; x_wconf 87' lang='lat' dir='ltr'>simul</span> <span class='ocrx_word' id='word_1_88' title='bbox 452 1117 481 1172; x_wconf 87' lang='lat' dir='ltr'>id</span> <span class='ocrx_word' id='word_1_89' title='bbox 499 1121 608 1188; x_wconf 77' lang='lat' dir='ltr'>agentes</span> <span class='ocrx_word' id='word_1_90' title='bbox 627 1121 760 1188; x_wconf 86' lang='lat' dir='ltr'>utaequa</span> <span class='ocrx_word' id='word_1_91' title='bbox 778 1135 884 1172; x_wconf 88' lang='lat' dir='ltr'>eausam</span> <span class='ocrx_word' id='word_1_92' title='bbox 902 1119 958 1174; x_wconf 91' lang='lat' dir='ltr'>sine</span> <span class='ocrx_word' id='word_1_93' title='bbox 976 1120 1078 1176; x_wconf 86' lang='lat' dir='ltr'>ratione</span> <span class='ocrx_word' id='word_1_94' title='bbox 1096 1138 1180 1192; x_wconf 90' lang='lat' dir='ltr'>neque</span> <span class='ocrx_word' id='word_1_95' title='bbox 1196 1123 1286 1179; x_wconf 82' lang='lat' dir='ltr'>mutua</span> 
     </span>
     <span class='ocr_line' id='line_1_10' title="bbox 161 1207 1286 1280; baseline -0.001 -16"><span class='ocrx_word' id='word_1_96' title='bbox 161 1209 222 1264; x_wconf 87' lang='lat' dir='ltr'>illos</span> <span class='ocrx_word' id='word_1_97' title='bbox 245 1211 358 1264; x_wconf 85' lang='lat' dir='ltr'>naturae</span> <span class='ocrx_word' id='word_1_98' title='bbox 380 1207 436 1262; x_wconf 91' lang='lat' dir='ltr'>sine</span> <span class='ocrx_word' id='word_1_99' title='bbox 459 1209 548 1262; x_wconf 89' lang='lat' dir='ltr'>mente</span> <span class='ocrx_word' id='word_1_100' title='bbox 566 1223 623 1262; x_wconf 89' lang='lat' dir='ltr'>esse</span> <span class='ocrx_word' id='word_1_101' title='bbox 641 1207 804 1274; x_wconf 80' lang='lat' dir='ltr'>eulneerent,</span> <span class='ocrx_word' id='word_1_102' title='bbox 832 1208 996 1278; x_wconf 84' lang='lat' dir='ltr'>argumentis</span> <span class='ocrx_word' id='word_1_103' title='bbox 1023 1210 1065 1264; x_wconf 86' lang='lat' dir='ltr'>usi</span> <span class='ocrx_word' id='word_1_104' title='bbox 1089 1209 1286 1280; x_wconf 80' lang='lat' dir='ltr'>pulchritudine</span> 
     </span>
     <span class='ocr_line' id='line_1_11' title="bbox 163 1295 1285 1368; baseline 0.002 -16"><span class='ocrx_word' id='word_1_105' title='bbox 163 1296 258 1352; x_wconf 85' lang='lat' dir='ltr'>mundi</span> <span class='ocrx_word' id='word_1_106' title='bbox 276 1302 305 1352; x_wconf 91' lang='lat' dir='ltr'>et</span> <span class='ocrx_word' id='word_1_107' title='bbox 321 1296 464 1350; x_wconf 89' lang='lat' dir='ltr'>varietate:</span> <span class='ocrx_word' id='word_1_108' title='bbox 493 1295 545 1351; x_wconf 86' lang='lat' dir='ltr'>Cio.</span> <span class='ocrx_word' id='word_1_109' title='bbox 573 1297 651 1350; x_wconf 90' lang='lat' dir='ltr'>Deor.</span> <span class='ocrx_word' id='word_1_110' title='bbox 679 1296 714 1351; x_wconf 90' lang='lat' dir='ltr'>N.</span> <span class='ocrx_word' id='word_1_111' title='bbox 742 1296 770 1350; x_wconf 88' lang='lat'>11</span> <span class='ocrx_word' id='word_1_112' title='bbox 799 1296 834 1352; x_wconf 82' lang='lat'>15</span> <span class='ocrx_word' id='word_1_113' title='bbox 843 1313 883 1367; x_wconf 91' lang='lat' dir='ltr'>sq.</span> <span class='ocrx_word' id='word_1_114' title='bbox 916 1295 986 1352; x_wconf 83' lang='lat' dir='ltr'><strong><em>Sext.</em></strong></span> <span class='ocrx_word' id='word_1_115' title='bbox 1010 1297 1096 1354; x_wconf 87' lang='lat' dir='ltr'>Math.</span> <span class='ocrx_word' id='word_1_116' title='bbox 1120 1298 1159 1354; x_wconf 85' lang='lat' dir='ltr'>lX</span> <span class='ocrx_word' id='word_1_117' title='bbox 1183 1299 1285 1368; x_wconf 88' lang='lat' dir='ltr'>lllsq.</span> 
     </span>
     <span class='ocr_line' id='line_1_12' title="bbox 162 1385 1287 1458; baseline 0.002 -16"><span class='ocrx_word' id='word_1_118' title='bbox 162 1385 260 1443; x_wconf 87' lang='lat' dir='ltr'>Eodem</span> <span class='ocrx_word' id='word_1_119' title='bbox 275 1385 338 1440; x_wconf 82' lang='lat' dir='ltr'>lenit</span> <span class='ocrx_word' id='word_1_120' title='bbox 352 1385 422 1456; x_wconf 86' lang='lat' dir='ltr'>quod</span> <span class='ocrx_word' id='word_1_121' title='bbox 436 1385 561 1440; x_wconf 77' lang='lat' dir='ltr'>dicebant</span> <span class='ocrx_word' id='word_1_122' title='bbox 578 1385 665 1440; x_wconf 89' lang='lat' dir='ltr'>emnia</span> <span class='ocrx_word' id='word_1_123' title='bbox 683 1401 735 1440; x_wconf 90' lang='lat' dir='ltr'>uno</span> <span class='ocrx_word' id='word_1_124' title='bbox 749 1385 836 1454; x_wconf 87' lang='lat' dir='ltr'>rigore</span> <span class='ocrx_word' id='word_1_125' title='bbox 855 1385 940 1440; x_wconf 85' lang='lat' dir='ltr'>teneri</span> <span class='ocrx_word' id='word_1_126' title='bbox 958 1389 987 1440; x_wconf 87' lang='lat' dir='ltr'>et</span> <span class='ocrx_word' id='word_1_127' title='bbox 999 1387 1131 1458; x_wconf 78' lang='lat' dir='ltr'>aequabili</span> <span class='ocrx_word' id='word_1_128' title='bbox 1149 1403 1287 1444; x_wconf 69' lang='lat' dir='ltr'>eaumrnm</span> 
     </span>
     <span class='ocr_line' id='line_1_13' title="bbox 161 1474 1287 1547; baseline 0.002 -17"><span class='ocrx_word' id='word_1_129' title='bbox 161 1479 244 1547; x_wconf 79' lang='lat' dir='ltr'>atque</span> <span class='ocrx_word' id='word_1_130' title='bbox 270 1475 410 1529; x_wconf 82' lang='lat' dir='ltr'>effectuum</span> <span class='ocrx_word' id='word_1_131' title='bbox 438 1474 650 1541; x_wconf 86' lang='lat' dir='ltr'>eontinuatione,</span> <span class='ocrx_word' id='word_1_132' title='bbox 679 1491 732 1544; x_wconf 92' lang='lat' dir='ltr'>qua</span> <span class='ocrx_word' id='word_1_133' title='bbox 758 1474 872 1530; x_wconf 82' lang='lat' dir='ltr'>maxima</span> <span class='ocrx_word' id='word_1_134' title='bbox 895 1475 1011 1530; x_wconf 87' lang='lat' dir='ltr'>minimis</span> <span class='ocrx_word' id='word_1_135' title='bbox 1035 1478 1100 1546; x_wconf 88' lang='lat' dir='ltr'>apta</span> <span class='ocrx_word' id='word_1_136' title='bbox 1124 1477 1180 1530; x_wconf 89' lang='lat' dir='ltr'>sint</span> <span class='ocrx_word' id='word_1_137' title='bbox 1206 1479 1287 1546; x_wconf 78' lang='lat' dir='ltr'>atque</span> 
     </span>
     <span class='ocr_line' id='line_1_14' title="bbox 161 1562 1285 1634; baseline 0.002 -16"><span class='ocrx_word' id='word_1_138' title='bbox 161 1580 273 1618; x_wconf 84' lang='lat' dir='ltr'>annexa:</span> <span class='ocrx_word' id='word_1_139' title='bbox 292 1562 362 1634; x_wconf 91' lang='lat' dir='ltr'>qued</span> <span class='ocrx_word' id='word_1_140' title='bbox 379 1563 473 1618; x_wconf 71' lang='lat' dir='ltr'>miultis</span> <span class='ocrx_word' id='word_1_141' title='bbox 492 1562 713 1616; x_wconf 77' lang='lat' dir='ltr'>similitudinibus</span> <span class='ocrx_word' id='word_1_142' title='bbox 730 1563 918 1618; x_wconf 75' lang='lat' dir='ltr'>illustrabant:</span> <span class='ocrx_word' id='word_1_143' title='bbox 937 1563 1009 1618; x_wconf 90' lang='lat' dir='ltr'>Plut.</span> <span class='ocrx_word' id='word_1_144' title='bbox 1028 1562 1126 1620; x_wconf 76' lang='lat' dir='ltr'>Cenem.</span> <span class='ocrx_word' id='word_1_145' title='bbox 1145 1564 1233 1620; x_wconf 85' lang='lat' dir='ltr'>Notit.</span> <span class='ocrx_word' id='word_1_146' title='bbox 1251 1565 1285 1620; x_wconf 77' lang='lat'>37</span> 
     </span>
     <span class='ocr_line' id='line_1_15' title="bbox 163 1651 1287 1727; baseline 0.001 -20"><span class='ocrx_word' id='word_1_147' title='bbox 163 1671 189 1724; x_wconf 82' lang='lat' dir='ltr'>p.</span> <span class='ocrx_word' id='word_1_148' title='bbox 213 1653 284 1708; x_wconf 78' lang='lat'>1078</span> <span class='ocrx_word' id='word_1_149' title='bbox 304 1655 474 1727; x_wconf 82' lang='grc' dir='ltr'><strong><em>Χρύσιππος</em></strong></span> <span class='ocrx_word' id='word_1_150' title='bbox 497 1679 531 1692; x_wconf 91' lang='grc'>-</span> <span class='ocrx_word' id='word_1_151' title='bbox 557 1653 638 1706; x_wconf 81' lang='grc' dir='ltr'><strong><em>οὐδὲν</em></strong></span> <span class='ocrx_word' id='word_1_152' title='bbox 663 1654 778 1724; x_wconf 74' lang='grc' dir='ltr'><strong><em>ἀπέχειν</em></strong></span> <span class='ocrx_word' id='word_1_153' title='bbox 805 1651 930 1726; x_wconf 77' lang='grc' dir='ltr'><strong><em>φάμενος</em></strong></span> <span class='ocrx_word' id='word_1_154' title='bbox 956 1657 1033 1706; x_wconf 75' lang='grc' dir='ltr'><strong><em>οἴνου</em></strong></span> <span class='ocrx_word' id='word_1_155' title='bbox 1058 1657 1222 1727; x_wconf 78' lang='grc' dir='ltr'><strong><em>σταλαγμὸν</em></strong></span> <span class='ocrx_word' id='word_1_156' title='bbox 1239 1653 1287 1710; x_wconf 77' lang='grc' dir='ltr'><strong><em>ἕνα</em></strong></span> 
     </span>
     <span class='ocr_line' id='line_1_16' title="bbox 162 1741 1288 1815; baseline 0.002 -19"><span class='ocrx_word' id='word_1_157' title='bbox 162 1745 279 1814; x_wconf 81' lang='grc' dir='ltr'><strong><em>κεράσαι</em></strong></span> <span class='ocrx_word' id='word_1_158' title='bbox 302 1743 351 1809; x_wconf 76' lang='grc' dir='ltr'><strong><em>τὴν</em></strong></span> <span class='ocrx_word' id='word_1_159' title='bbox 374 1744 535 1796; x_wconf 74' lang='grc' dir='ltr'><strong><em>θάλασσαν·</em></strong></span> <span class='ocrx_word' id='word_1_160' title='bbox 565 1745 613 1796; x_wconf 82' lang='grc' dir='ltr'>καὶ</span> <span class='ocrx_word' id='word_1_161' title='bbox 637 1743 683 1794; x_wconf 79' lang='grc' dir='ltr'>ἵνα</span> <span class='ocrx_word' id='word_1_162' title='bbox 702 1741 738 1808; x_wconf 78' lang='grc' dir='ltr'>δὴ</span> <span class='ocrx_word' id='word_1_163' title='bbox 755 1742 796 1814; x_wconf 82' lang='grc' dir='ltr'>μὴ</span> <span class='ocrx_word' id='word_1_164' title='bbox 818 1751 900 1796; x_wconf 78' lang='grc' dir='ltr'><strong><em>τοῦτο</em></strong></span> <span class='ocrx_word' id='word_1_165' title='bbox 926 1744 1128 1815; x_wconf 73' lang='grc' dir='ltr'><strong><em>θαυμάζωμεν,</em></strong></span> <span class='ocrx_word' id='word_1_166' title='bbox 1157 1747 1195 1804; x_wconf 72' lang='grc' dir='ltr'>εἰς</span> <span class='ocrx_word' id='word_1_167' title='bbox 1222 1744 1288 1798; x_wconf 75' lang='grc' dir='ltr'><strong><em>ὅλον</em></strong></span> 
     </span>
     <span class='ocr_line' id='line_1_17' title="bbox 164 1830 1286 1904; baseline 0 -18"><span class='ocrx_word' id='word_1_168' title='bbox 164 1836 236 1903; x_wconf 70' lang='grc' dir='ltr'>φησὶ</span> <span class='ocrx_word' id='word_1_169' title='bbox 255 1834 304 1886; x_wconf 82' lang='grc' dir='ltr'><strong><em>τὸν</em></strong></span> <span class='ocrx_word' id='word_1_170' title='bbox 321 1833 429 1904; x_wconf 79' lang='grc' dir='ltr'><strong><em>κόσμον</em></strong></span> <span class='ocrx_word' id='word_1_171' title='bbox 448 1831 587 1886; x_wconf 74' lang='grc' dir='ltr'><strong><em>διατενεῖν</em></strong></span> <span class='ocrx_word' id='word_1_172' title='bbox 611 1833 644 1902; x_wconf 81' lang='grc' dir='ltr'>τῇ</span> <span class='ocrx_word' id='word_1_173' title='bbox 661 1833 757 1901; x_wconf 79' lang='grc' dir='ltr'><strong><em>κράσει</em></strong></span> <span class='ocrx_word' id='word_1_174' title='bbox 782 1832 831 1883; x_wconf 80' lang='grc' dir='ltr'><strong><em>τὸν</em></strong></span> <span class='ocrx_word' id='word_1_175' title='bbox 849 1832 1020 1902; x_wconf 81' lang='grc' dir='ltr'><strong><em>σταλαγμόν.</em></strong></span> <span class='ocrx_word' id='word_1_176' title='bbox 1055 1830 1132 1900; x_wconf 86' lang='lat' dir='ltr'>Diog.</span> <span class='ocrx_word' id='word_1_177' title='bbox 1151 1831 1286 1899; x_wconf 80' lang='lat' dir='ltr'>vn151;</span> 
     </span>
     <span class='ocr_line' id='line_1_18' title="bbox 164 1916 1288 1997; baseline -0.002 -22"><span class='ocrx_word' id='word_1_178' title='bbox 164 1919 257 1976; x_wconf 85' lang='lat' dir='ltr'>Galen.</span> <span class='ocrx_word' id='word_1_179' title='bbox 275 1919 355 1990; x_wconf 89' lang='lat' dir='ltr'>Hipp.</span> <span class='ocrx_word' id='word_1_180' title='bbox 375 1923 403 1974; x_wconf 91' lang='lat' dir='ltr'>et</span> <span class='ocrx_word' id='word_1_181' title='bbox 415 1919 490 1997; x_wconf 36' lang='lat' dir='ltr'>&#39;Plut.</span> <span class='ocrx_word' id='word_1_182' title='bbox 509 1919 579 1972; x_wconf 88' lang='lat' dir='ltr'>Plae.</span> <span class='ocrx_word' id='word_1_183' title='bbox 598 1917 650 1970; x_wconf 89' lang='lat' dir='ltr'>VII</span> <span class='ocrx_word' id='word_1_184' title='bbox 674 1935 700 1988; x_wconf 87' lang='lat' dir='ltr'>p.</span> <span class='ocrx_word' id='word_1_185' title='bbox 719 1919 771 1972; x_wconf 85' lang='grc'>619</span> <span class='ocrx_word' id='word_1_186' title='bbox 781 1916 815 1972; x_wconf 90' lang='grc' dir='ltr'>Κ.</span> <span class='ocrx_word' id='word_1_187' title='bbox 849 1917 1060 1972; x_wconf 79' lang='lat' dir='ltr'>Consentaneum</span> <span class='ocrx_word' id='word_1_188' title='bbox 1077 1921 1136 1972; x_wconf 88' lang='lat' dir='ltr'>erat</span> <span class='ocrx_word' id='word_1_189' title='bbox 1158 1921 1190 1972; x_wconf 90' lang='lat' dir='ltr'>nt</span> <span class='ocrx_word' id='word_1_190' title='bbox 1208 1935 1288 1974; x_wconf 88' lang='lat' dir='ltr'>unam</span> 
     </span>
     <span class='ocr_line' id='line_1_19' title="bbox 147 2005 1287 2077; baseline -0.002 -13"><span class='ocrx_word' id='word_1_191' title='bbox 147 2009 193 2064; x_wconf 85' lang='lat' dir='ltr'>-in</span> <span class='ocrx_word' id='word_1_192' title='bbox 210 2007 309 2064; x_wconf 89' lang='lat' dir='ltr'>mundo</span> <span class='ocrx_word' id='word_1_193' title='bbox 326 2008 412 2062; x_wconf 89' lang='lat' dir='ltr'>inesse</span> <span class='ocrx_word' id='word_1_194' title='bbox 430 2023 536 2062; x_wconf 87' lang='lat' dir='ltr'>eausam</span> <span class='ocrx_word' id='word_1_195' title='bbox 554 2009 675 2076; x_wconf 83' lang='lat' dir='ltr'>agentern</span> <span class='ocrx_word' id='word_1_196' title='bbox 695 2009 723 2060; x_wconf 90' lang='lat' dir='ltr'>et</span> <span class='ocrx_word' id='word_1_197' title='bbox 741 2005 902 2060; x_wconf 82' lang='lat' dir='ltr'>animantem</span> <span class='ocrx_word' id='word_1_198' title='bbox 921 2007 1052 2074; x_wconf 84' lang='lat' dir='ltr'>donarent,</span> <span class='ocrx_word' id='word_1_199' title='bbox 1071 2023 1123 2077; x_wconf 88' lang='lat' dir='ltr'>qua</span> <span class='ocrx_word' id='word_1_200' title='bbox 1141 2008 1287 2062; x_wconf 80' lang='lat' dir='ltr'>continere·</span> 
     </span>
     <span class='ocr_line' id='line_1_20' title="bbox 163 2093 1288 2170; baseline 0.001 -19"><span class='ocrx_word' id='word_1_201' title='bbox 163 2101 211 2152; x_wconf 89' lang='lat' dir='ltr'>tur</span> <span class='ocrx_word' id='word_1_202' title='bbox 229 2100 262 2152; x_wconf 86' lang='grc' dir='ltr'>τὸ</span> <span class='ocrx_word' id='word_1_203' title='bbox 279 2099 449 2170; x_wconf 81' lang='grc' dir='ltr'><strong><em>ἡγεμονικόν.</em></strong></span> <span class='ocrx_word' id='word_1_204' title='bbox 486 2094 539 2150; x_wconf 85' lang='lat' dir='ltr'>Cia.</span> <span class='ocrx_word' id='word_1_205' title='bbox 558 2095 592 2148; x_wconf 91' lang='lat' dir='ltr'>D.</span> <span class='ocrx_word' id='word_1_206' title='bbox 611 2093 646 2148; x_wconf 92' lang='lat' dir='ltr'>N.</span> <span class='ocrx_word' id='word_1_207' title='bbox 665 2094 745 2150; x_wconf 81' lang='lat'>1129</span> <span class='ocrx_word' id='word_1_208' title='bbox 764 2099 871 2150; x_wconf 79' lang='lat' dir='ltr'>motura</span> <span class='ocrx_word' id='word_1_209' title='bbox 884 2099 925 2150; x_wconf 85' lang='lat' dir='ltr'>eet</span> <span class='ocrx_word' id='word_1_210' title='bbox 938 2095 1037 2164; x_wconf 76' lang='lat' dir='ltr'>ipitua,</span> <span class='ocrx_word' id='word_1_211' title='bbox 1057 2111 1129 2164; x_wconf 76' lang='lat' dir='ltr'>quoe</span> <span class='ocrx_word' id='word_1_212' title='bbox 1147 2096 1288 2152; x_wconf 84' lang='lat' dir='ltr'>ouutiueut</span> 
     </span>
     <span class='ocr_line' id='line_1_21' title="bbox 164 2181 1288 2254; baseline -0.004 -12"><span class='ocrx_word' id='word_1_213' title='bbox 164 2185 301 2242; x_wconf 81' lang='lat' dir='ltr'>muudum</span> <span class='ocrx_word' id='word_1_214' title='bbox 323 2201 428 2240; x_wconf 83' lang='lat' dir='ltr'>ommam</span> <span class='ocrx_word' id='word_1_215' title='bbox 451 2199 563 2254; x_wconf 74' lang='lat' dir='ltr'>euntque</span> <span class='ocrx_word' id='word_1_216' title='bbox 582 2188 711 2249; x_wconf 78' lang='lat' dir='ltr'>tueatur,</span> <span class='ocrx_word' id='word_1_217' title='bbox 730 2188 755 2238; x_wconf 91' lang='lat' dir='ltr'>et</span> <span class='ocrx_word' id='word_1_218' title='bbox 773 2198 807 2236; x_wconf 86' lang='lat' dir='ltr'>eo</span> <span class='ocrx_word' id='word_1_219' title='bbox 825 2181 935 2252; x_wconf 75' lang='lat' dir='ltr'>quictem</span> <span class='ocrx_word' id='word_1_220' title='bbox 953 2199 1011 2238; x_wconf 90' lang='grc' dir='ltr'>νον</span> <span class='ocrx_word' id='word_1_221' title='bbox 1028 2183 1089 2238; x_wconf 80' lang='lat' dir='ltr'>ause</span> <span class='ocrx_word' id='word_1_222' title='bbox 1107 2199 1188 2238; x_wconf 77' lang='lat' dir='ltr'>sumu</span> <span class='ocrx_word' id='word_1_223' title='bbox 1207 2189 1288 2254; x_wconf 70' lang='lat' dir='ltr'>atque</span> 
     </span>
     <span class='ocr_line' id='line_1_22' title="bbox 163 2271 1405 2344; baseline -0.002 -14"><span class='ocrx_word' id='word_1_224' title='bbox 163 2277 288 2344; x_wconf 78' lang='lat' dir='ltr'>uatioue5</span> <span class='ocrx_word' id='word_1_225' title='bbox 305 2290 409 2331; x_wconf 86' lang='lat' dir='ltr'>ammam</span> <span class='ocrx_word' id='word_1_226' title='bbox 423 2274 496 2328; x_wconf 82' lang='lat' dir='ltr'>euim</span> <span class='ocrx_word' id='word_1_227' title='bbox 508 2279 641 2328; x_wconf 75' lang='lat' dir='ltr'>uotiuum</span> <span class='ocrx_word' id='word_1_228' title='bbox 658 2287 764 2328; x_wconf 77' lang='lat' dir='ltr'>musae</span> <span class='ocrx_word' id='word_1_229' title='bbox 782 2276 831 2339; x_wconf 83' lang='lat' dir='ltr'>eet,</span> <span class='ocrx_word' id='word_1_230' title='bbox 849 2287 920 2342; x_wconf 80' lang='lat' dir='ltr'>puae</span> <span class='ocrx_word' id='word_1_231' title='bbox 937 2289 995 2328; x_wconf 90' lang='grc' dir='ltr'>νον</span> <span class='ocrx_word' id='word_1_232' title='bbox 1007 2273 1136 2328; x_wconf 75' lang='lat' dir='ltr'>solitaria</span> <span class='ocrx_word' id='word_1_233' title='bbox 1153 2273 1190 2328; x_wconf 86' lang='lat' dir='ltr'>eit</span> <span class='ocrx_word' id='word_1_234' title='bbox 1202 2287 1288 2343; x_wconf 72' lang='lat' dir='ltr'>mepta</span> <span class='ocrx_word' id='word_1_235' title='bbox 1402 2271 1405 2278; x_wconf 73' lang='grc'>“</span> 
     </span>
     <span class='ocr_line' id='line_1_23' title="bbox 164 2361 1287 2432; baseline -0.003 -13"><span class='ocrx_word' id='word_1_236' title='bbox 164 2365 282 2432; x_wconf 80' lang='lat' dir='ltr'>simplae:</span> <span class='ocrx_word' id='word_1_237' title='bbox 299 2363 346 2418; x_wconf 79' lang='lat' dir='ltr'>sed</span> <span class='ocrx_word' id='word_1_238' title='bbox 364 2379 426 2418; x_wconf 86' lang='lat' dir='ltr'>cum</span> <span class='ocrx_word' id='word_1_239' title='bbox 444 2363 502 2420; x_wconf 88' lang='lat' dir='ltr'>otio</span> <span class='ocrx_word' id='word_1_240' title='bbox 519 2363 619 2416; x_wconf 86' lang='lat' dir='ltr'>iuueta</span> <span class='ocrx_word' id='word_1_241' title='bbox 638 2366 719 2432; x_wconf 77' lang='lat' dir='ltr'>atqua</span> <span class='ocrx_word' id='word_1_242' title='bbox 737 2376 850 2430; x_wconf 84' lang='lat' dir='ltr'>eeueaa,</span> <span class='ocrx_word' id='word_1_243' title='bbox 869 2361 966 2416; x_wconf 77' lang='lat' dir='ltr'>uetere</span> <span class='ocrx_word' id='word_1_244' title='bbox 984 2361 1103 2432; x_wconf 70' lang='lat' dir='ltr'>alipium</span> <span class='ocrx_word' id='word_1_245' title='bbox 1120 2361 1152 2415; x_wconf 88' lang='lat' dir='ltr'>iu</span> <span class='ocrx_word' id='word_1_246' title='bbox 1169 2377 1197 2416; x_wconf 86' lang='lat' dir='ltr'>se</span> <span class='ocrx_word' id='word_1_247' title='bbox 1206 2361 1287 2432; x_wconf 73' lang='lat' dir='ltr'>ptiu-</span> 
     </span>
     <span class='ocr_line' id='line_1_24' title="bbox 165 2448 1288 2522; baseline -0.003 -14"><span class='ocrx_word' id='word_1_248' title='bbox 165 2454 297 2522; x_wconf 86' lang='lat' dir='ltr'>eiputum,</span> <span class='ocrx_word' id='word_1_249' title='bbox 313 2457 347 2506; x_wconf 88' lang='lat' dir='ltr'>ut</span> <span class='ocrx_word' id='word_1_250' title='bbox 365 2451 397 2506; x_wconf 85' lang='lat' dir='ltr'>iu</span> <span class='ocrx_word' id='word_1_251' title='bbox 415 2452 523 2508; x_wconf 84' lang='lat' dir='ltr'>bomiue</span> <span class='ocrx_word' id='word_1_252' title='bbox 540 2456 661 2518; x_wconf 85' lang='lat' dir='ltr'>meatem,</span> <span class='ocrx_word' id='word_1_253' title='bbox 680 2450 712 2504; x_wconf 87' lang='lat' dir='ltr'>iu</span> <span class='ocrx_word' id='word_1_254' title='bbox 730 2450 811 2504; x_wconf 87' lang='lat' dir='ltr'>belua</span> <span class='ocrx_word' id='word_1_255' title='bbox 828 2448 963 2519; x_wconf 78' lang='lat' dir='ltr'>quiddam</span> <span class='ocrx_word' id='word_1_256' title='bbox 979 2449 1067 2504; x_wconf 84' lang='lat' dir='ltr'>simile</span> <span class='ocrx_word' id='word_1_257' title='bbox 1084 2450 1191 2518; x_wconf 80' lang='lat' dir='ltr'>umutis,</span> <span class='ocrx_word' id='word_1_258' title='bbox 1212 2449 1288 2506; x_wconf 77' lang='lat' dir='ltr'>uude</span> 
     </span>
     <span class='ocr_line' id='line_1_25' title="bbox 165 2539 1288 2610; baseline -0.002 -14"><span class='ocrx_word' id='word_1_259' title='bbox 165 2542 298 2598; x_wconf 74' lang='lat' dir='ltr'>emautur</span> <span class='ocrx_word' id='word_1_260' title='bbox 321 2557 414 2596; x_wconf 80' lang='lat' dir='ltr'>uerum</span> <span class='ocrx_word' id='word_1_261' title='bbox 432 2540 583 2610; x_wconf 79' lang='lat' dir='ltr'>adpetitus.</span> <span class='ocrx_word' id='word_1_262' title='bbox 613 2541 646 2594; x_wconf 88' lang='lat' dir='ltr'>iu</span> <span class='ocrx_word' id='word_1_263' title='bbox 664 2539 795 2594; x_wconf 77' lang='lat' dir='ltr'>arborum</span> <span class='ocrx_word' id='word_1_264' title='bbox 819 2543 910 2594; x_wconf 88' lang='lat' dir='ltr'>autem</span> <span class='ocrx_word' id='word_1_265' title='bbox 934 2543 960 2592; x_wconf 88' lang='lat' dir='ltr'>et</span> <span class='ocrx_word' id='word_1_266' title='bbox 978 2554 1074 2594; x_wconf 80' lang='lat' dir='ltr'>eurum</span> <span class='ocrx_word' id='word_1_267' title='bbox 1091 2554 1198 2607; x_wconf 81' lang='lat' dir='ltr'>uerum,</span> <span class='ocrx_word' id='word_1_268' title='bbox 1217 2556 1288 2609; x_wconf 79' lang='lat' dir='ltr'>puae</span> 
     </span>
     <span class='ocr_line' id='line_1_26' title="bbox 162 2613 1288 2702; baseline -0.003 -16"><span class='ocrx_word' id='word_1_269' title='bbox 162 2632 323 2702; x_wconf 77' lang='lat' dir='ltr'>pipuuutur</span> <span class='ocrx_word' id='word_1_270' title='bbox 342 2647 356 2685; x_wconf 88' lang='lat' dir='ltr'>e</span> <span class='ocrx_word' id='word_1_271' title='bbox 375 2637 459 2695; x_wconf 83' lang='lat' dir='ltr'>terro,</span> <span class='ocrx_word' id='word_1_272' title='bbox 478 2629 622 2684; x_wconf 78' lang='lat' dir='ltr'>radicibus</span> <span class='ocrx_word' id='word_1_273' title='bbox 639 2629 727 2684; x_wconf 83' lang='lat' dir='ltr'>iueeee</span> <span class='ocrx_word' id='word_1_274' title='bbox 740 2629 922 2698; x_wconf 74' lang='lat' dir='ltr'>principatus</span> <span class='ocrx_word' id='word_1_275' title='bbox 938 2632 1068 2696; x_wconf 85' lang='lat' dir='ltr'>putatur.</span> <span class='ocrx_word' id='word_1_276' title='bbox 1092 2613 1288 2696; x_wconf 75' lang='lat' dir='ltr'>piiueipatum</span> 
     </span>
     <span class='ocr_line' id='line_1_27' title="bbox 166 2715 1288 2790; baseline -0.004 -15"><span class='ocrx_word' id='word_1_277' title='bbox 166 2726 261 2775; x_wconf 88' lang='lat' dir='ltr'>autem</span> <span class='ocrx_word' id='word_1_278' title='bbox 278 2719 311 2774; x_wconf 84' lang='lat' dir='ltr'>id</span> <span class='ocrx_word' id='word_1_279' title='bbox 328 2719 390 2774; x_wconf 82' lang='lat' dir='ltr'>dieo</span> <span class='ocrx_word' id='word_1_280' title='bbox 416 2718 491 2788; x_wconf 75' lang='lat' dir='ltr'>quod</span> <span class='ocrx_word' id='word_1_281' title='bbox 513 2717 615 2773; x_wconf 59' lang='grc' dir='ltr'><strong><em>(ἔννοιά</em></strong></span> <span class='ocrx_word' id='word_1_282' title='bbox 642 2719 806 2790; x_wconf 78' lang='grc' dir='ltr'><strong><em>ἡγεμονικὸν</em></strong></span> <span class='ocrx_word' id='word_1_283' title='bbox 829 2721 940 2784; x_wconf 81' lang='lat' dir='ltr'>uocaut,</span> <span class='ocrx_word' id='word_1_284' title='bbox 963 2732 1018 2784; x_wconf 75' lang='lat' dir='ltr'>pua</span> <span class='ocrx_word' id='word_1_285' title='bbox 1042 2715 1117 2770; x_wconf 79' lang='lat' dir='ltr'>uitii</span> <span class='ocrx_word' id='word_1_286' title='bbox 1133 2715 1166 2770; x_wconf 90' lang='lat' dir='ltr'>iu</span> <span class='ocrx_word' id='word_1_287' title='bbox 1184 2733 1288 2786; x_wconf 78' lang='lat' dir='ltr'>quoque</span> 
     </span>
     <span class='ocr_line' id='line_1_28' title="bbox 164 2803 1289 2878; baseline -0.004 -15"><span class='ocrx_word' id='word_1_288' title='bbox 164 2823 264 2878; x_wconf 77' lang='lat' dir='ltr'>pemeus</span> <span class='ocrx_word' id='word_1_289' title='bbox 290 2824 340 2862; x_wconf 86' lang='lat' dir='ltr'>mee</span> <span class='ocrx_word' id='word_1_290' title='bbox 362 2812 453 2876; x_wconf 81' lang='lat' dir='ltr'>potest</span> <span class='ocrx_word' id='word_1_291' title='bbox 479 2823 529 2861; x_wconf 86' lang='lat' dir='ltr'>mee</span> <span class='ocrx_word' id='word_1_292' title='bbox 557 2806 637 2861; x_wconf 85' lang='lat' dir='ltr'>debet</span> <span class='ocrx_word' id='word_1_293' title='bbox 663 2821 717 2861; x_wconf 81' lang='lat' dir='ltr'>esee</span> <span class='ocrx_word' id='word_1_294' title='bbox 732 2804 935 2874; x_wconf 77' lang='lat' dir='ltr'>praestantius.</span> <span class='ocrx_word' id='word_1_295' title='bbox 971 2805 1016 2858; x_wconf 87' lang='lat' dir='ltr'>ito</span> <span class='ocrx_word' id='word_1_296' title='bbox 1033 2819 1138 2860; x_wconf 84' lang='lat' dir='ltr'>ueeeeee</span> <span class='ocrx_word' id='word_1_297' title='bbox 1156 2810 1196 2860; x_wconf 85' lang='lat' dir='ltr'>eet</span> <span class='ocrx_word' id='word_1_298' title='bbox 1214 2803 1289 2859; x_wconf 82' lang='lat' dir='ltr'>tztua</span> 
     </span>
     <span class='ocr_line' id='line_1_29' title="bbox 167 2893 1288 2966; baseline -0.004 -13"><span class='ocrx_word' id='word_1_299' title='bbox 167 2898 264 2966; x_wconf 82' lang='lat' dir='ltr'>atium,</span> <span class='ocrx_word' id='word_1_300' title='bbox 288 2897 322 2952; x_wconf 88' lang='lat' dir='ltr'>iu</span> <span class='ocrx_word' id='word_1_301' title='bbox 344 2912 398 2966; x_wconf 74' lang='lat' dir='ltr'>peso</span> <span class='ocrx_word' id='word_1_302' title='bbox 423 2897 460 2951; x_wconf 85' lang='lat' dir='ltr'>sit</span> <span class='ocrx_word' id='word_1_303' title='bbox 484 2896 570 2950; x_wconf 82' lang='lat' dir='ltr'>totius</span> <span class='ocrx_word' id='word_1_304' title='bbox 588 2900 709 2949; x_wconf 75' lang='lat' dir='ltr'>mutuae</span> <span class='ocrx_word' id='word_1_305' title='bbox 722 2894 920 2965; x_wconf 78' lang='lat' dir='ltr'>priuapotus,</span> <span class='ocrx_word' id='word_1_306' title='bbox 939 2908 994 2948; x_wconf 83' lang='lat' dir='ltr'>ease</span> <span class='ocrx_word' id='word_1_307' title='bbox 1012 2893 1136 2948; x_wconf 73' lang='lat' dir='ltr'>maumam</span> <span class='ocrx_word' id='word_1_308' title='bbox 1153 2894 1288 2963; x_wconf 88' lang='lat' dir='ltr'>optimum</span> 
     </span>
     <span class='ocr_line' id='line_1_30' title="bbox 165 2982 1363 3056; baseline -0.003 -14"><span class='ocrx_word' id='word_1_309' title='bbox 165 2987 341 3056; x_wconf 65' lang='lat' dir='ltr'>amatamque</span> <span class='ocrx_word' id='word_1_310' title='bbox 364 3001 458 3040; x_wconf 83' lang='lat' dir='ltr'>uarum</span> <span class='ocrx_word' id='word_1_311' title='bbox 475 2989 610 3055; x_wconf 76' lang='lat' dir='ltr'>potestate</span> <span class='ocrx_word' id='word_1_312' title='bbox 636 2983 834 3053; x_wconf 76' lang='lat' dir='ltr'>dominatuque</span> <span class='ocrx_word' id='word_1_313' title='bbox 860 2982 1061 3052; x_wconf 80' lang='lat' dir='ltr'>dipuiesimum.</span> <span class='ocrx_word' id='word_1_314' title='bbox 1105 2984 1180 3040; x_wconf 84' lang='lat' dir='ltr'>Sient</span> <span class='ocrx_word' id='word_1_315' title='bbox 1197 2987 1287 3040; x_wconf 88' lang='lat' dir='ltr'>autem</span> <span class='ocrx_word' id='word_1_316' title='bbox 1356 2997 1363 3038; x_wconf 84' lang='grc' dir='ltr'><strong>ῑ</strong></span> 
     </span>
    </p>

    <p class='ocr_par' dir='ltr' id='par_1_3' title="bbox 164 3071 1293 4479">
     <span class='ocr_line' id='line_1_31' title="bbox 166 3071 1291 3144; baseline -0.004 -14"><span class='ocrx_word' id='word_1_317' title='bbox 166 3079 290 3132; x_wconf 85' lang='lat' dir='ltr'>naturam</span> <span class='ocrx_word' id='word_1_318' title='bbox 309 3091 325 3128; x_wconf 90' lang='lat' dir='ltr'>a</span> <span class='ocrx_word' id='word_1_319' title='bbox 343 3075 391 3128; x_wconf 86' lang='lat' dir='ltr'>deo</span> <span class='ocrx_word' id='word_1_320' title='bbox 409 3073 466 3141; x_wconf 83' lang='lat' dir='ltr'>regi</span> <span class='ocrx_word' id='word_1_321' title='bbox 484 3077 565 3144; x_wconf 83' lang='lat' dir='ltr'>atque</span> <span class='ocrx_word' id='word_1_322' title='bbox 583 3073 694 3128; x_wconf 86' lang='lat' dir='ltr'>animari</span> <span class='ocrx_word' id='word_1_323' title='bbox 712 3072 848 3140; x_wconf 81' lang='lat' dir='ltr'>donabant,</span> <span class='ocrx_word' id='word_1_324' title='bbox 867 3071 907 3124; x_wconf 91' lang='lat' dir='ltr'>ita</span> <span class='ocrx_word' id='word_1_325' title='bbox 924 3071 1063 3126; x_wconf 86' lang='lat' dir='ltr'>materiam</span> <span class='ocrx_word' id='word_1_326' title='bbox 1080 3072 1212 3142; x_wconf 87' lang='lat' dir='ltr'>putabant</span> <span class='ocrx_word' id='word_1_327' title='bbox 1230 3072 1291 3126; x_wconf 87' lang='lat' dir='ltr'>sub-</span> 
     </span>
     <span class='ocr_line' id='line_1_32' title="bbox 166 3160 1290 3232; baseline -0.003 -14"><span class='ocrx_word' id='word_1_328' title='bbox 166 3165 295 3218; x_wconf 86' lang='lat' dir='ltr'>stantiam</span> <span class='ocrx_word' id='word_1_329' title='bbox 314 3163 356 3216; x_wconf 90' lang='lat' dir='ltr'>dei</span> <span class='ocrx_word' id='word_1_330' title='bbox 374 3179 439 3228; x_wconf 89' lang='lat' dir='ltr'>esse,</span> <span class='ocrx_word' id='word_1_331' title='bbox 458 3162 504 3232; x_wconf 92' lang='lat' dir='ltr'>qui</span> <span class='ocrx_word' id='word_1_332' title='bbox 523 3162 603 3216; x_wconf 89' lang='lat' dir='ltr'>statis</span> <span class='ocrx_word' id='word_1_333' title='bbox 622 3161 784 3231; x_wconf 88' lang='lat' dir='ltr'>temporibus</span> <span class='ocrx_word' id='word_1_334' title='bbox 802 3177 859 3214; x_wconf 90' lang='lat' dir='ltr'>eam</span> <span class='ocrx_word' id='word_1_335' title='bbox 883 3160 912 3213; x_wconf 92' lang='lat' dir='ltr'>in</span> <span class='ocrx_word' id='word_1_336' title='bbox 930 3176 959 3213; x_wconf 87' lang='lat' dir='ltr'>ee</span> <span class='ocrx_word' id='word_1_337' title='bbox 977 3163 1141 3216; x_wconf 80' lang='lat' dir='ltr'>consumeret</span> <span class='ocrx_word' id='word_1_338' title='bbox 1160 3163 1241 3232; x_wconf 82' lang='lat' dir='ltr'>atque</span> <span class='ocrx_word' id='word_1_339' title='bbox 1258 3177 1290 3215; x_wconf 86' lang='lat' dir='ltr'>ex</span> 
     </span>
     <span class='ocr_line' id='line_1_33' title="bbox 166 3247 1288 3319; baseline -0.002 -13"><span class='ocrx_word' id='word_1_340' title='bbox 166 3271 195 3306; x_wconf 88' lang='lat' dir='ltr'>se</span> <span class='ocrx_word' id='word_1_341' title='bbox 213 3269 307 3306; x_wconf 84' lang='lat' dir='ltr'>rursus</span> <span class='ocrx_word' id='word_1_342' title='bbox 325 3253 470 3306; x_wconf 85' lang='lat' dir='ltr'>exsereret:</span> <span class='ocrx_word' id='word_1_343' title='bbox 495 3251 572 3319; x_wconf 86' lang='lat' dir='ltr'>Diog.</span> <span class='ocrx_word' id='word_1_344' title='bbox 591 3251 610 3304; x_wconf 93' lang='lat' dir='ltr'>l.</span> <span class='ocrx_word' id='word_1_345' title='bbox 629 3249 647 3304; x_wconf 93' lang='lat' dir='ltr'>l.</span> <span class='ocrx_word' id='word_1_346' title='bbox 668 3249 728 3304; x_wconf 77' lang='lat'>137.</span> <span class='ocrx_word' id='word_1_347' title='bbox 765 3248 835 3303; x_wconf 87' lang='lat' dir='ltr'>Nam</span> <span class='ocrx_word' id='word_1_348' title='bbox 859 3248 986 3302; x_wconf 88' lang='lat' dir='ltr'>mundum</span> <span class='ocrx_word' id='word_1_349' title='bbox 1011 3265 1042 3302; x_wconf 87' lang='lat' dir='ltr'>ex</span> <span class='ocrx_word' id='word_1_350' title='bbox 1060 3247 1120 3317; x_wconf 83' lang='lat' dir='ltr'>igne</span> <span class='ocrx_word' id='word_1_351' title='bbox 1139 3247 1288 3318; x_wconf 76' lang='lat' dir='ltr'>artificioso,</span> 
     </span>
     <span class='ocr_line' id='line_1_34' title="bbox 166 3337 1290 3410; baseline -0.004 -13"><span class='ocrx_word' id='word_1_352' title='bbox 166 3341 297 3396; x_wconf 85' lang='lat' dir='ltr'>animanti</span> <span class='ocrx_word' id='word_1_353' title='bbox 314 3341 361 3394; x_wconf 92' lang='lat' dir='ltr'>illo</span> <span class='ocrx_word' id='word_1_354' title='bbox 380 3339 485 3410; x_wconf 87' lang='lat' dir='ltr'>quidem</span> <span class='ocrx_word' id='word_1_355' title='bbox 503 3342 532 3393; x_wconf 89' lang='lat' dir='ltr'>et</span> <span class='ocrx_word' id='word_1_356' title='bbox 549 3339 634 3407; x_wconf 87' lang='lat' dir='ltr'>vitali,</span> <span class='ocrx_word' id='word_1_357' title='bbox 653 3355 706 3392; x_wconf 93' lang='lat' dir='ltr'>nen</span> <span class='ocrx_word' id='word_1_358' title='bbox 724 3339 895 3405; x_wconf 84' lang='lat' dir='ltr'>consumenti,</span> <span class='ocrx_word' id='word_1_359' title='bbox 921 3340 1010 3392; x_wconf 86' lang='lat' dir='ltr'>ortum</span> <span class='ocrx_word' id='word_1_360' title='bbox 1028 3338 1108 3391; x_wconf 85' lang='lat' dir='ltr'>statis</span> <span class='ocrx_word' id='word_1_361' title='bbox 1127 3337 1290 3408; x_wconf 87' lang='lat' dir='ltr'>temporibus</span> 
     </span>
     <span class='ocr_line' id='line_1_35' title="bbox 167 3427 1290 3502; baseline -0.003 -16"><span class='ocrx_word' id='word_1_362' title='bbox 167 3431 302 3500; x_wconf 84' lang='lat' dir='ltr'>inignem</span> <span class='ocrx_word' id='word_1_363' title='bbox 320 3429 427 3483; x_wconf 87' lang='lat' dir='ltr'>resolvi:</span> <span class='ocrx_word' id='word_1_364' title='bbox 446 3445 470 3483; x_wconf 85' lang='lat' dir='ltr'>v.</span> <span class='ocrx_word' id='word_1_365' title='bbox 490 3427 562 3482; x_wconf 82' lang='lat' dir='ltr'>Stob.</span> <span class='ocrx_word' id='word_1_366' title='bbox 581 3427 636 3485; x_wconf 78' lang='lat' dir='ltr'>aa.</span> <span class='ocrx_word' id='word_1_367' title='bbox 655 3427 740 3483; x_wconf 79' lang='lat'>1538</span> <span class='ocrx_word' id='word_1_368' title='bbox 760 3428 814 3482; x_wconf 74' lang='lat' dir='ltr'>«lto</span> <span class='ocrx_word' id='word_1_369' title='bbox 832 3429 887 3501; x_wconf 78' lang='grc' dir='ltr'>γὰρ</span> <span class='ocrx_word' id='word_1_370' title='bbox 905 3431 970 3497; x_wconf 78' lang='grc' dir='ltr'><strong><em>γένη</em></strong></span> <span class='ocrx_word' id='word_1_371' title='bbox 989 3429 1083 3502; x_wconf 73' lang='grc' dir='ltr'><strong><em>πυρός,</em></strong></span> <span class='ocrx_word' id='word_1_372' title='bbox 1107 3429 1140 3480; x_wconf 80' lang='grc' dir='ltr'>τὸ</span> <span class='ocrx_word' id='word_1_373' title='bbox 1156 3427 1210 3500; x_wconf 69' lang='grc' dir='ltr'><strong><em>μὲν</em></strong></span> <span class='ocrx_word' id='word_1_374' title='bbox 1229 3430 1290 3482; x_wconf 77' lang='lat' dir='ltr'>ttae·</span> 
     </span>
     <span class='ocr_line' id='line_1_36' title="bbox 164 3515 1292 3594; baseline -0.005 -18"><span class='ocrx_word' id='word_1_375' title='bbox 164 3541 237 3592; x_wconf 78' lang='grc' dir='ltr'><strong><em>χνον</em></strong></span> <span class='ocrx_word' id='word_1_376' title='bbox 264 3523 312 3575; x_wconf 77' lang='grc' dir='ltr'>καὶ</span> <span class='ocrx_word' id='word_1_377' title='bbox 334 3521 511 3592; x_wconf 78' lang='grc' dir='ltr'><strong><em>μεταβάλλον</em></strong></span> <span class='ocrx_word' id='word_1_378' title='bbox 530 3523 569 3579; x_wconf 78' lang='grc' dir='ltr'>εἰς</span> <span class='ocrx_word' id='word_1_379' title='bbox 586 3518 670 3572; x_wconf 76' lang='grc' dir='ltr'><strong><em>ἑαυτὸ</em></strong></span> <span class='ocrx_word' id='word_1_380' title='bbox 689 3518 738 3584; x_wconf 79' lang='grc' dir='ltr'><strong><em>τὴν</em></strong></span> <span class='ocrx_word' id='word_1_381' title='bbox 756 3517 873 3594; x_wconf 70' lang='grc' dir='ltr'><strong><em>τρυφάν,</em></strong></span> <span class='ocrx_word' id='word_1_382' title='bbox 902 3517 934 3570; x_wconf 79' lang='grc' dir='ltr'>τὸ</span> <span class='ocrx_word' id='word_1_383' title='bbox 952 3515 985 3570; x_wconf 78' lang='grc' dir='ltr'>δὲ</span> <span class='ocrx_word' id='word_1_384' title='bbox 1003 3517 1129 3586; x_wconf 79' lang='grc' dir='ltr'><strong><em>τεχνικὸν</em></strong></span> <span class='ocrx_word' id='word_1_385' title='bbox 1147 3517 1292 3582; x_wconf 81' lang='grc' dir='ltr'><strong><em>αὐξητικόν</em></strong></span> 
     </span>
     <span class='ocr_line' id='line_1_37' title="bbox 167 3600 1291 3680; baseline -0.004 -18"><span class='ocrx_word' id='word_1_386' title='bbox 167 3629 197 3665; x_wconf 82' lang='grc' dir='ltr'>τε</span> <span class='ocrx_word' id='word_1_387' title='bbox 215 3614 262 3664; x_wconf 78' lang='grc' dir='ltr'>καὶ</span> <span class='ocrx_word' id='word_1_388' title='bbox 280 3609 437 3680; x_wconf 82' lang='grc' dir='ltr'><strong><em>τηρητικάν,</em></strong></span> <span class='ocrx_word' id='word_1_389' title='bbox 463 3601 523 3660; x_wconf 87' lang='grc' dir='ltr'><strong><em>οἷον</em></strong></span> <span class='ocrx_word' id='word_1_390' title='bbox 541 3609 571 3660; x_wconf 72' lang='grc' dir='ltr'>ἐν</span> <span class='ocrx_word' id='word_1_391' title='bbox 589 3612 647 3667; x_wconf 84' lang='grc' dir='ltr'><strong><em>τοῖς</em></strong></span> <span class='ocrx_word' id='word_1_392' title='bbox 666 3611 765 3677; x_wconf 81' lang='grc' dir='ltr'><em>φυτοῖς</em></span> <span class='ocrx_word' id='word_1_393' title='bbox 783 3607 906 3660; x_wconf 73' lang='grc' dir='ltr'><strong><em>ἐστικαὶ</em></strong></span> <span class='ocrx_word' id='word_1_394' title='bbox 927 3600 1016 3674; x_wconf 80' lang='grc' dir='ltr'><strong><em>ζῴοις,</em></strong></span> <span class='ocrx_word' id='word_1_395' title='bbox 1042 3603 1112 3671; x_wconf 75' lang='grc' dir='ltr'>ὃδὴ</span> <span class='ocrx_word' id='word_1_396' title='bbox 1130 3606 1214 3676; x_wconf 83' lang='grc' dir='ltr'><strong><em>φάσις</em></strong></span> <span class='ocrx_word' id='word_1_397' title='bbox 1232 3605 1291 3660; x_wconf 68' lang='grc' dir='ltr'>ἐστὶ</span> 
     </span>
     <span class='ocr_line' id='line_1_38' title="bbox 167 3691 1290 3768; baseline -0.005 -17"><span class='ocrx_word' id='word_1_398' title='bbox 167 3702 215 3752; x_wconf 76' lang='grc' dir='ltr'>καὶ</span> <span class='ocrx_word' id='word_1_399' title='bbox 234 3699 318 3768; x_wconf 82' lang='grc' dir='ltr'><em>ψυχή.</em></span> <span class='ocrx_word' id='word_1_400' title='bbox 356 3695 408 3750; x_wconf 84' lang='lat' dir='ltr'>Cio.</span> <span class='ocrx_word' id='word_1_401' title='bbox 428 3695 461 3749; x_wconf 90' lang='lat' dir='ltr'>D.</span> <span class='ocrx_word' id='word_1_402' title='bbox 471 3693 505 3748; x_wconf 89' lang='lat' dir='ltr'>N.</span> <span class='ocrx_word' id='word_1_403' title='bbox 520 3693 548 3747; x_wconf 89' lang='grc' dir='ltr'><strong>Π</strong></span> <span class='ocrx_word' id='word_1_404' title='bbox 560 3693 595 3748; x_wconf 80' lang='grc'>41</span> <span class='ocrx_word' id='word_1_405' title='bbox 614 3694 660 3748; x_wconf 82' lang='lat' dir='ltr'>bie</span> <span class='ocrx_word' id='word_1_406' title='bbox 677 3698 772 3748; x_wconf 80' lang='lat' dir='ltr'>uenter</span> <span class='ocrx_word' id='word_1_407' title='bbox 789 3692 872 3762; x_wconf 77' lang='lat' dir='ltr'>ipuis,</span> <span class='ocrx_word' id='word_1_408' title='bbox 891 3707 969 3761; x_wconf 76' lang='lat' dir='ltr'>quam</span> <span class='ocrx_word' id='word_1_409' title='bbox 986 3707 1055 3746; x_wconf 82' lang='lat' dir='ltr'>usus</span> <span class='ocrx_word' id='word_1_410' title='bbox 1072 3691 1147 3746; x_wconf 87' lang='lat' dir='ltr'>uitae</span> <span class='ocrx_word' id='word_1_411' title='bbox 1164 3692 1290 3762; x_wconf 77' lang='lat' dir='ltr'>requirit,</span> 
     </span>
     <span class='ocr_line' id='line_1_39' title="bbox 169 3780 1292 3854; baseline -0.004 -13"><span class='ocrx_word' id='word_1_412' title='bbox 169 3783 308 3852; x_wconf 81' lang='lat' dir='ltr'>coufeeter</span> <span class='ocrx_word' id='word_1_413' title='bbox 341 3790 382 3839; x_wconf 85' lang='lat' dir='ltr'>est</span> <span class='ocrx_word' id='word_1_414' title='bbox 414 3789 439 3838; x_wconf 85' lang='lat' dir='ltr'>et</span> <span class='ocrx_word' id='word_1_415' title='bbox 467 3787 643 3854; x_wconf 82' lang='lat' dir='ltr'>emseumpter</span> <span class='ocrx_word' id='word_1_416' title='bbox 670 3783 807 3849; x_wconf 81' lang='lat' dir='ltr'>munium,</span> <span class='ocrx_word' id='word_1_417' title='bbox 841 3781 967 3851; x_wconf 75' lang='lat' dir='ltr'>idaeique</span> <span class='ocrx_word' id='word_1_418' title='bbox 998 3795 1159 3850; x_wconf 79' lang='lat' dir='ltr'>puoeuupue</span> <span class='ocrx_word' id='word_1_419' title='bbox 1184 3780 1292 3836; x_wconf 81' lang='lat' dir='ltr'>iuuoait</span> 
     </span>
     <span class='ocr_line' id='line_1_40' title="bbox 168 3867 1291 3941; baseline -0.006 -11"><span class='ocrx_word' id='word_1_420' title='bbox 168 3879 272 3930; x_wconf 83' lang='lat' dir='ltr'>euaeta</span> <span class='ocrx_word' id='word_1_421' title='bbox 291 3873 432 3928; x_wconf 82' lang='lat' dir='ltr'>disturbat</span> <span class='ocrx_word' id='word_1_422' title='bbox 450 3889 484 3927; x_wconf 90' lang='lat' dir='ltr'>oe</span> <span class='ocrx_word' id='word_1_423' title='bbox 502 3872 628 3941; x_wconf 79' lang='lat' dir='ltr'>dissipat.</span> <span class='ocrx_word' id='word_1_424' title='bbox 648 3876 746 3926; x_wconf 81' lang='lat' dir='ltr'>eoutua</span> <span class='ocrx_word' id='word_1_425' title='bbox 764 3871 811 3925; x_wconf 89' lang='lat' dir='ltr'>ille</span> <span class='ocrx_word' id='word_1_426' title='bbox 829 3885 984 3940; x_wconf 77' lang='lat' dir='ltr'>corporeus,</span> <span class='ocrx_word' id='word_1_427' title='bbox 1001 3869 1096 3924; x_wconf 74' lang='lat' dir='ltr'>uitalia</span> <span class='ocrx_word' id='word_1_428' title='bbox 1114 3873 1139 3922; x_wconf 90' lang='lat' dir='ltr'>et</span> <span class='ocrx_word' id='word_1_429' title='bbox 1156 3867 1291 3923; x_wconf 77' lang='lat' dir='ltr'>salutaria</span> 
     </span>
     <span class='ocr_line' id='line_1_41' title="bbox 167 3956 1290 4030; baseline -0.008 -11"><span class='ocrx_word' id='word_1_430' title='bbox 167 3964 264 4019; x_wconf 85' lang='lat' dir='ltr'>ommia</span> <span class='ocrx_word' id='word_1_431' title='bbox 281 3967 432 4029; x_wconf 76' lang='lat' dir='ltr'>conseruat</span> <span class='ocrx_word' id='word_1_432' title='bbox 452 3961 513 4028; x_wconf 85' lang='lat' dir='ltr'>alit,</span> <span class='ocrx_word' id='word_1_433' title='bbox 532 3965 622 4030; x_wconf 69' lang='grc' dir='ltr'><strong><em>ανον,</em></strong></span> <span class='ocrx_word' id='word_1_434' title='bbox 640 3959 760 4014; x_wconf 62' lang='lat' dir='ltr'>metuet</span> <span class='ocrx_word' id='word_1_435' title='bbox 776 3974 910 4029; x_wconf 68' lang='lat' dir='ltr'>sensuque</span> <span class='ocrx_word' id='word_1_436' title='bbox 928 3958 1031 4026; x_wconf 74' lang='lat' dir='ltr'>adficit.</span> <span class='ocrx_word' id='word_1_437' title='bbox 1068 3956 1209 4026; x_wconf 87' lang='lat' dir='ltr'>Praeeipue</span> <span class='ocrx_word' id='word_1_438' title='bbox 1221 3956 1290 4010; x_wconf 86' lang='lat' dir='ltr'>haue</span> 
     </span>
     <span class='ocr_line' id='line_1_42' title="bbox 171 4044 1290 4115; baseline -0.005 -9"><span class='ocrx_word' id='word_1_439' title='bbox 171 4051 233 4106; x_wconf 90' lang='lat' dir='ltr'>solis</span> <span class='ocrx_word' id='word_1_440' title='bbox 251 4055 281 4107; x_wconf 90' lang='lat' dir='ltr'>et</span> <span class='ocrx_word' id='word_1_441' title='bbox 299 4054 433 4108; x_wconf 67' lang='lat' dir='ltr'>asuerum</span> <span class='ocrx_word' id='word_1_442' title='bbox 451 4051 630 4104; x_wconf 87' lang='lat' dir='ltr'>substantiam</span> <span class='ocrx_word' id='word_1_443' title='bbox 648 4065 707 4102; x_wconf 89' lang='lat' dir='ltr'>esse</span> <span class='ocrx_word' id='word_1_444' title='bbox 724 4052 753 4102; x_wconf 88' lang='lat' dir='ltr'>et</span> <span class='ocrx_word' id='word_1_445' title='bbox 770 4049 799 4102; x_wconf 91' lang='lat' dir='ltr'>in</span> <span class='ocrx_word' id='word_1_446' title='bbox 817 4047 888 4102; x_wconf 89' lang='lat' dir='ltr'>eaelo</span> <span class='ocrx_word' id='word_1_447' title='bbox 906 4047 948 4101; x_wconf 85' lang='lat' dir='ltr'>vel</span> <span class='ocrx_word' id='word_1_448' title='bbox 966 4047 1073 4101; x_wconf 85' lang='lat' dir='ltr'>aethere</span> <span class='ocrx_word' id='word_1_449' title='bbox 1091 4045 1175 4112; x_wconf 84' lang='lat' dir='ltr'>aemi,</span> <span class='ocrx_word' id='word_1_450' title='bbox 1195 4044 1290 4115; x_wconf 88' lang='lat' dir='ltr'>quibus</span> 
     </span>
     <span class='ocr_line' id='line_1_43' title="bbox 169 4135 1292 4212; baseline -0.006 -18"><span class='ocrx_word' id='word_1_451' title='bbox 169 4142 250 4196; x_wconf 84' lang='lat' dir='ltr'>etiam</span> <span class='ocrx_word' id='word_1_452' title='bbox 267 4139 473 4208; x_wconf 81' lang='lat' dir='ltr'>intelligentiam</span> <span class='ocrx_word' id='word_1_453' title='bbox 496 4139 570 4193; x_wconf 91' lang='lat' dir='ltr'>illam</span> <span class='ocrx_word' id='word_1_454' title='bbox 595 4138 709 4192; x_wconf 80' lang='lat' dir='ltr'>divinem</span> <span class='ocrx_word' id='word_1_455' title='bbox 732 4137 774 4190; x_wconf 85' lang='lat' dir='ltr'>vel</span> <span class='ocrx_word' id='word_1_456' title='bbox 797 4136 909 4190; x_wconf 74' lang='lat' dir='ltr'>mamare</span> <span class='ocrx_word' id='word_1_457' title='bbox 933 4135 1100 4212; x_wconf 86' lang='lat' dir='ltr'>tribuendam</span> <span class='ocrx_word' id='word_1_458' title='bbox 1123 4149 1181 4188; x_wconf 89' lang='lat' dir='ltr'>esse</span> <span class='ocrx_word' id='word_1_459' title='bbox 1205 4149 1292 4188; x_wconf 89' lang='lat' dir='ltr'>eense·</span> 
     </span>
     <span class='ocr_line' id='line_1_44' title="bbox 170 4222 1291 4298; baseline -0.005 -15"><span class='ocrx_word' id='word_1_460' title='bbox 170 4231 243 4298; x_wconf 88' lang='lat' dir='ltr'>bant,</span> <span class='ocrx_word' id='word_1_461' title='bbox 261 4247 286 4284; x_wconf 85' lang='lat' dir='ltr'>v.</span> <span class='ocrx_word' id='word_1_462' title='bbox 306 4225 358 4283; x_wconf 80' lang='lat' dir='ltr'>cie.</span> <span class='ocrx_word' id='word_1_463' title='bbox 377 4228 413 4282; x_wconf 95' lang='lat' dir='ltr'>ib.</span> <span class='ocrx_word' id='word_1_464' title='bbox 438 4243 524 4298; x_wconf 78' lang='lat' dir='ltr'>quare</span> <span class='ocrx_word' id='word_1_465' title='bbox 542 4244 605 4282; x_wconf 84' lang='grc' dir='ltr'><strong><em>οννι</em></strong></span> <span class='ocrx_word' id='word_1_466' title='bbox 623 4227 688 4284; x_wconf 81' lang='lat' dir='ltr'>salia</span> <span class='ocrx_word' id='word_1_467' title='bbox 706 4226 782 4295; x_wconf 78' lang='lat' dir='ltr'>ipuie</span> <span class='ocrx_word' id='word_1_468' title='bbox 799 4225 900 4280; x_wconf 83' lang='lat' dir='ltr'>similis</span> <span class='ocrx_word' id='word_1_469' title='bbox 923 4241 1018 4279; x_wconf 85' lang='grc' dir='ltr'><strong><em>ιοινν</em></strong></span> <span class='ocrx_word' id='word_1_470' title='bbox 1034 4223 1144 4293; x_wconf 72' lang='grc' dir='ltr'><strong><em>ιὀνννν</em></strong></span> <span class='ocrx_word' id='word_1_471' title='bbox 1161 4223 1215 4290; x_wconf 86' lang='lat' dir='ltr'>sit,</span> <span class='ocrx_word' id='word_1_472' title='bbox 1242 4222 1291 4292; x_wconf 75' lang='lat' dir='ltr'>aui</span> 
     </span>
     <span class='ocr_line' id='line_1_45' title="bbox 168 4313 1292 4388; baseline -0.007 -16"><span class='ocrx_word' id='word_1_473' title='bbox 168 4324 236 4374; x_wconf 75' lang='lat' dir='ltr'>aaut</span> <span class='ocrx_word' id='word_1_474' title='bbox 253 4318 286 4373; x_wconf 84' lang='lat' dir='ltr'>iu</span> <span class='ocrx_word' id='word_1_475' title='bbox 304 4317 465 4388; x_wconf 79' lang='lat' dir='ltr'>emporibus</span> <span class='ocrx_word' id='word_1_476' title='bbox 482 4317 678 4383; x_wconf 82' lang='lat' dir='ltr'>oaimautium,</span> <span class='ocrx_word' id='word_1_477' title='bbox 701 4315 783 4370; x_wconf 84' lang='lat' dir='ltr'>solem</span> <span class='ocrx_word' id='word_1_478' title='bbox 801 4329 908 4384; x_wconf 73' lang='lat' dir='ltr'>quoque</span> <span class='ocrx_word' id='word_1_479' title='bbox 926 4313 1096 4367; x_wconf 72' lang='lat' dir='ltr'>mammetem</span> <span class='ocrx_word' id='word_1_480' title='bbox 1112 4326 1169 4366; x_wconf 85' lang='lat' dir='ltr'>asae</span> <span class='ocrx_word' id='word_1_481' title='bbox 1186 4316 1292 4381; x_wconf 70' lang='lat' dir='ltr'>eportet</span> 
     </span>
     <span class='ocr_line' id='line_1_46' title="bbox 169 4399 1293 4479; baseline -0.006 -16"><span class='ocrx_word' id='word_1_482' title='bbox 169 4405 325 4479; x_wconf 73' lang='lat' dir='ltr'>etquidem</span> <span class='ocrx_word' id='word_1_483' title='bbox 342 4405 451 4476; x_wconf 81' lang='lat' dir='ltr'>relipao</span> <span class='ocrx_word' id='word_1_484' title='bbox 469 4409 555 4472; x_wconf 72' lang='lat' dir='ltr'>aare,</span> <span class='ocrx_word' id='word_1_485' title='bbox 574 4419 644 4474; x_wconf 78' lang='lat' dir='ltr'>qaae</span> <span class='ocrx_word' id='word_1_486' title='bbox 661 4403 793 4460; x_wconf 81' lang='lat' dir='ltr'>oriauuu</span> <span class='ocrx_word' id='word_1_487' title='bbox 809 4403 842 4457; x_wconf 88' lang='lat' dir='ltr'>iu</span> <span class='ocrx_word' id='word_1_488' title='bbox 860 4401 961 4458; x_wconf 80' lang='lat' dir='ltr'>ardore</span> <span class='ocrx_word' id='word_1_489' title='bbox 978 4401 1101 4469; x_wconf 75' lang='lat' dir='ltr'>ooeuui,</span> <span class='ocrx_word' id='word_1_490' title='bbox 1126 4399 1174 4470; x_wconf 77' lang='lat' dir='ltr'>qui</span> <span class='ocrx_word' id='word_1_491' title='bbox 1198 4400 1293 4456; x_wconf 79' lang='lat' dir='ltr'>aetiam</span> 
     </span>
    </p>
   </div>
   <div class='ocr_carea' id='block_1_3' title="bbox 0 0 1588 4982">
    <p class='ocr_par' dir='ltr' id='par_1_4' title="bbox 0 0 1588 4982">
     <span class='ocr_line' id='line_1_47' title="bbox 0 0 1588 4982; baseline 0 0"><span class='ocrx_word' id='word_1_492' title='bbox 0 0 1588 4982; x_wconf 95' lang='lat' dir='ltr'> </span> 
     </span>
    </p>
   </div>
  </div>
 </body>
</html>
