3146 4982
314 325 369 387 495
470 323 472 328 ’
769 330 844 382 Philo
862 329 982 382 Iudaeus.

163 489 288 584 afflige
315 489 412 543 mundo
430 489 496 542 nihil
514 489 547 542 ad
566 489 636 559 quod
653 505 706 542 non
723 489 856 559 pertineat
873 489 978 542 malum.
1015 488 1157 558 Propterea
1174 488 1251 540 Philo
1270 487 1346 542 docet
1360 487 1435 540 deum
1489 461 1494 472 ⁵

315 578 343 632 in
370 578 481 632 creando
508 578 605 632 mundo
632 577 761 632 ministris
789 577 830 630 uti
853 578 1031 648 potestatibus
1050 576 1206 648 quibusdam
1225 577 1329 642 divinis,
1354 577 1435 630 veluti

292 705 294 710 .
314 665 378 719 deus
397 667 549 720 Platonicus
568 667 656 720 utitur
674 666 715 719 dis
733 667 885 732 minoribus,
904 672 948 719 BP
966 667 1027 720 266.
1064 665 1100 719 Es
1118 666 1186 719 his
1178 665 1243 735 1psis
1257 666 1435 736 potestatibus

314 756 457 810 consistere
485 755 550 809 dicit
577 755 694 809 idearum
722 755 849 809 mundum
876 755 1084 822 intelligibilem:
1111 755 1151 808 De
1175 754 1279 809 Confus.
1306 754 1381 822 ling.
1400 755 1435 808 34

313 861 338 914 p.
349 845 401 898 431
422 840 507 906 εἶςῶν
521 847 536 898 ό
550 848 614 906 θεὸς
633 847 795 918 ἀμυθήτους
809 850 871 918 περὶ
887 847 972 898 αὑτὸν
985 845 1041 915 ἔχει
1061 845 1233 917 δυνάμεις
1252 845 1377 918 ἀρωγοὺς
1390 849 1433 896 καὶ

315 940 464 1006 σωτηρίους
489 944 539 988 τοι)
562 939 715 1008 γενομένου
739 937 838 994 πάσας.
868 963 901 972 -
931 929 972 986 δι’
993 931 1028 986 αὖ
1053 936 1157 986 τούτων
1181 943 1235 986 τῶν
1254 933 1436 1005 δυνάμεωνό

314 1025 463 1096 ἀσώματος
481 1028 527 1077 καὶ
545 1026 671 1090 νοητὸς
688 1026 780 1093 ἐπάγη
798 1025 946 1095 κόσμος,
976 1025 1007 1076 τὸ
1026 1033 1076 1076 τοι]
1095 1027 1267 1095 φαινομένου
1286 1023 1368 1076 τοῦδε
1388 1025 1434 1093 ἀρ-

310 1115 446 1182 χέτυπον,
484 1113 572 1174 ἰδίαις
597 1114 725 1184 ἀοράτως
748 1117 898 1172 συσταθεὶς
926 1111 1018 1183 ὥσπερ
1047 1103 1127 1172 οὗτος
1155 1113 1284 1183 σώμασιν
1312 1114 1434 1184 apotolo:

313 1217 471 1270 quamquam
495 1199 554 1254 aliis
578 1199 643 1252 loeis
669 1216 728 1252 eum
746 1199 873 1252 mundum
897 1199 1005 1268 abipso
1031 1215 1131 1252 summo
1150 1199 1198 1252 deo
1217 1199 1322 1270 repetit.
1360 1200 1436 1253 Poto

314 1291 398 1342 states
417 1292 505 1342 autem
523 1289 584 1342 illas
598 1291 678 1358 atque
692 1288 823 1341 satellites
836 1288 1061 1362 (δοριιιγορούσας
1076 1289 1227 1361 δυνάμεις),
1246 1288 1322 1342 modo
1337 1291 1435 1358 λόγους

313 1378 431 1447 appellat
448 1380 477 1430 et
496 1379 589 1448 ιγυχάς
607 1380 635 1430 et
654 1379 788 1448 ἀγγέλοις
806 1379 932 1448 tauquam
952 1377 1060 1431 nuntios
1079 1380 1158 1447 atque
1177 1378 1314 1432 ministros
1332 1378 1374 1431 dei
1393 1378 1435 1430 de·

314 1465 466 1519 seendentas
494 1469 574 1535 atque
602 1466 773 1519 ascendentes
800 1469 834 1532 (v.
853 1466 894 1520 De
914 1465 1000 1520 Somn.
1026 1467 1040 1518 Ι
1066 1467 1100 1520 12
1124 1484 1149 1536 p.
1176 1468 1242 1533 631;
1270 1468 1303 1520 21
1330 1485 1356 1537 p.
1383 1467 1434 1521 640

314 1556 416 1610 ειδέναι
444 1555 476 1609 δὲ
504 1565 553 1607 νῦν
582 1557 712 1630 προσήκει
740 1557 825 1608 δτι“
811 1578 826 1608 ο
850 1562 928 1618 θειος
951 1558 1037 1616 τόπος
1061 1561 1108 1610 καὶ
1126 1559 1142 1623 ἡ
1161 1559 1219 1630 ἱερά
1235 1559 1315 1628 χώρα
1334 1558 1435 1630 πλήρης

314 1646 470 1716 ἀσωμάτων
495 1646 554 1698 ἐστὶ
577 1646 679 1713 λόγων·
710 1649 799 1715 ψυχαὶ
825 1645 859 1698 δέ
876 1649 947 1698 εἰσιν
972 1647 1111 1699 ἀθάνατοι
1132 1649 1255 1714 οἱλόγοι
1274 1638 1358 1699 οὗτοι.
1396 1645 1433 1698 lb.
1545 1711 1546 1716 ρ

313 1733 391 1802 aap.
411 1733 478 1797 641;
498 1732 576 1802 2312
596 1733 674 1799 643),
698 1733 807 1786 modo'
793 1735 890 1804 αρετάς
913 1734 963 1801 (De
981 1734 1086 1801 Protug.
1105 1735 1166 1804 9p
1185 1734 1249 1798 553)
1274 1737 1302 1787 et
1316 1739 1439 1807 χάριτας,
1545 1721 1546 1766 ι

312 1828 382 1876 θεοῦ
400 1821 470 1888 (leg.
490 1819 575 1889 Alleg.
595 1821 630 1876 20
648 1839 674 1892 p.
693 1821 747 1888 81),
773 1823 805 1874 ιιι
823 1822 899 1891 quasi
918 1823 1033 1876 actiones
1052 1826 1132 1892 atque
1150 1825 1297 1892 potestates
1317 1823 1359 1876 dei
1378 1840 1434 1876 esse

312 1910 458 1976 videantur,
478 1927 554 1980 quem
573 1910 632 1964 aliis
651 1911 715 1964 loeis
734 1911 806 1977 (linit,
831 1911 936 1965 etiamsi
955 1928 1038 1980 usque
1057 1912 1113 1966 loeo
1131 1929 1214 1982 neque
1233 1915 1352 1982 tempore
1369 1913 1434 1965 exsi-

312 2001 376 2065 stat,
396 1999 524 2069 complere
542 1999 667 2052 mnndum
686 2002 714 2052 et
731 1999 956 2053 intercedentibus
974 1999 1027 2054 illis
1047 2001 1224 2070 potestatibus
1242 2001 1390 2070 pervadere,
1409 2019 1432 2054 v.

311 2087 350 2140 De
360 2087 462 2140 Poster.
477 2086 551 2144 Caini
564 2089 582 2142 5
596 2105 622 2158 p.
637 2088 704 2154 229;
718 2087 758 2142 De
772 2088 868 2141 Mutat.
879 2087 956 2141 Nom.
971 2089 1023 2158 tp.
1038 2089 1090 2142 582
1106 2091 1205 2162 τὸγὰρ
1220 2093 1258 2154 όν,
1275 2079 1290 2163 ᾗ
1304 2095 1336 2144 δν
1350 2093 1431 2154 ἐστιν,

313 2179 375 2247 οὐχὶ
395 2188 448 2230 τῶν
467 2179 535 2248 πρός
554 2191 592 2229 τι·
613 2179 680 2230 αὐτὸ
699 2179 753 2252 γάρ
771 2179 873 2231 ἑαυτοῦ
891 2181 988 2248 πλῆρες
1006 2182 1053 2230 καὶ
1073 2181 1141 2230 αὐτὸ
1159 2179 1248 2248 ἑαυτῷ
1268 2182 1364 2232 ἱκανὸν
1386 2183 1432 2232 καὶ

313 2269 367 2336 πρὸ
391 2275 437 2333 τῆς
460 2276 511 2318 τοῦ
534 2268 643 2338 κόσμου
666 2270 796 2336 γενέσεως
825 2271 871 2320 καὶ
895 2269 966 2339 μετὰ
992 2268 1041 2332 τὴν
1064 2272 1172 2336 γένεσιν
1197 2279 1248 2334 τοῦ
1272 2271 1376 2328 παντὸς
1403 2271 1432 2322 ἐν

314 2358 409 2428 ὁμοίῳ.
429 2383 463 2393 -
482 2365 537 2407 τῶν
554 2355 585 2408 δὲ
605 2355 765 2428 δυνάμεων,
791 2357 823 2417 ag
848 2358 947 2410 ἔτεινεν
971 2360 1010 2418 εἰς
1033 2361 1141 2426 γένεσιν
1159 2353 1207 2411 ἐπ’
1224 2359 1364 2428 εὐεργεσίᾳ
1384 2367 1432 2410 τοῦ

314 2447 509 2507 συσταθέντος,
529 2445 603 2504 ἐνίας
622 2448 774 2516 συμβέβηκε
793 2449 924 2514 λέγεσθαι
943 2447 1043 2499 ὡσανεὶ
1063 2448 1131 2521 πρός
1150 2466 1183 2499 τι.

131 2616 284 2720 intppppppm
379 2603 428 2668 De
451 2603 565 2668 Mundi
589 2603 672 2686 Opis.
696 2612 806 2686 4p.4.
851 2603 1036 2690 Προλαβὼν
1059 2606 1119 2690 γὰρ
1136 2604 1153 2668 ό
1170 2605 1249 2681 θεὸς
1272 2606 1330 2669 ἅτε
1345 2603 1498 2684 naboon

312 2710 363 2774 ότι
391 2708 524 2798 μίμημα
553 2709 653 2775 καλὸν
682 2708 739 2776 οὐκ
768 2709 807 2774 όν
837 2734 919 2776 ποτε
950 2709 1074 2794 γένοιτο
1097 2711 1197 2776 καλοῦ
1219 2708 1294 2792 δίχα
1319 2735 1429 2795 παρα-

312 2814 500 2900 δείγματος,
535 2814 609 2882 υόδέ
644 2839 678 2880 τι
705 2829 769 2881 τῶν
804 2813 975 2904 αἰσθητῶν
1002 2814 1195 2884 ἀνυπυίτιον
1226 2814 1244 2882 ὃ
1271 2819 1317 2905 μὴ
1347 2819 1430 2903 πρὸς

313 2921 493 3008 ἀρχέτυπον
515 2920 572 2986 καὶ
595 2923 709 3009 νοητὴν
724 2919 816 2987 ἰδέαν
831 2920 1059 3011 άπεικονίσθη,
1083 2922 1258 3010 βουληθεὶς
1280 2925 1337 2990 τόν
1353 2925 1428 3011 δρα-

312 3029 368 3092 τὸν
397 3026 524 3093 τουτονὶ
554 3027 675 3111 κόσμον
705 3029 939 3117 δημιουργῆσαι
970 3029 1191 3116 προεξετόπου
1225 3031 1281 3095 τὸν
1308 3030 1427 3119 νοητόν,

310 3134 364 3198 ἵνα
385 3135 545 3220 χρώμενος
568 3133 731 3221 ἀσωμάτῳ
755 3133 812 3200 καὶ
835 3136 1072 3222 θεοειδεστάτιμ
1103 3134 1348 3224 παραδείγματι
1376 3138 1429 3202 τὸν
1515 3193 1516 3196 ,

312 3241 498 3324 σωματικὸν
521 3251 634 3306 τοῦτον
658 3240 884 3425 ἀπεργάσηται
908 3241 1127 3330 πρεσβυτέρου
1158 3244 1311 3330 νεώτερον
1334 3243 1427 3308 ἀπει-

311 3348 460 3430 κόνισμα,
483 3357 628 3412 τοσαῦτα
644 3345 759 3432 περιὲξ
760 3371 839 3412 οντα
855 3344 1003 3436 αἰσθητὰ
1026 3347 1098 3479 γένη
1123 3345 1285 3436 ὅσαπερ’
1271 3373 1305 3415 εν
1320 3347 1427 3435 ἐκείνῳ

311 3454 505 3542 vepret-
461 3463 559 3520 -5
584 3452 743 3540 καθάπερ
767 3451 822 3519 οὖν
844 3453 902 3542 ἡ
886 3479 920 3520 εν
942 3480 988 3540 τῳ
1002 3454 1266 3585 ἀρχιτεκτονικιρ
1289 3458 1428 3544 προδια-

310 3563 506 3625 τυπωόεῖσα
530 3560 629 3637 πόλις
651 3562 709 3647 τὴν
729 3561 838 3648 χώραν
861 3560 953 3638 ἐκτὸς
976 3560 1034 3626 οὐκ
1055 3553 1150 3644 εἶχεν,
1181 3552 1289 3628 ἀλλ’ἱ
1273 3562 1428 3650 τνεσφρά-

311 3687 403 3750 γιστο
432 3665 474 3754 τῇ
504 3675 563 3732 τοῦ
591 3663 732 3748 τεχνίτου
756 3667 861 3756 ψυχῇ,
892 3669 948 3734 τὸν
980 3666 1077 3734 αι’τδν
1104 3669 1227 3754 τρόπον
1258 3667 1331 3735 οὐδὲ
1354 3669 1371 3733 ὁ
1394 3667 1428 3733 εἰι

310 3785 374 3837 τῶν
402 3769 496 3838 ἰδεῶν
524 3773 645 3855 κόσμος
675 3773 773 3838 ἀλλον
803 3773 842 3838 δν
870 3770 937 3856 ἐγω
967 3774 1071 3840 τόπον
1093 3776 1113 3863 ἢ
1136 3777 1191 3840 τὸν
1219 3779 1314 3840 θεῖον
1337 3775 1427 3859 λόγον

310 3881 365 3945 τὸν
394 3889 498 3944 ταῦτα
530 3880 814 3967 διακοσμήσαντα·
853 3879 926 3946 ἐπεὶ
956 3877 1007 3957 τίς
1037 3881 1076 3945 ἀν
1104 3878 1155 3968 εἴη
1179 3895 1244 3946 τῶν
1267 3881 1428 3964 δυνάμεων

311 3985 409 4052 αὐτοῦ
432 3986 536 4064 τόπος
558 3984 682 4071 ἕτερος,
719 3983 754 4066 ὃς
777 3975 897 4071 γένοιτ’
919 3988 958 4050 δν
981 3983 1106 4066 ἱκανός,
1141 3987 1178 4052 οὐ
1200 3984 1283 4072 λέγει
1307 3987 1425 4065 πάσας,

310 4092 393 4156 ἀλλὰ
416 4089 496 4174 μίαν
518 4091 661 4177 δίκροτον
684 4095 828 4180 ἡντινοῦν
850 4090 1015 4172 δέξασθαί
1037 4117 1072 4158 τε
1095 4117 1151 4158 και
1144 4092 1352 4181 xtoptyoutb3

186 4241 283 4324 ,ᾞζξ
376 4217 424 4280 De
454 4216 625 4282 Chssfflblm
651 4225 669 4282 9
700 4238 730 4301 p
757 4227 829 4286 143.
867 4206 1016 4283 Ἠκουσα
1051 4216 1088 4283 δέ
1121 4242 1204 4283 ποτε
1232 4217 1289 4282 ιαὶ
1324 4241 1424 4283 σπου-
1411 4228 1492 4273 -naa

191 4336 280 4376 dinnao
310 4321 479 4407 δαιοτέρου
496 4323 591 4449 λόγου
608 4325 701 4409 παρά
718 4336 823 4456 ψυχῆς
845 4320 923 4412 ἐμῆς
938 4322 1097 4404 εἰωθυίας
1118 4327 1160 4390 τά
1184 4325 1294 4390 πολλοὶ
1309 4325 1425 4411 θεολη-

310 4432 473 4493 πτεῖσάαι
495 4453 552 4494 και
576 4429 653 4515 περὶ
676 4425 720 4496 ὧν
736 4430 791 4512 οὐχ
807 4423 874 4497 οιδε
887 4428 1165 4515 μαντεύεσθαι·
1147 4457 1182 4496 ον
1206 4430 1261 4497 ἐὰν
1284 4431 1424 4514 δύνωμαι
