3156 4988
285 322 338 380 {idi
779 327 906 396 Epicurei.

287 487 387 540 πιστόν
406 487 542 557 ἔλπισμιιι
561 502 637 554 quem
657 486 742 539 locum
760 486 799 538 ita
817 485 905 539 reddit
923 487 975 540 t'ic.
995 486 1051 538 Fin.
1070 486 1097 538 ll
1116 487 1164 539 92:
1183 487 1242 554 ipsc
1260 487 1329 540 enim
1348 487 1407 540 Mc·

286 575 425 637 ινοιίονιιε,
449 591 536 642 paene
559 575 629 628 alter
647 574 802 643 Epicurus,
829 577 933 629 beatum
952 593 1008 630 esee
1027 575 1153 629 describit
1172 577 1215 628 bie
1231 577 1287 642 fere
1306 577 1408 629 υινόὶει
1451 637 1453 639 ,

287 679 346 716 cum
371 679 469 731 corpas
494 664 557 716 benc
582 665 757 718 constitutum
781 667 818 717 sit
843 671 868 718 et
887 665 923 718 sit
947 665 1118 733 exploratum
1142 665 1182 718 ita
1198 667 1331 731 satarum.
1369 663 1405 718 cf.

286 752 362 820 Diog.
382 752 410 804 Π
428 754 465 806 89
483 752 525 818 (fr.
546 753 617 816 453).

125 980 264 1084 '⁰33ssme
355 983 481 1066 Epicur.
500 985 643 1049 Sentent.
671 994 688 1050 9
715 1005 762 1068 ap.
786 986 877 1066 Diog.
894 987 923 1049 X
942 995 1003 1050 142
1029 1006 1058 1069 p.
1087 995 1127 1052 73
1144 985 1201 1050 Us.
1249 980 1290 1049 Ei
1313 1003 1453 1049 acce—³82

287 1099 448 1155 waureliae
473 1101 567 1155 πᾶσα
591 1091 688 1178 ἡδονὴ
712 1090 769 1156 καὶ
791 1091 893 1176 χρόνῳ
924 1091 981 1157 καὶ
1005 1090 1082 1178 περὶ
1113 1091 1187 1156 όλον
1220 1092 1259 1156 τό
1288 1090 1409 1177 ἀθροι-

287 1217 354 1278 σμα
386 1196 525 1283 ύπηρχεν
554 1197 574 1284 ἢ
604 1199 646 1260 τά
675 1200 861 1283 κυριώτατα
890 1197 971 1287 μέρη
1006 1210 1063 1284 της
1093 1197 1248 1285 edoceret
1284 1195 1343 1262 oda
1373 1197 1411 1261 ἀν
1547 1203 1549 1320 η

288 1326 370 1367 ποτε
392 1302 543 1391 διέφερον
565 1303 712 1390 ἀλλήλων
734 1301 770 1369 αἱ
794 1302 918 1392 ἡδοναί.
967 1314 1017 1370 10.
1042 1301 1083 1368 Εἰ
1105 1305 1147 1368 τὰ
1170 1305 1332 1392 ποιητικά
1348 1316 1411 1368 τῶν

288 1409 365 1495 περὶ
396 1411 470 1487 τοὺς
500 1409 646 1488 ἀσώτους
674 1411 795 1498 ἡδονῶν
824 1407 895 1476 ἔλυε
925 1413 999 1489 τοὺς
1030 1411 1153 1498 φόβους
1181 1423 1239 1498 τῆς
1262 1408 1412 1488 διανοίας
1547 1375 1549 1512 i

288 1517 362 1593 σούς
391 1540 426 1581 τε
457 1516 533 1603 περὶ
555 1520 723 1604 μετεώρων
746 1515 803 1582 καὶ
826 1518 972 1584 θανάτου
997 1517 1054 1582 καὶ
1077 1517 1275 1605 ἀλγηδόνων,
1305 1513 1356 1582 ἔτι
1379 1541 1413 1581 νε

288 1625 326 1689 τό
350 1622 455 1710 πέρας
478 1637 542 1688 τῶν
566 1623 755 1706 ἐπιθυμιῶν
778 1622 960 1704 ἐδίδασκεν,
991 1623 1048 1690 οὐκ
1072 1623 1111 1688 ἀν
1135 1648 1217 1689 ποτε
1245 1619 1373 1706 εἴχομεν
1395 1625 1414 1690 ὅ
1445 1663 1453 1678 ·

289 1756 322 1795 τι
358 1729 584 1814 ἐμεμψάμεθα
619 1730 745 1811 αὐτοῖς,
788 1733 997 1814 πανταχόθεν
1038 1729 1314 1821 ε’κπληρουμένοις
1349 1744 1413 1795 τῶν

290 1837 411 1925 ἡδονῶν
442 1836 498 1916 καὶ
529 1837 721 1921 ούθαμόθεν
754 1837 825 1904 σ’ύτε
848 1840 886 1904 τὸ
911 1838 1026 1924 ἀλγοῦν
1050 1837 1122 1904 oties
1151 1838 1413 1920 τὸλυπούμενον

289 1939 421 2025 ἔχουσιν,
446 1945 527 2031 όπερ
552 1943 621 2009 ἐστὶ
644 1947 682 2011 τὸ
705 1946 835 2010 aaron.
1541 1974 1549 2396 η

313 2137 315 2141 ν
360 2119 387 2159 a.
410 2101 494 2159 “Oica
519 2109 550 2158 τὸ
577 2111 721 2177 ἄθροισμα
746 2109 788 2158 est
811 2109 869 2158 tota
894 2107 1008 2175 corporis
1032 2123 1169 2175 compages
1198 2123 1242 2158 seu
1271 2105 1411 2170 concretis,

288 2195 319 2248 cl.
339 2194 413 2264 Epic.
432 2194 515 2263 Epist.
535 2195 549 2246 I
567 2211 608 2264 ap.
623 2194 698 2262 Diog.
714 2195 739 2246 X
753 2195 795 2248 63.
811 2196 853 2248 65.
866 2225 898 2232 —
919 2198 959 2248 Tb
977 2198 1131 2269 κυριώτατα
1149 2201 1218 2269 μίρη
1238 2205 1283 2262 τῆς
1303 2198 1413 2265 φύσεως

288 2283 411 2336 ridentur
430 2300 522 2335 sensus
541 2284 674 2352 praecipui
693 2301 756 2336 esse.

360 2406 391 2460 b.
410 2407 502 2460 latino
527 2425 567 2478 ap.
595 2407 646 2462 cie.
673 2407 729 2462 lin.
749 2407 776 2460 ll
800 2409 844 2462 21.
874 2438 907 2446 —
937 2409 1132 2462 Enumerantur
1160 2409 1275 2461 rationes
1304 2411 1413 2478 propter
1547 2397 1549 2462 l

291 2513 355 2566 quae
375 2499 506 2570 φρόνησις
530 2498 601 2550 inter
628 2498 745 2566 singulae
770 2497 920 2567 voluptates
939 2498 1102 2566 distinguere
1121 2497 1298 2568 optimamque
1318 2497 1412 2551 ceteris
1547 2519 1548 2526 ε

291 2588 387 2656 spretis
406 2587 501 2654 eligere
520 2587 622 2640 debeat.
660 2586 729 2640 Sunt
747 2591 836 2642 auum
856 2591 884 2639 et
902 2587 1040 2640 libidinum
1059 2587 1174 2656 impetras
1198 2589 1226 2640 et
1244 2586 1414 2640 formidinum

290 2679 404 2730 terrores
422 2676 533 2730 subiecti
552 2676 645 2728 morali
663 2676 765 2742 virtuti,
791 2677 883 2746 itaque
901 2675 1029 2746 Epicurus
1049 2676 1194 2745 sapientem
1213 2675 1368 2728 felicitatem
1386 2676 1413 2728 in

291 2782 339 2818 sua
363 2768 496 2834 potestate
519 2765 615 2818 habere
639 2765 749 2818 docebat
772 2765 905 2834 liberoque
924 2765 1034 2818 arbitrio
1052 2765 1126 2818 enixe
1145 2764 1371 2836 patrocinabatur,
1390 2781 1412 2815 v.
1473 2800 1477 2808 .

290 2853 392 2924 Epicur.
412 2854 458 2922 Ep.
478 2853 518 2905 IlI
536 2871 576 2923 ap.
596 2854 671 2922 Diog.
691 2853 716 2906 X
737 2855 787 2908 133
807 2858 837 2906 τό
857 2856 886 2908 δὲ
908 2851 975 2924 παρ’
994 2857 1065 2926 ἡμεῖς
1085 2854 1244 2907 ἀδέσποτον
1269 2841 1290 2922 ᾧ
1316 2858 1365 2906 καὶ
1384 2856 1414 2905 τό

125 2951 262 3001 cuciuitates
291 2946 423 3014 μεμπτόν
440 2949 485 2995 καὶ
506 2945 537 2996 τὸ
556 2946 681 2996 ἐναντίον
700 2949 923 3014 παρακολουθεῖν
943 2949 1070 3014 πέφυκεν.
1109 2941 1274 3012 Cupiditutas
1293 2958 1414 2996 revocan-

292 3031 339 3084 dae
358 3047 414 3083 esse
434 3031 467 3083 ad
485 3048 516 3083 ea
535 3032 590 3084 sine
609 3033 704 3101 quibus
723 3037 819 3084 natura
837 3035 928 3085 nostra
952 3049 1078 3085 essenon
1097 3035 1201 3101 poeset3
1231 3047 1297 3100 quae
1316 3031 1341 3083 ei
1360 3030 1413 3084 sola

293 3123 453 3189 sequeretur,
472 3120 541 3172 facili
557 3121 662 3188 negotio
676 3121 821 3190 sapientem
840 3122 880 3175 vel
899 3121 1088 3190 cupiditatibus
1108 3121 1257 3174 satisfacere
1277 3121 1318 3172 vel
1337 3137 1353 3173 a
1371 3119 1414 3172 do-

291 3209 391 3262 loribus
411 3209 461 3262 sibi
486 3226 575 3264 cavere
593 3227 682 3279 posse:
707 3209 810 3280 Epicur.
836 3210 909 3264 Sent.
929 3211 964 3265 29
989 3227 1029 3280 ap.
1049 3211 1125 3277 Diog.
1145 3209 1170 3262 X
1191 3209 1241 3262 149
1267 3227 1292 3278 p.
1314 3209 1347 3263 λλ
1367 3207 1412 3262 Us.

293 3311 346 3352 τῶν
371 3303 530 3371 ἐπιθυμιῶν
554 3303 584 3352 αἱ
608 3305 661 3369 μέν
679 3304 733 3354 εἰσι
753 3305 869 3370 φυσικαὶ
884 3283 952 3362 <xci
973 3303 1138 3368 ἀναγκαῖαι,
1169 3303 1199 3352 αἱ
1217 3299 1249 3352 δὲ
1269 3299 1407 3368 φυσικαὶ)

292 3393 337 3440 καὶ
358 3390 590 3457 οὐκάναγκαῖον,
620 3393 650 3441 αἴ
669 3389 700 3441 δὲ
726 3393 786 3441 οὔτε
814 3394 929 3459 φυσικαὶ
956 3393 1017 3441 οὔτε
1046 3391 1209 3456 ἀναγκαῖαι,
1239 3388 1308 3438 ἀλλά
1339 3388 1412 3457 παρά

292 3477 370 3542 κενὴν
398 3478 485 3537 δόξαν
512 3479 664 3549 γινόμεναι.
703 3475 804 3540 Quibus
828 3477 877 3528 hoc
901 3476 1016 3529 scholion
1045 3476 1189 3528 adiectum:
1220 3477 1341 3545 φυσικάς
1368 3480 1412 3528 καὶ

293 3567 446 3633 ἀναγκαίας
466 3568 571 3632 ἡγεῖται
591 3563 783 3636 όἘπίκουρος
809 3568 857 3626 τάς
876 3566 1032 3634 ἀλγηδόνας
1052 3567 1242 3626 ἀπολυούσας,
1273 3565 1308 3623 ὡς
1328 3565 1415 3616 ποτόν·

293 3656 340 3706 ἐπὶ
359 3653 474 3719 δίψους
505 3657 633 3724 φυσικάς
649 3655 680 3708 δὲ
704 3659 750 3707 ναὶ
777 3657 825 3708 οὐκ
854 3657 1006 3724 ἀναγκαίας
1032 3656 1080 3714 τάς
1106 3655 1302 3712 ποικιλλούσας
1326 3655 1413 3724 μόνον

293 3743 342 3808 τὴν
360 3743 468 3808 ἡδονήν,
487 3745 527 3815 μὴ
548 3745 784 3817 ὑπεξαιρουμένοις
804 3744 834 3796 δὲ
855 3746 885 3795 τό
901 3747 1019 3815 ίίλγημα,
1039 3745 1074 3803 ὡς
1088 3744 1223 3808 πολυτελῆ
1243 3748 1331 3794 σιτία·
1353 3745 1412 3794 οὔτε

293 3831 324 3884 δὲ
350 3834 469 3902 φυσικάς
496 3829 555 3883 οὔτ’
573 3834 739 3900 ἀναγκαίας,
769 3835 803 3892 ὡς
823 3836 978 3902 στεφάνους
1001 3837 1048 3884 καὶ
1068 3831 1240 3901 ἀνδριάντων
1259 3833 1410 3888 ἀναθέσεις.

292 3920 457 3972 Postremum
476 3935 560 3987 genus
579 3921 735 3988 aspernatur
749 3921 861 3989 sapione,
881 3920 1024 3972 secundum
1042 3919 1170 3982 admittit,
1190 3918 1237 3971 sed
1255 3918 1295 3971 ita
1313 3922 1345 3971 ut
1358 3917 1411 3970 eine

292 4009 324 4061 iis
349 4027 406 4062 esse
431 4010 530 4078 possit:
558 4008 661 4077 Epicur.
681 4008 765 4078 Epist.
784 4009 823 4060 ΙΠ
847 4025 887 4078 ap.
907 4009 983 4076 Diog.
1003 4009 1027 4061 X
1048 4008 1100 4061 130
1118 4025 1143 4077 p.
1164 4009 1198 4061 63
1222 4007 1269 4060 Us.
1295 4012 1343 4060 καὶ
1366 4008 1412 4070 τὴν

122 4123 266 4173 temperanti„
295 4101 456 4168 αὐτάρκειαν
482 4099 512 4151 δὲ
538 4099 649 4165 ἀγαθὸν
671 4103 745 4169 μίγα
769 4101 929 4170 νομίζομεν,
960 4101 1010 4168 οὐχ
1029 4101 1074 4150 ἵνα
1100 4101 1211 4158 πάντως
1235 4103 1295 4156 τοῖς
1313 4098 1412 4164 ὀλίγοις

289 4188 433 4258 χρώμεθα,
454 4182 516 4239 ἀλλ’
534 4187 615 4248 ὅπως,
635 4188 684 4240 ἐὰν
701 4188 741 4258 μὴ
760 4188 867 4258 ἔχωμεν
885 4189 919 4239 τὰ
940 4189 1036 4250 πολλά,
1056 4193 1114 4246 τοῖς
1133 4189 1237 4255 ὀλίγοις
1257 4187 1409 4258 ἀρκώμεθα,

294 4281 474 4346 πεπεισμένοι
499 4281 618 4343 γνησίως
649 4276 692 4327 ὅτι
716 4275 816 4341 ἥδιστα
847 4279 1023 4335 πολυτελείας
1053 4277 1246 4328 ἀπολαύουσιν
1273 4277 1300 4326 οἱ
1318 4276 1410 4339 ἥκιστα

293 4365 392 4428 ταύτης
411 4364 546 4435 δεόμενοι.
584 4362 669 4427 Quare
688 4364 827 4432 ingruente
845 4364 1003 4416 necessitate
1023 4364 1126 4433 sapiens
1145 4363 1228 4432 primo
1247 4363 1409 4432 voluptatum

291 4467 386 4516 genero
406 4452 461 4504 eolo
475 4455 616 4505 contentus
634 4453 714 4506 etiarn
738 4455 776 4506 sic
794 4453 946 4506 felicitatem
966 4453 1016 4506 sibi
1031 4468 1179 4522 comparare
1198 4452 1292 4504 callet:
1312 4449 1408 4504 Aelian.
