<?xml version="1.0" encoding="UTF-8"?>
<!DOCTYPE html PUBLIC "-//W3C//DTD XHTML 1.0 Transitional//EN"
    "http://www.w3.org/TR/xhtml1/DTD/xhtml1-transitional.dtd">
<html xmlns="http://www.w3.org/1999/xhtml" xml:lang="en" lang="en">
 <head>
  <title>
</title>
<meta http-equiv="Content-Type" content="text/html;charset=utf-8" />
  <meta name='ocr-system' content='tesseract 3.04.00' />
  <meta name='ocr-capabilities' content='ocr_page ocr_carea ocr_par ocr_line ocrx_word'/>
</head>
<body>
  <div class='ocr_page' id='page_1' title='image "./historiaphiloso00rittgoog_0025.png"; bbox 0 0 3150 4996; ppageno 0'>
   <div class='ocr_carea' id='block_1_1' title="bbox 628 318 1294 379">
    <p class='ocr_par' dir='ltr' id='par_1_1' title="bbox 628 318 1294 379">
     <span class='ocr_line' id='line_1_1' title="bbox 628 318 1294 379; baseline 0.006 -6"><span class='ocrx_word' id='word_1_1' title='bbox 628 319 830 374; x_wconf 79' lang='lat' dir='ltr'><strong>Anaximander.</strong></span> <span class='ocrx_word' id='word_1_2' title='bbox 1258 318 1294 379; x_wconf 80' lang='grc'>15</span> 
     </span>
    </p>
   </div>
   <div class='ocr_carea' id='block_1_2' title="bbox 161 479 1398 4120">
    <p class='ocr_par' dir='ltr' id='par_1_2' title="bbox 172 479 1291 637">
     <span class='ocr_line' id='line_1_2' title="bbox 173 479 1291 550; baseline 0 -16"><span class='ocrx_word' id='word_1_3' title='bbox 173 480 273 534; x_wconf 79' lang='lat' dir='ltr'><strong>Contra</strong></span> <span class='ocrx_word' id='word_1_4' title='bbox 287 480 353 549; x_wconf 84' lang='lat' dir='ltr'><strong>disp.</strong></span> <span class='ocrx_word' id='word_1_5' title='bbox 385 480 463 542; x_wconf 88' lang='lat' dir='ltr'><strong>Kem,</strong></span> <span class='ocrx_word' id='word_1_6' title='bbox 483 481 573 534; x_wconf 79' lang='lat' dir='ltr'><strong>Bettr.</strong></span> <span class='ocrx_word' id='word_1_7' title='bbox 593 497 614 533; x_wconf 81' lang='grc' dir='ltr'><strong>ι.</strong></span> <span class='ocrx_word' id='word_1_8' title='bbox 634 479 732 533; x_wconf 80' lang='lat' dir='ltr'><strong>Daret.</strong></span> <span class='ocrx_word' id='word_1_9' title='bbox 751 480 779 533; x_wconf 85' lang='lat' dir='ltr'><strong>d.</strong></span> <span class='ocrx_word' id='word_1_10' title='bbox 794 480 867 534; x_wconf 76' lang='lat' dir='ltr'><strong>Pau.</strong></span> <span class='ocrx_word' id='word_1_11' title='bbox 883 480 909 534; x_wconf 87' lang='lat' dir='ltr'><strong>d.</strong></span> <span class='ocrx_word' id='word_1_12' title='bbox 920 481 1114 549; x_wconf 76' lang='lat' dir='ltr'><strong>Xenophanes,</strong></span> <span class='ocrx_word' id='word_1_13' title='bbox 1133 495 1219 549; x_wconf 87' lang='lat' dir='ltr'>progr.</span> <span class='ocrx_word' id='word_1_14' title='bbox 1238 497 1291 550; x_wconf 70' lang='lat' dir='ltr'><strong>gy„</strong></span> 
     </span>
     <span class='ocr_line' id='line_1_3' title="bbox 172 567 1070 637; baseline -0.001 -14"><span class='ocrx_word' id='word_1_15' title='bbox 172 569 278 637; x_wconf 88' lang='lat' dir='ltr'><strong>Danzig</strong></span> <span class='ocrx_word' id='word_1_16' title='bbox 297 569 375 624; x_wconf 78' lang='grc'>1871.</span> <span class='ocrx_word' id='word_1_17' title='bbox 413 568 582 622; x_wconf 88' lang='lat' dir='ltr'><strong>Neuhaeuser</strong></span> <span class='ocrx_word' id='word_1_18' title='bbox 601 569 745 622; x_wconf 72' lang='lat' dir='ltr'><strong>ero-273.</strong></span> <span class='ocrx_word' id='word_1_19' title='bbox 781 568 820 622; x_wconf 87' lang='lat' dir='ltr'><strong>At</strong></span> <span class='ocrx_word' id='word_1_20' title='bbox 838 567 870 623; x_wconf 89' lang='lat' dir='ltr'><strong>of.</strong></span> <span class='ocrx_word' id='word_1_21' title='bbox 890 568 993 636; x_wconf 85' lang='lat' dir='ltr'><strong>Natorp</strong></span> <span class='ocrx_word' id='word_1_22' title='bbox 1011 570 1029 622; x_wconf 93' lang='lat'><strong>1.</strong></span> <span class='ocrx_word' id='word_1_23' title='bbox 1049 587 1070 622; x_wconf 89' lang='lat' dir='ltr'><strong>o.</strong></span> 
     </span>
    </p>

    <p class='ocr_par' dir='ltr' id='par_1_3' title="bbox 169 655 1291 1526">
     <span class='ocr_line' id='line_1_4' title="bbox 244 655 1291 727; baseline 0.002 -17"><span class='ocrx_word' id='word_1_24' title='bbox 244 655 283 711; x_wconf 92' lang='lat' dir='ltr'><strong>Ob</strong></span> <span class='ocrx_word' id='word_1_25' title='bbox 302 655 329 710; x_wconf 92' lang='lat' dir='ltr'><strong>id</strong></span> <span class='ocrx_word' id='word_1_26' title='bbox 353 657 454 725; x_wconf 89' lang='lat' dir='ltr'><strong>ipsum,</strong></span> <span class='ocrx_word' id='word_1_27' title='bbox 484 655 553 726; x_wconf 90' lang='lat' dir='ltr'><strong>quod</strong></span> <span class='ocrx_word' id='word_1_28' title='bbox 577 657 713 711; x_wconf 88' lang='lat' dir='ltr'><strong>infinitum</strong></span> <span class='ocrx_word' id='word_1_29' title='bbox 731 673 813 725; x_wconf 89' lang='lat' dir='ltr'><strong>neque</strong></span> <span class='ocrx_word' id='word_1_30' title='bbox 831 673 913 710; x_wconf 89' lang='lat' dir='ltr'><strong>unum</strong></span> <span class='ocrx_word' id='word_1_31' title='bbox 932 673 961 710; x_wconf 87' lang='lat' dir='ltr'><strong>ex</strong></span> <span class='ocrx_word' id='word_1_32' title='bbox 979 657 1115 711; x_wconf 87' lang='lat' dir='ltr'><strong>elementis</strong></span> <span class='ocrx_word' id='word_1_33' title='bbox 1138 660 1229 727; x_wconf 84' lang='lat' dir='ltr'><strong>postea</strong></span> <span class='ocrx_word' id='word_1_34' title='bbox 1247 658 1291 712; x_wconf 90' lang='lat' dir='ltr'><strong>de·</strong></span> 
     </span>
     <span class='ocr_line' id='line_1_5' title="bbox 172 745 1290 815; baseline 0.003 -17"><span class='ocrx_word' id='word_1_35' title='bbox 172 745 256 799; x_wconf 86' lang='lat' dir='ltr'><strong>finitis</strong></span> <span class='ocrx_word' id='word_1_36' title='bbox 274 762 356 814; x_wconf 89' lang='lat' dir='ltr'><strong>neque</strong></span> <span class='ocrx_word' id='word_1_37' title='bbox 374 747 443 800; x_wconf 91' lang='lat' dir='ltr'><strong>iuter</strong></span> <span class='ocrx_word' id='word_1_38' title='bbox 462 745 512 798; x_wconf 93' lang='lat' dir='ltr'><strong>duo</strong></span> <span class='ocrx_word' id='word_1_39' title='bbox 531 746 568 799; x_wconf 93' lang='lat' dir='ltr'><strong>sit</strong></span> <span class='ocrx_word' id='word_1_40' title='bbox 586 745 700 798; x_wconf 89' lang='lat' dir='ltr'><strong>medium</strong></span> <span class='ocrx_word' id='word_1_41' title='bbox 719 745 853 814; x_wconf 80' lang='lat' dir='ltr'>quiddam,</span> <span class='ocrx_word' id='word_1_42' title='bbox 872 747 1050 815; x_wconf 76' lang='lat' dir='ltr'><strong>praetermitti</strong></span> <span class='ocrx_word' id='word_1_43' title='bbox 1063 747 1290 802; x_wconf 81' lang='lat' dir='ltr'><strong>Anaximandrum</strong></span> 
     </span>
     <span class='ocr_line' id='line_1_6' title="bbox 171 834 1290 904; baseline 0.002 -16"><span class='ocrx_word' id='word_1_44' title='bbox 171 835 200 888; x_wconf 87' lang='lat' dir='ltr'><strong>in</strong></span> <span class='ocrx_word' id='word_1_45' title='bbox 218 834 299 888; x_wconf 86' lang='lat' dir='ltr'><strong>Arist.</strong></span> <span class='ocrx_word' id='word_1_46' title='bbox 319 835 435 904; x_wconf 87' lang='lat' dir='ltr'><strong>Metaph.</strong></span> <span class='ocrx_word' id='word_1_47' title='bbox 455 835 469 888; x_wconf 95' lang='lat' dir='ltr'>I</span> <span class='ocrx_word' id='word_1_48' title='bbox 488 851 544 903; x_wconf 83' lang='lat' dir='ltr'><strong>cap.</strong></span> <span class='ocrx_word' id='word_1_49' title='bbox 564 836 651 901; x_wconf 86' lang='lat' dir='ltr'><strong>tertio,</strong></span> <span class='ocrx_word' id='word_1_50' title='bbox 671 834 736 889; x_wconf 87' lang='lat' dir='ltr'><strong>dioit</strong></span> <span class='ocrx_word' id='word_1_51' title='bbox 751 835 778 888; x_wconf 87' lang='lat' dir='ltr'><strong>Z.</strong></span> <span class='ocrx_word' id='word_1_52' title='bbox 792 834 825 888; x_wconf 71' lang='grc' dir='ltr'><strong>Ι4</strong></span> <span class='ocrx_word' id='word_1_53' title='bbox 843 836 903 890; x_wconf 81' lang='grc'>201.</span> <span class='ocrx_word' id='word_1_54' title='bbox 941 835 983 888; x_wconf 90' lang='lat' dir='ltr'><strong>Ad</strong></span> <span class='ocrx_word' id='word_1_55' title='bbox 1002 835 1110 889; x_wconf 88' lang='lat' dir='ltr'><strong>eundem</strong></span> <span class='ocrx_word' id='word_1_56' title='bbox 1128 837 1290 890; x_wconf 84' lang='lat' dir='ltr'><strong>referendum</strong></span> 
     </span>
     <span class='ocr_line' id='line_1_7' title="bbox 171 911 1289 996; baseline 0 -20"><span class='ocrx_word' id='word_1_57' title='bbox 171 939 226 977; x_wconf 82' lang='lat' dir='ltr'><strong>esse</strong></span> <span class='ocrx_word' id='word_1_58' title='bbox 245 922 431 993; x_wconf 84' lang='lat' dir='ltr'>Phys.1115.</span> <span class='ocrx_word' id='word_1_59' title='bbox 450 923 584 978; x_wconf 68' lang='lat'><strong>2041222:</strong></span> <span class='ocrx_word' id='word_1_60' title='bbox 609 921 677 974; x_wconf 77' lang='grc' dir='ltr'><strong><em>α’λλοέ</em></strong></span> <span class='ocrx_word' id='word_1_61' title='bbox 700 921 757 993; x_wconf 72' lang='grc' dir='ltr'><strong>μὴν</strong></span> <span class='ocrx_word' id='word_1_62' title='bbox 781 919 848 976; x_wconf 68' lang='grc' dir='ltr'><strong>οὐδὲ</strong></span> <span class='ocrx_word' id='word_1_63' title='bbox 870 922 901 975; x_wconf 84' lang='grc' dir='ltr'><strong>ἓν</strong></span> <span class='ocrx_word' id='word_1_64' title='bbox 926 927 971 975; x_wconf 80' lang='grc' dir='ltr'><strong><em>καὶ</em></strong></span> <span class='ocrx_word' id='word_1_65' title='bbox 995 923 1100 976; x_wconf 77' lang='grc' dir='ltr'><strong><em>ἁπλοῦν</em></strong></span> <span class='ocrx_word' id='word_1_66' title='bbox 1119 911 1189 976; x_wconf 77' lang='grc' dir='ltr'><strong><em>εἶναι</em></strong></span> <span class='ocrx_word' id='word_1_67' title='bbox 1208 929 1289 996; x_wconf 78' lang='grc' dir='ltr'><strong><em>σῶμα</em></strong></span> 
     </span>
     <span class='ocr_line' id='line_1_8' title="bbox 169 1003 1290 1083; baseline 0 -20"><span class='ocrx_word' id='word_1_68' title='bbox 169 1005 286 1080; x_wconf 77' lang='grc' dir='ltr'><strong><em>οἷ’πειρον</em></strong></span> <span class='ocrx_word' id='word_1_69' title='bbox 304 1011 462 1081; x_wconf 75' lang='grc' dir='ltr'><strong><em>ἐνδέχεται,</em></strong></span> <span class='ocrx_word' id='word_1_70' title='bbox 489 1011 551 1063; x_wconf 70' lang='grc' dir='ltr'><strong><em>οὔτε</em></strong></span> <span class='ocrx_word' id='word_1_71' title='bbox 574 1013 609 1070; x_wconf 78' lang='grc' dir='ltr'><strong>ολς</strong></span> <span class='ocrx_word' id='word_1_72' title='bbox 628 1011 741 1080; x_wconf 85' lang='grc' dir='ltr'><strong><em>λέγουσί</em></strong></span> <span class='ocrx_word' id='word_1_73' title='bbox 763 1027 832 1070; x_wconf 89' lang='grc' dir='ltr'><strong><em>τινες</em></strong></span> <span class='ocrx_word' id='word_1_74' title='bbox 850 1009 882 1063; x_wconf 77' lang='grc' dir='ltr'><strong>τό</strong></span> <span class='ocrx_word' id='word_1_75' title='bbox 900 1012 976 1083; x_wconf 76' lang='grc' dir='ltr'><strong><em>πυροὶ</em></strong></span> <span class='ocrx_word' id='word_1_76' title='bbox 995 1013 1028 1064; x_wconf 76' lang='lat' dir='ltr'><strong>rei</strong></span> <span class='ocrx_word' id='word_1_77' title='bbox 1046 1019 1178 1081; x_wconf 81' lang='grc' dir='ltr'><strong><em>στοιχεῖα,</em></strong></span> <span class='ocrx_word' id='word_1_78' title='bbox 1206 1009 1235 1074; x_wconf 79' lang='grc' dir='ltr'><strong>ἐξ</strong></span> <span class='ocrx_word' id='word_1_79' title='bbox 1255 1003 1290 1064; x_wconf 76' lang='lat' dir='ltr'><strong>ori</strong></span> 
     </span>
     <span class='ocr_line' id='line_1_9' title="bbox 171 1097 1289 1168; baseline 0 -16"><span class='ocrx_word' id='word_1_80' title='bbox 171 1103 257 1152; x_wconf 78' lang='grc' dir='ltr'><strong><em>ταῦτα</em></strong></span> <span class='ocrx_word' id='word_1_81' title='bbox 275 1103 421 1168; x_wconf 81' lang='grc' dir='ltr'><em>γεννῶσιν,</em></span> <span class='ocrx_word' id='word_1_82' title='bbox 439 1099 501 1152; x_wconf 74' lang='grc' dir='ltr'><strong>οὗθ’</strong></span> <span class='ocrx_word' id='word_1_83' title='bbox 519 1099 619 1158; x_wconf 69' lang='grc' dir='ltr'><strong><em>ἁπλοῖς.</em></strong></span> <span class='ocrx_word' id='word_1_84' title='bbox 645 1103 698 1152; x_wconf 74' lang='lat' dir='ltr'><strong>etot</strong></span> <span class='ocrx_word' id='word_1_85' title='bbox 721 1099 776 1168; x_wconf 78' lang='grc' dir='ltr'><strong>γάρ</strong></span> <span class='ocrx_word' id='word_1_86' title='bbox 802 1117 874 1160; x_wconf 91' lang='grc' dir='ltr'><strong><em>τινες</em></strong></span> <span class='ocrx_word' id='word_1_87' title='bbox 892 1102 919 1152; x_wconf 83' lang='lat' dir='ltr'><strong>ot&#39;</strong></span> <span class='ocrx_word' id='word_1_88' title='bbox 936 1105 1017 1153; x_wconf 78' lang='grc' dir='ltr'><strong><em>τοῖτο</em></strong></span> <span class='ocrx_word' id='word_1_89' title='bbox 1036 1105 1144 1154; x_wconf 78' lang='grc' dir='ltr'><strong><em>ποιοῦσι</em></strong></span> <span class='ocrx_word' id='word_1_90' title='bbox 1163 1099 1195 1152; x_wconf 78' lang='grc' dir='ltr'><strong>τᾶ</strong></span> <span class='ocrx_word' id='word_1_91' title='bbox 1212 1097 1289 1152; x_wconf 78' lang='grc' dir='ltr'><strong><em>ἄπει-</em></strong></span> 
     </span>
     <span class='ocr_line' id='line_1_10' title="bbox 172 1179 1289 1259; baseline 0.001 -20"><span class='ocrx_word' id='word_1_92' title='bbox 172 1205 228 1256; x_wconf 87' lang='grc' dir='ltr'><strong><em>ρον,</em></strong></span> <span class='ocrx_word' id='word_1_93' title='bbox 246 1183 305 1238; x_wconf 76' lang='grc' dir='ltr'><strong><em>αλλ’</em></strong></span> <span class='ocrx_word' id='word_1_94' title='bbox 322 1183 372 1240; x_wconf 78' lang='grc' dir='ltr'><strong>ουίι</strong></span> <span class='ocrx_word' id='word_1_95' title='bbox 389 1187 456 1256; x_wconf 81' lang='grc' dir='ltr'><strong><em>α’ίρα</em></strong></span> <span class='ocrx_word' id='word_1_96' title='bbox 475 1187 491 1253; x_wconf 76' lang='grc' dir='ltr'><em>ἢ</em></span> <span class='ocrx_word' id='word_1_97' title='bbox 509 1185 600 1257; x_wconf 65' lang='grc' dir='ltr'><strong><em>ὕδωρ,</em></strong></span> <span class='ocrx_word' id='word_1_98' title='bbox 627 1190 664 1248; x_wconf 72' lang='grc' dir='ltr'><strong>οἷς</strong></span> <span class='ocrx_word' id='word_1_99' title='bbox 682 1188 721 1259; x_wconf 78' lang='grc' dir='ltr'><em>μή</em></span> <span class='ocrx_word' id='word_1_100' title='bbox 748 1179 834 1241; x_wconf 71' lang='grc' dir='ltr'><strong><em>τᾶλλα</em></strong></span> <span class='ocrx_word' id='word_1_101' title='bbox 853 1193 1001 1259; x_wconf 75' lang='grc' dir='ltr'><strong><em>φθείρηται</em></strong></span> <span class='ocrx_word' id='word_1_102' title='bbox 1027 1190 1082 1242; x_wconf 75' lang='grc' dir='ltr'><strong>ὑπο</strong></span> <span class='ocrx_word' id='word_1_103' title='bbox 1104 1194 1154 1241; x_wconf 82' lang='grc' dir='ltr'><strong>τοῦ</strong></span> <span class='ocrx_word' id='word_1_104' title='bbox 1176 1185 1289 1258; x_wconf 78' lang='grc' dir='ltr'><strong><em>α’πείρου</em></strong></span> 
     </span>
     <span class='ocr_line' id='line_1_11' title="bbox 171 1269 1289 1350; baseline 0.001 -22"><span class='ocrx_word' id='word_1_105' title='bbox 171 1273 279 1329; x_wconf 72' lang='lat' dir='ltr'><strong>adreio·</strong></span> <span class='ocrx_word' id='word_1_106' title='bbox 299 1273 390 1346; x_wconf 74' lang='grc' dir='ltr'><strong><em>ἔχουσι</em></strong></span> <span class='ocrx_word' id='word_1_107' title='bbox 407 1276 463 1346; x_wconf 77' lang='grc' dir='ltr'><strong>γείρ</strong></span> <span class='ocrx_word' id='word_1_108' title='bbox 482 1275 552 1345; x_wconf 76' lang='grc' dir='ltr'><strong><em>πρὸς</em></strong></span> <span class='ocrx_word' id='word_1_109' title='bbox 570 1275 671 1340; x_wconf 77' lang='grc' dir='ltr'><strong><em>ἄλληλα</em></strong></span> <span class='ocrx_word' id='word_1_110' title='bbox 690 1277 859 1346; x_wconf 81' lang='grc' dir='ltr'><strong><em>ἐναντίωσιν,</em></strong></span> <span class='ocrx_word' id='word_1_111' title='bbox 877 1269 936 1330; x_wconf 84' lang='grc' dir='ltr'><strong><em>οἷον</em></strong></span> <span class='ocrx_word' id='word_1_112' title='bbox 954 1279 969 1329; x_wconf 81' lang='grc' dir='ltr'><em>ὁ</em></span> <span class='ocrx_word' id='word_1_113' title='bbox 988 1278 1040 1349; x_wconf 76' lang='grc' dir='ltr'><strong>μὲν</strong></span> <span class='ocrx_word' id='word_1_114' title='bbox 1058 1275 1109 1350; x_wconf 75' lang='grc' dir='ltr'><strong><em>α’ὴρ</em></strong></span> <span class='ocrx_word' id='word_1_115' title='bbox 1124 1276 1239 1348; x_wconf 81' lang='grc' dir='ltr'><strong><em>ψυχρός,</em></strong></span> <span class='ocrx_word' id='word_1_116' title='bbox 1257 1277 1289 1330; x_wconf 70' lang='lat' dir='ltr'><strong>to*</strong></span> 
     </span>
     <span class='ocr_line' id='line_1_12' title="bbox 171 1355 1288 1438; baseline 0.003 -22"><span class='ocrx_word' id='word_1_117' title='bbox 171 1363 198 1416; x_wconf 72' lang='grc' dir='ltr'><strong>δ’</strong></span> <span class='ocrx_word' id='word_1_118' title='bbox 215 1363 295 1437; x_wconf 67' lang='grc' dir='ltr'><strong>ὕδωρ</strong></span> <span class='ocrx_word' id='word_1_119' title='bbox 316 1361 412 1436; x_wconf 79' lang='grc' dir='ltr'><strong><em>ὑγρόν,</em></strong></span> <span class='ocrx_word' id='word_1_120' title='bbox 430 1363 461 1418; x_wconf 83' lang='grc' dir='ltr'><strong>τδ</strong></span> <span class='ocrx_word' id='word_1_121' title='bbox 480 1365 512 1417; x_wconf 76' lang='grc' dir='ltr'><strong>δὲ</strong></span> <span class='ocrx_word' id='word_1_122' title='bbox 530 1369 586 1436; x_wconf 80' lang='grc' dir='ltr'><strong>πῦρ</strong></span> <span class='ocrx_word' id='word_1_123' title='bbox 606 1365 729 1435; x_wconf 73' lang='grc' dir='ltr'><strong><em>θερμόν·</em></strong></span> <span class='ocrx_word' id='word_1_124' title='bbox 749 1357 790 1418; x_wconf 73' lang='grc' dir='ltr'><strong>οἷν</strong></span> <span class='ocrx_word' id='word_1_125' title='bbox 815 1370 840 1418; x_wconf 83' lang='grc' dir='ltr'><strong>εἰ</strong></span> <span class='ocrx_word' id='word_1_126' title='bbox 858 1355 891 1432; x_wconf 67' lang='grc' dir='ltr'><strong>ἦν</strong></span> <span class='ocrx_word' id='word_1_127' title='bbox 911 1366 940 1419; x_wconf 80' lang='grc' dir='ltr'><strong>ἓν</strong></span> <span class='ocrx_word' id='word_1_128' title='bbox 959 1364 1082 1438; x_wconf 75' lang='grc' dir='ltr'><strong><em>ἄπειρον,</em></strong></span> <span class='ocrx_word' id='word_1_129' title='bbox 1108 1364 1235 1438; x_wconf 71' lang='grc' dir='ltr'><strong><em>ἔφθαρτο</em></strong></span> <span class='ocrx_word' id='word_1_130' title='bbox 1254 1365 1288 1419; x_wconf 79' lang='grc' dir='ltr'><strong>ἄν</strong></span> 
     </span>
     <span class='ocr_line' id='line_1_13' title="bbox 170 1442 968 1526; baseline 0.004 -20"><span class='ocrx_word' id='word_1_131' title='bbox 170 1451 222 1518; x_wconf 71' lang='grc' dir='ltr'><strong>ἤδη</strong></span> <span class='ocrx_word' id='word_1_132' title='bbox 239 1447 338 1507; x_wconf 83' lang='grc' dir='ltr'><strong><em>τᾶλλα·</em></strong></span> <span class='ocrx_word' id='word_1_133' title='bbox 358 1459 409 1507; x_wconf 86' lang='grc' dir='ltr'><strong>νῦν</strong></span> <span class='ocrx_word' id='word_1_134' title='bbox 429 1451 456 1506; x_wconf 83' lang='lat' dir='ltr'><strong>d&#39;</strong></span> <span class='ocrx_word' id='word_1_135' title='bbox 469 1454 562 1526; x_wconf 82' lang='grc' dir='ltr'><strong><em>ἕτερον</em></strong></span> <span class='ocrx_word' id='word_1_136' title='bbox 581 1442 652 1507; x_wconf 76' lang='grc' dir='ltr'><strong><em>εἷναί</em></strong></span> <span class='ocrx_word' id='word_1_137' title='bbox 669 1473 756 1524; x_wconf 85' lang='grc' dir='ltr'><strong><em>φασιν</em></strong></span> <span class='ocrx_word' id='word_1_138' title='bbox 773 1457 803 1517; x_wconf 76' lang='grc' dir='ltr'><strong>ἐξ</strong></span> <span class='ocrx_word' id='word_1_139' title='bbox 822 1447 857 1507; x_wconf 71' lang='lat' dir='ltr'><strong>ori</strong></span> <span class='ocrx_word' id='word_1_140' title='bbox 875 1461 968 1510; x_wconf 80' lang='grc' dir='ltr'><strong><em>ταῦτα.</em></strong></span> 
     </span>
    </p>

    <p class='ocr_par' dir='ltr' id='par_1_4' title="bbox 241 1561 1398 1638">
     <span class='ocr_line' id='line_1_14' title="bbox 241 1561 1398 1638; baseline 0.002 -22.105"><span class='ocrx_word' id='word_1_141' title='bbox 241 1561 364 1618; x_wconf 74' lang='lat' dir='ltr'><strong>aCnm</strong></span> <span class='ocrx_word' id='word_1_142' title='bbox 384 1565 543 1632; x_wconf 84' lang='lat' dir='ltr'><strong>Anaxagora</strong></span> <span class='ocrx_word' id='word_1_143' title='bbox 558 1563 591 1617; x_wconf 90' lang='lat' dir='ltr'><strong>ab</strong></span> <span class='ocrx_word' id='word_1_144' title='bbox 610 1563 753 1618; x_wconf 86' lang='lat' dir='ltr'><strong>Aristotele</strong></span> <span class='ocrx_word' id='word_1_145' title='bbox 772 1565 941 1634; x_wconf 85' lang='lat' dir='ltr'><strong>coniungitur</strong></span> <span class='ocrx_word' id='word_1_146' title='bbox 954 1566 1017 1619; x_wconf 86' lang='lat' dir='ltr'><strong>Met.</strong></span> <span class='ocrx_word' id='word_1_147' title='bbox 1033 1564 1126 1618; x_wconf 77' lang='lat' dir='ltr'><strong>xlia.</strong></span> <span class='ocrx_word' id='word_1_148' title='bbox 1146 1563 1287 1618; x_wconf 79' lang='lat' dir='ltr'><strong>roeebla.</strong></span> <span class='ocrx_word' id='word_1_149' title='bbox 1308 1597 1398 1638; x_wconf 76' lang='lat' dir='ltr'><strong>Anaxa</strong></span> 
     </span>
    </p>

    <p class='ocr_par' dir='ltr' id='par_1_5' title="bbox 164 1645 1384 3136">
     <span class='ocr_line' id='line_1_15' title="bbox 171 1645 1370 1744; baseline 0.003 -44"><span class='ocrx_word' id='word_1_150' title='bbox 171 1645 241 1701; x_wconf 81' lang='grc' dir='ltr'><strong><em>ὥστε</em></strong></span> <span class='ocrx_word' id='word_1_151' title='bbox 259 1646 293 1701; x_wconf 76' lang='grc' dir='ltr'><strong>ου’</strong></span> <span class='ocrx_word' id='word_1_152' title='bbox 309 1651 397 1720; x_wconf 88' lang='grc' dir='ltr'><strong><em>μόνον</em></strong></span> <span class='ocrx_word' id='word_1_153' title='bbox 415 1650 484 1703; x_wconf 83' lang='grc' dir='ltr'><strong><em>κατα</em></strong></span> <span class='ocrx_word' id='word_1_154' title='bbox 503 1649 666 1722; x_wconf 83' lang='grc' dir='ltr'><strong><em>συμβεβηκος</em></strong></span> <span class='ocrx_word' id='word_1_155' title='bbox 685 1651 826 1720; x_wconf 73' lang='grc' dir='ltr'><strong><em>ἐνδέχεται</em></strong></span> <span class='ocrx_word' id='word_1_156' title='bbox 843 1657 992 1721; x_wconf 79' lang='grc' dir='ltr'><strong><em>γίγνεσθαι</em></strong></span> <span class='ocrx_word' id='word_1_157' title='bbox 1010 1652 1041 1704; x_wconf 80' lang='grc' dir='ltr'><strong>ἐκ</strong></span> <span class='ocrx_word' id='word_1_158' title='bbox 1058 1653 1097 1723; x_wconf 78' lang='grc' dir='ltr'><strong>μῆ</strong></span> <span class='ocrx_word' id='word_1_159' title='bbox 1115 1647 1205 1717; x_wconf 83' lang='grc' dir='ltr'><strong><em>ὄντος,</em></strong></span> <span class='ocrx_word' id='word_1_160' title='bbox 1223 1647 1291 1703; x_wconf 82' lang='grc' dir='ltr'><strong><em>οἷλλα</em></strong></span> <span class='ocrx_word' id='word_1_161' title='bbox 1305 1661 1370 1744; x_wconf 51' lang='lat'><strong>{33⁰</strong></span> 
     </span>
     <span class='ocr_line' id='line_1_16' title="bbox 170 1736 1393 1812; baseline 0.004 -24"><span class='ocrx_word' id='word_1_162' title='bbox 170 1740 215 1789; x_wconf 82' lang='grc' dir='ltr'><strong><em>καὶ</em></strong></span> <span class='ocrx_word' id='word_1_163' title='bbox 225 1736 280 1799; x_wconf 78' lang='grc' dir='ltr'><strong>ἐξ”</strong></span> <span class='ocrx_word' id='word_1_164' title='bbox 263 1758 343 1798; x_wconf 88' lang='grc' dir='ltr'><strong><em>οντος</em></strong></span> <span class='ocrx_word' id='word_1_165' title='bbox 351 1745 479 1809; x_wconf 87' lang='grc' dir='ltr'><strong><em>γίγνεται</em></strong></span> <span class='ocrx_word' id='word_1_166' title='bbox 488 1737 591 1804; x_wconf 72' lang='grc' dir='ltr'><strong><em>πάντα,</em></strong></span> <span class='ocrx_word' id='word_1_167' title='bbox 600 1741 620 1793; x_wconf 79' lang='grc' dir='ltr'><strong>ιλ</strong></span> <span class='ocrx_word' id='word_1_168' title='bbox 621 1757 720 1811; x_wconf 88' lang='grc' dir='ltr'><strong><em>υναμει</em></strong></span> <span class='ocrx_word' id='word_1_169' title='bbox 725 1757 821 1811; x_wconf 88' lang='grc' dir='ltr'><strong><em>μεντοι</em></strong></span> <span class='ocrx_word' id='word_1_170' title='bbox 828 1739 916 1805; x_wconf 79' lang='grc' dir='ltr'><strong><em>ὄντος,</em></strong></span> <span class='ocrx_word' id='word_1_171' title='bbox 926 1741 957 1793; x_wconf 81' lang='grc' dir='ltr'><strong>ἐκ</strong></span> <span class='ocrx_word' id='word_1_172' title='bbox 965 1741 1004 1811; x_wconf 70' lang='grc' dir='ltr'><strong>μὴ</strong></span> <span class='ocrx_word' id='word_1_173' title='bbox 1014 1739 1094 1801; x_wconf 77' lang='grc' dir='ltr'><strong><em>ὄντος</em></strong></span> <span class='ocrx_word' id='word_1_174' title='bbox 1105 1741 1138 1795; x_wconf 75' lang='grc' dir='ltr'><strong>δὲ</strong></span> <span class='ocrx_word' id='word_1_175' title='bbox 1147 1740 1285 1812; x_wconf 74' lang='grc' dir='ltr'><strong><em>ἐνεργείᾳ·</em></strong></span> <span class='ocrx_word' id='word_1_176' title='bbox 1295 1758 1393 1807; x_wconf 63' lang='lat' dir='ltr'><strong>paratur</strong></span> 
     </span>
     <span class='ocr_line' id='line_1_17' title="bbox 169 1823 1286 1902; baseline 0.006 -24"><span class='ocrx_word' id='word_1_177' title='bbox 169 1828 215 1878; x_wconf 82' lang='grc' dir='ltr'><strong><em>καὶ</em></strong></span> <span class='ocrx_word' id='word_1_178' title='bbox 234 1825 305 1880; x_wconf 83' lang='grc' dir='ltr'><strong><em>τοῦτ’</em></strong></span> <span class='ocrx_word' id='word_1_179' title='bbox 323 1825 378 1880; x_wconf 82' lang='grc' dir='ltr'><strong><em>ἔστι</em></strong></span> <span class='ocrx_word' id='word_1_180' title='bbox 397 1847 428 1880; x_wconf 88' lang='grc' dir='ltr'><strong>το</strong></span> <span class='ocrx_word' id='word_1_181' title='bbox 443 1823 649 1900; x_wconf 79' lang='grc' dir='ltr'><strong><em>Ἀναξαγόρου</em></strong></span> <span class='ocrx_word' id='word_1_182' title='bbox 640 1829 671 1882; x_wconf 84' lang='grc' dir='ltr'><strong>εν</strong></span> <span class='ocrx_word' id='word_1_183' title='bbox 689 1830 803 1899; x_wconf 83' lang='grc' dir='ltr'><strong><em>(βέλτιον</em></strong></span> <span class='ocrx_word' id='word_1_184' title='bbox 822 1830 878 1901; x_wconf 90' lang='grc' dir='ltr'><strong><em>γαρ</em></strong></span> <span class='ocrx_word' id='word_1_185' title='bbox 898 1825 999 1900; x_wconf 78' lang='grc' dir='ltr'><strong><em>ἢομου</em></strong></span> <span class='ocrx_word' id='word_1_186' title='bbox 1017 1830 1119 1900; x_wconf 79' lang='grc' dir='ltr'><strong><em>πάντα)</em></strong></span> <span class='ocrx_word' id='word_1_187' title='bbox 1133 1834 1178 1884; x_wconf 85' lang='grc' dir='ltr'><strong><em>καὶ</em></strong></span> <span class='ocrx_word' id='word_1_188' title='bbox 1193 1827 1286 1902; x_wconf 83' lang='grc' dir='ltr'><strong><em>Ἑμπε-</em></strong></span> 
     </span>
     <span class='ocr_line' id='line_1_18' title="bbox 170 1915 1286 1992; baseline 0.011 -26"><span class='ocrx_word' id='word_1_189' title='bbox 170 1915 299 1975; x_wconf 80' lang='grc' dir='ltr'><strong><em>ι1υκλέους</em></strong></span> <span class='ocrx_word' id='word_1_190' title='bbox 317 1915 349 1969; x_wconf 75' lang='grc' dir='ltr'><strong>τό</strong></span> <span class='ocrx_word' id='word_1_191' title='bbox 361 1924 456 1988; x_wconf 85' lang='grc' dir='ltr'><strong><em>μῖγμα</em></strong></span> <span class='ocrx_word' id='word_1_192' title='bbox 466 1921 510 1970; x_wconf 77' lang='grc' dir='ltr'><strong><em>καὶ</em></strong></span> <span class='ocrx_word' id='word_1_193' title='bbox 520 1917 742 1989; x_wconf 76' lang='grc' dir='ltr'><strong><em>Ἀναξιμάνδρου.</em></strong></span> <span class='ocrx_word' id='word_1_194' title='bbox 779 1921 888 1974; x_wconf 88' lang='lat' dir='ltr'><strong>Laxiore</strong></span> <span class='ocrx_word' id='word_1_195' title='bbox 906 1922 1044 1976; x_wconf 85' lang='lat' dir='ltr'><strong>iuncturae</strong></span> <span class='ocrx_word' id='word_1_196' title='bbox 1055 1938 1146 1991; x_wconf 84' lang='lat' dir='ltr'><strong>genere</strong></span> <span class='ocrx_word' id='word_1_197' title='bbox 1165 1922 1286 1992; x_wconf 87' lang='lat' dir='ltr'><strong>(zeugma</strong></span> 
     </span>
     <span class='ocr_line' id='line_1_19' title="bbox 169 2006 1286 2082; baseline 0.005 -24"><span class='ocrx_word' id='word_1_198' title='bbox 169 2006 339 2073; x_wconf 85' lang='lat' dir='ltr'><strong>grammatici</strong></span> <span class='ocrx_word' id='word_1_199' title='bbox 362 2007 468 2074; x_wconf 81' lang='lat' dir='ltr'><strong>vocant)</strong></span> <span class='ocrx_word' id='word_1_200' title='bbox 494 2008 644 2077; x_wconf 81' lang='lat' dir='ltr'><strong>Empedocli</strong></span> <span class='ocrx_word' id='word_1_201' title='bbox 668 2008 893 2063; x_wconf 81' lang='lat' dir='ltr'><strong>Anaximandrum</strong></span> <span class='ocrx_word' id='word_1_202' title='bbox 917 2009 1048 2074; x_wconf 88' lang='lat' dir='ltr'><strong>adseruit,</strong></span> <span class='ocrx_word' id='word_1_203' title='bbox 1073 2012 1147 2065; x_wconf 86' lang='lat' dir='ltr'><strong>ouius</strong></span> <span class='ocrx_word' id='word_1_204' title='bbox 1172 2008 1286 2082; x_wconf 73' lang='grc' dir='ltr'><strong><em>ἄπειρον</em></strong></span> 
     </span>
     <span class='ocr_line' id='line_1_20' title="bbox 170 2094 1286 2168; baseline 0.007 -22"><span class='ocrx_word' id='word_1_205' title='bbox 170 2094 238 2162; x_wconf 85' lang='lat' dir='ltr'><strong>quod</strong></span> <span class='ocrx_word' id='word_1_206' title='bbox 256 2099 378 2164; x_wconf 82' lang='grc' dir='ltr'><strong><em>μίγματι</em></strong></span> <span class='ocrx_word' id='word_1_207' title='bbox 396 2097 438 2150; x_wconf 91' lang='lat' dir='ltr'><strong>ilii</strong></span> <span class='ocrx_word' id='word_1_208' title='bbox 456 2099 560 2164; x_wconf 91' lang='lat' dir='ltr'><strong>propter</strong></span> <span class='ocrx_word' id='word_1_209' title='bbox 585 2097 717 2150; x_wconf 89' lang='lat' dir='ltr'><strong>unitatem</strong></span> <span class='ocrx_word' id='word_1_210' title='bbox 742 2098 829 2150; x_wconf 86' lang='lat' dir='ltr'><strong>simile</strong></span> <span class='ocrx_word' id='word_1_211' title='bbox 854 2098 967 2165; x_wconf 90' lang='lat' dir='ltr'><strong>quodam</strong></span> <span class='ocrx_word' id='word_1_212' title='bbox 991 2098 1067 2151; x_wconf 91' lang='lat' dir='ltr'><strong>modo</strong></span> <span class='ocrx_word' id='word_1_213' title='bbox 1091 2101 1208 2168; x_wconf 81' lang='lat' dir='ltr'><strong>ponitur,</strong></span> <span class='ocrx_word' id='word_1_214' title='bbox 1234 2117 1286 2154; x_wconf 92' lang='lat' dir='ltr'><strong>non</strong></span> 
     </span>
     <span class='ocr_line' id='line_1_21' title="bbox 169 2181 1285 2253; baseline 0.006 -19"><span class='ocrx_word' id='word_1_215' title='bbox 169 2181 261 2246; x_wconf 80' lang='lat' dir='ltr'><strong>officit,</strong></span> <span class='ocrx_word' id='word_1_216' title='bbox 275 2199 307 2236; x_wconf 91' lang='lat' dir='ltr'><strong>ne</strong></span> <span class='ocrx_word' id='word_1_217' title='bbox 321 2185 448 2237; x_wconf 90' lang='lat' dir='ltr'><strong>materiae</strong></span> <span class='ocrx_word' id='word_1_218' title='bbox 462 2186 559 2238; x_wconf 89' lang='lat' dir='ltr'><strong>natura</strong></span> <span class='ocrx_word' id='word_1_219' title='bbox 575 2184 739 2237; x_wconf 90' lang='lat' dir='ltr'><strong>vehementer</strong></span> <span class='ocrx_word' id='word_1_220' title='bbox 752 2184 882 2238; x_wconf 86' lang='lat' dir='ltr'><strong>differant.</strong></span> <span class='ocrx_word' id='word_1_221' title='bbox 910 2187 1104 2253; x_wconf 79' lang='lat' dir='ltr'><strong>Interpretatur</strong></span> <span class='ocrx_word' id='word_1_222' title='bbox 1116 2186 1186 2241; x_wconf 89' lang='lat' dir='ltr'><strong>huno</strong></span> <span class='ocrx_word' id='word_1_223' title='bbox 1199 2189 1285 2242; x_wconf 84' lang='lat' dir='ltr'><strong>locum</strong></span> 
     </span>
     <span class='ocr_line' id='line_1_22' title="bbox 169 2269 1285 2342; baseline 0.008 -21"><span class='ocrx_word' id='word_1_224' title='bbox 169 2269 252 2322; x_wconf 87' lang='lat' dir='ltr'><strong>Zeller</strong></span> <span class='ocrx_word' id='word_1_225' title='bbox 270 2270 302 2322; x_wconf 83' lang='lat'><strong>1⁴</strong></span> <span class='ocrx_word' id='word_1_226' title='bbox 321 2271 393 2324; x_wconf 79' lang='lat'>192¹.</span> <span class='ocrx_word' id='word_1_227' title='bbox 430 2271 516 2335; x_wconf 76' lang='lat' dir='ltr'><strong>Quam</strong></span> <span class='ocrx_word' id='word_1_228' title='bbox 541 2271 660 2324; x_wconf 86' lang='lat' dir='ltr'><strong>Ritterus</strong></span> <span class='ocrx_word' id='word_1_229' title='bbox 687 2273 751 2325; x_wconf 90' lang='lat' dir='ltr'><strong>olim</strong></span> <span class='ocrx_word' id='word_1_230' title='bbox 773 2275 891 2326; x_wconf 82' lang='lat' dir='ltr'><strong>moverat</strong></span> <span class='ocrx_word' id='word_1_231' title='bbox 909 2275 1095 2342; x_wconf 84' lang='lat' dir='ltr'><strong>quaestionem,</strong></span> <span class='ocrx_word' id='word_1_232' title='bbox 1114 2279 1215 2329; x_wconf 77' lang='lat' dir='ltr'><strong>essetne</strong></span> <span class='ocrx_word' id='word_1_233' title='bbox 1234 2277 1285 2332; x_wconf 87' lang='lat' dir='ltr'><strong>An.</strong></span> 
     </span>
     <span class='ocr_line' id='line_1_23' title="bbox 168 2357 1284 2437; baseline 0.008 -26"><span class='ocrx_word' id='word_1_234' title='bbox 168 2373 228 2411; x_wconf 88' lang='lat' dir='ltr'><strong>oum</strong></span> <span class='ocrx_word' id='word_1_235' title='bbox 246 2357 357 2412; x_wconf 81' lang='lat' dir='ltr'><strong>Thalete</strong></span> <span class='ocrx_word' id='word_1_236' title='bbox 375 2360 402 2412; x_wconf 89' lang='lat' dir='ltr'><strong>et</strong></span> <span class='ocrx_word' id='word_1_237' title='bbox 420 2357 585 2437; x_wconf 81' lang='lat' dir='ltr'><strong>Anaximene</strong></span> <span class='ocrx_word' id='word_1_238' title='bbox 598 2362 625 2413; x_wconf 88' lang='lat' dir='ltr'><strong>et</strong></span> <span class='ocrx_word' id='word_1_239' title='bbox 643 2360 786 2426; x_wconf 78' lang='lat' dir='ltr'><strong>Heraclito,</strong></span> <span class='ocrx_word' id='word_1_240' title='bbox 806 2377 870 2430; x_wconf 90' lang='lat' dir='ltr'><strong>quos</strong></span> <span class='ocrx_word' id='word_1_241' title='bbox 888 2359 1055 2431; x_wconf 78' lang='grc' dir='ltr'><strong><em>δυναμικούς</em></strong></span> <span class='ocrx_word' id='word_1_242' title='bbox 1079 2365 1135 2432; x_wconf 84' lang='lat' dir='ltr'><strong>ipse</strong></span> <span class='ocrx_word' id='word_1_243' title='bbox 1158 2366 1284 2434; x_wconf 89' lang='lat' dir='ltr'><strong>appellat,</strong></span> 
     </span>
     <span class='ocr_line' id='line_1_24' title="bbox 168 2445 1285 2520; baseline 0.008 -20"><span class='ocrx_word' id='word_1_244' title='bbox 168 2445 364 2514; x_wconf 82' lang='lat' dir='ltr'><strong>coniungendas</strong></span> <span class='ocrx_word' id='word_1_245' title='bbox 394 2464 428 2500; x_wconf 88' lang='lat' dir='ltr'><strong>an</strong></span> <span class='ocrx_word' id='word_1_246' title='bbox 457 2465 515 2502; x_wconf 86' lang='lat' dir='ltr'><strong>oum</strong></span> <span class='ocrx_word' id='word_1_247' title='bbox 543 2447 701 2518; x_wconf 83' lang='lat' dir='ltr'><strong>Anaxagora</strong></span> <span class='ocrx_word' id='word_1_248' title='bbox 728 2451 798 2504; x_wconf 88' lang='lat' dir='ltr'><strong>inter</strong></span> <span class='ocrx_word' id='word_1_249' title='bbox 825 2449 989 2520; x_wconf 81' lang='grc' dir='ltr'><strong><em>μηχανικους</em></strong></span> <span class='ocrx_word' id='word_1_250' title='bbox 1015 2451 1174 2518; x_wconf 85' lang='lat' dir='ltr'><strong>referendus,</strong></span> <span class='ocrx_word' id='word_1_251' title='bbox 1202 2455 1285 2509; x_wconf 89' lang='lat' dir='ltr'><strong>Zeller</strong></span> 
     </span>
     <span class='ocr_line' id='line_1_25' title="bbox 167 2535 1284 2610; baseline 0.009 -22"><span class='ocrx_word' id='word_1_252' title='bbox 167 2537 290 2588; x_wconf 78' lang='lat' dir='ltr'><strong>accurate</strong></span> <span class='ocrx_word' id='word_1_253' title='bbox 317 2535 723 2604; x_wconf 68' lang='lat' dir='ltr'><strong>pertractavit14&#39;188-135.</strong></span> <span class='ocrx_word' id='word_1_254' title='bbox 760 2539 851 2593; x_wconf 88' lang='lat' dir='ltr'><strong>Altero</strong></span> <span class='ocrx_word' id='word_1_255' title='bbox 875 2541 932 2594; x_wconf 87' lang='lat' dir='ltr'><strong>looo</strong></span> <span class='ocrx_word' id='word_1_256' title='bbox 956 2540 1112 2594; x_wconf 86' lang='lat' dir='ltr'><strong>Aristoteles</strong></span> <span class='ocrx_word' id='word_1_257' title='bbox 1136 2559 1199 2610; x_wconf 88' lang='lat' dir='ltr'><strong>quos</strong></span> <span class='ocrx_word' id='word_1_258' title='bbox 1224 2560 1284 2598; x_wconf 91' lang='lat' dir='ltr'><strong>oon-</strong></span> 
     </span>
     <span class='ocr_line' id='line_1_26' title="bbox 165 2623 1284 2700; baseline 0.007 -24"><span class='ocrx_word' id='word_1_259' title='bbox 165 2623 255 2692; x_wconf 87' lang='lat' dir='ltr'><strong>iungit</strong></span> <span class='ocrx_word' id='word_1_260' title='bbox 272 2623 375 2678; x_wconf 89' lang='lat' dir='ltr'><strong>eosdem</strong></span> <span class='ocrx_word' id='word_1_261' title='bbox 393 2625 524 2680; x_wconf 88' lang='lat' dir='ltr'><strong>evidenter</strong></span> <span class='ocrx_word' id='word_1_262' title='bbox 542 2626 672 2692; x_wconf 86' lang='lat' dir='ltr'><strong>distinxit,</strong></span> <span class='ocrx_word' id='word_1_263' title='bbox 691 2627 771 2696; x_wconf 86' lang='lat' dir='ltr'><strong>Phys.</strong></span> <span class='ocrx_word' id='word_1_264' title='bbox 787 2628 802 2681; x_wconf 97' lang='lat' dir='ltr'>I</span> <span class='ocrx_word' id='word_1_265' title='bbox 816 2629 841 2683; x_wconf 88' lang='grc'><strong>4.</strong></span> <span class='ocrx_word' id='word_1_266' title='bbox 853 2629 925 2684; x_wconf 65' lang='grc'><strong>1871</strong></span> <span class='ocrx_word' id='word_1_267' title='bbox 935 2630 980 2682; x_wconf 81' lang='lat'><strong>12:</strong></span> <span class='ocrx_word' id='word_1_268' title='bbox 1001 2630 1092 2698; x_wconf 78' lang='grc' dir='ltr'><strong><em>οἱμὲν</em></strong></span> <span class='ocrx_word' id='word_1_269' title='bbox 1106 2629 1163 2700; x_wconf 76' lang='grc' dir='ltr'><strong><em>γαρ</em></strong></span> <span class='ocrx_word' id='word_1_270' title='bbox 1180 2630 1211 2682; x_wconf 78' lang='grc' dir='ltr'><strong>ἓν</strong></span> <span class='ocrx_word' id='word_1_271' title='bbox 1225 2651 1284 2684; x_wconf 83' lang='grc' dir='ltr'><strong><em>πα-</em></strong></span> 
     </span>
     <span class='ocr_line' id='line_1_27' title="bbox 165 2701 1284 2786; baseline 0.009 -24"><span class='ocrx_word' id='word_1_272' title='bbox 165 2709 280 2776; x_wconf 75' lang='grc' dir='ltr'><strong><em>ήσαντες</em></strong></span> <span class='ocrx_word' id='word_1_273' title='bbox 303 2711 335 2764; x_wconf 81' lang='lat' dir='ltr'><strong>ro&#39;</strong></span> <span class='ocrx_word' id='word_1_274' title='bbox 361 2711 393 2764; x_wconf 80' lang='grc' dir='ltr'><strong>ὂν</strong></span> <span class='ocrx_word' id='word_1_275' title='bbox 419 2718 498 2785; x_wconf 80' lang='grc' dir='ltr'><strong><em>σῶμα</em></strong></span> <span class='ocrx_word' id='word_1_276' title='bbox 519 2715 548 2767; x_wconf 77' lang='grc' dir='ltr'><strong>τὰ</strong></span> <span class='ocrx_word' id='word_1_277' title='bbox 571 2716 751 2786; x_wconf 76' lang='grc' dir='ltr'><strong><em>ὑποκείμενον</em></strong></span> <span class='ocrx_word' id='word_1_278' title='bbox 770 2748 804 2756; x_wconf 89' lang='lat'>-</span> <span class='ocrx_word' id='word_1_279' title='bbox 822 2701 908 2770; x_wconf 76' lang='grc' dir='ltr'><strong><em>τολλλα</em></strong></span> <span class='ocrx_word' id='word_1_280' title='bbox 931 2719 1049 2786; x_wconf 80' lang='grc' dir='ltr'><strong><em>γεννῶσι</em></strong></span> <span class='ocrx_word' id='word_1_281' title='bbox 1071 2717 1220 2781; x_wconf 81' lang='grc' dir='ltr'><strong><em>πυκνότητι</em></strong></span> <span class='ocrx_word' id='word_1_282' title='bbox 1238 2724 1284 2772; x_wconf 82' lang='grc' dir='ltr'><strong><em>καὶ</em></strong></span> 
     </span>
     <span class='ocr_line' id='line_1_28' title="bbox 165 2800 1283 2903; baseline 0.01 -53"><span class='ocrx_word' id='word_1_283' title='bbox 165 2800 298 2903; x_wconf 79' lang='grc' dir='ltr'><strong><em>μανότητι</em></strong></span> <span class='ocrx_word' id='word_1_284' title='bbox 316 2801 400 2852; x_wconf 80' lang='grc' dir='ltr'><strong><em>πολλοὶ</em></strong></span> <span class='ocrx_word' id='word_1_285' title='bbox 417 2807 611 2863; x_wconf 66' lang='grc' dir='ltr'><strong><em>ποιοῦντες-</em></strong></span> <span class='ocrx_word' id='word_1_286' title='bbox 631 2807 673 2860; x_wconf 77' lang='grc'><strong>20.</strong></span> <span class='ocrx_word' id='word_1_287' title='bbox 693 2810 718 2857; x_wconf 82' lang='grc' dir='ltr'><strong>ολ</strong></span> <span class='ocrx_word' id='word_1_288' title='bbox 737 2804 766 2856; x_wconf 62' lang='lat' dir='ltr'><strong>dw</strong></span> <span class='ocrx_word' id='word_1_289' title='bbox 784 2803 814 2857; x_wconf 79' lang='grc' dir='ltr'><strong>ἐκ</strong></span> <span class='ocrx_word' id='word_1_290' title='bbox 832 2810 881 2858; x_wconf 82' lang='grc' dir='ltr'><strong>τοῦ</strong></span> <span class='ocrx_word' id='word_1_291' title='bbox 900 2805 961 2866; x_wconf 77' lang='grc' dir='ltr'><strong><em>ἑνός</em></strong></span> <span class='ocrx_word' id='word_1_292' title='bbox 980 2803 1096 2866; x_wconf 72' lang='grc' dir='ltr'><strong><em>ἐνούσας</em></strong></span> <span class='ocrx_word' id='word_1_293' title='bbox 1113 2807 1162 2867; x_wconf 77' lang='grc' dir='ltr'><strong><em>τας</em></strong></span> <span class='ocrx_word' id='word_1_294' title='bbox 1180 2807 1283 2860; x_wconf 83' lang='grc' dir='ltr'><strong><em>ἐναντι-</em></strong></span> 
     </span>
     <span class='ocr_line' id='line_1_29' title="bbox 165 2887 1283 2966; baseline 0.008 -25"><span class='ocrx_word' id='word_1_295' title='bbox 165 2887 262 2950; x_wconf 82' lang='grc' dir='ltr'><strong><em>ότητας</em></strong></span> <span class='ocrx_word' id='word_1_296' title='bbox 280 2887 501 2960; x_wconf 69' lang='grc' dir='ltr'><strong><em>ἐκκρίνεσθαι,”</em></strong></span> <span class='ocrx_word' id='word_1_297' title='bbox 481 2911 571 2964; x_wconf 86' lang='grc' dir='ltr'><strong><em>ωσπερ</em></strong></span> <span class='ocrx_word' id='word_1_298' title='bbox 590 2889 801 2966; x_wconf 70' lang='grc' dir='ltr'><strong><em>Ἀναξίμανδρός</em></strong></span> <span class='ocrx_word' id='word_1_299' title='bbox 819 2911 885 2965; x_wconf 81' lang='grc' dir='ltr'><strong><em>φησι</em></strong></span> <span class='ocrx_word' id='word_1_300' title='bbox 902 2896 979 2948; x_wconf 80' lang='lat' dir='ltr'><strong>xot⁰</strong></span> <span class='ocrx_word' id='word_1_301' title='bbox 963 2913 1023 2950; x_wconf 90' lang='grc' dir='ltr'><strong><em>οσοι</em></strong></span> <span class='ocrx_word' id='word_1_302' title='bbox 1042 2893 1097 2948; x_wconf 77' lang='lat' dir='ltr'><strong>d&#39;u</strong></span> <span class='ocrx_word' id='word_1_303' title='bbox 1083 2915 1114 2948; x_wconf 89' lang='grc' dir='ltr'><strong>εν</strong></span> <span class='ocrx_word' id='word_1_304' title='bbox 1131 2900 1177 2949; x_wconf 82' lang='grc' dir='ltr'><strong><em>καὶ</em></strong></span> <span class='ocrx_word' id='word_1_305' title='bbox 1194 2898 1283 2950; x_wconf 78' lang='grc' dir='ltr'><strong><em>πολλά</em></strong></span> 
     </span>
     <span class='ocr_line' id='line_1_30' title="bbox 166 2977 1281 3058; baseline 0.009 -29"><span class='ocrx_word' id='word_1_306' title='bbox 166 2995 253 3048; x_wconf 81' lang='grc' dir='ltr'><strong><em>φασιν</em></strong></span> <span class='ocrx_word' id='word_1_307' title='bbox 271 2977 350 3048; x_wconf 81' lang='grc' dir='ltr'><strong><em>εἶναι,</em></strong></span> <span class='ocrx_word' id='word_1_308' title='bbox 369 2977 462 3052; x_wconf 81' lang='grc' dir='ltr'><strong><em>ὥσπερ</em></strong></span> <span class='ocrx_word' id='word_1_309' title='bbox 480 2977 661 3053; x_wconf 76' lang='grc' dir='ltr'><strong>Ἐμπεδοκλῆς</strong></span> <span class='ocrx_word' id='word_1_310' title='bbox 679 2987 726 3034; x_wconf 79' lang='grc' dir='ltr'><strong><em>καὶ</em></strong></span> <span class='ocrx_word' id='word_1_311' title='bbox 744 2979 939 3053; x_wconf 84' lang='grc' dir='ltr'><strong><em>Αναξαγόρας·</em></strong></span> <span class='ocrx_word' id='word_1_312' title='bbox 954 2985 983 3038; x_wconf 80' lang='grc' dir='ltr'><strong>ἐκ</strong></span> <span class='ocrx_word' id='word_1_313' title='bbox 998 2989 1048 3038; x_wconf 81' lang='grc' dir='ltr'><strong>τοῦ</strong></span> <span class='ocrx_word' id='word_1_314' title='bbox 1070 2991 1208 3057; x_wconf 79' lang='grc' dir='ltr'><strong><em>μίγματος</em></strong></span> <span class='ocrx_word' id='word_1_315' title='bbox 1226 2986 1281 3058; x_wconf 77' lang='grc' dir='ltr'><strong><em>γαρ</em></strong></span> 
     </span>
     <span class='ocr_line' id='line_1_31' title="bbox 164 3057 610 3136; baseline 0.009 -18"><span class='ocrx_word' id='word_1_316' title='bbox 164 3068 210 3118; x_wconf 85' lang='grc' dir='ltr'><strong><em>καὶ</em></strong></span> <span class='ocrx_word' id='word_1_317' title='bbox 229 3057 362 3120; x_wconf 75' lang='lat' dir='ltr'><strong>ooroel&#39;</strong></span> <span class='ocrx_word' id='word_1_318' title='bbox 348 3075 500 3136; x_wconf 84' lang='grc' dir='ltr'><strong><em>εκκρίνοοσι</em></strong></span> <span class='ocrx_word' id='word_1_319' title='bbox 518 3071 610 3128; x_wconf 84' lang='grc' dir='ltr'><strong><em>ταλλα</em></strong></span> 
     </span>
    </p>

    <p class='ocr_par' dir='ltr' id='par_1_6' title="bbox 161 3156 1370 4120">
     <span class='ocr_line' id='line_1_32' title="bbox 235 3156 1280 3236; baseline 0.009 -25"><span class='ocrx_word' id='word_1_320' title='bbox 235 3156 290 3212; x_wconf 89' lang='lat' dir='ltr'><strong>Neo</strong></span> <span class='ocrx_word' id='word_1_321' title='bbox 301 3157 388 3212; x_wconf 86' lang='lat' dir='ltr'><strong>minus</strong></span> <span class='ocrx_word' id='word_1_322' title='bbox 400 3158 539 3214; x_wconf 84' lang='lat' dir='ltr'><strong>discrimen</strong></span> <span class='ocrx_word' id='word_1_323' title='bbox 551 3161 617 3216; x_wconf 87' lang='lat' dir='ltr'><strong>faoit</strong></span> <span class='ocrx_word' id='word_1_324' title='bbox 627 3161 753 3230; x_wconf 86' lang='lat' dir='ltr'><strong>Theophr</strong></span> <span class='ocrx_word' id='word_1_325' title='bbox 764 3178 805 3230; x_wconf 89' lang='lat' dir='ltr'><strong>ap</strong></span> <span class='ocrx_word' id='word_1_326' title='bbox 818 3161 909 3231; x_wconf 83' lang='lat' dir='ltr'><strong>Simpl.</strong></span> <span class='ocrx_word' id='word_1_327' title='bbox 917 3165 975 3217; x_wconf 89' lang='lat'><strong>33</strong></span> <span class='ocrx_word' id='word_1_328' title='bbox 968 3181 1011 3232; x_wconf 94' lang='lat' dir='ltr'><strong>p.</strong></span> <span class='ocrx_word' id='word_1_329' title='bbox 1019 3165 1079 3230; x_wconf 84' lang='lat'>154,</span> <span class='ocrx_word' id='word_1_330' title='bbox 1090 3166 1165 3219; x_wconf 86' lang='grc'>141)</span> <span class='ocrx_word' id='word_1_331' title='bbox 1177 3166 1218 3235; x_wconf 91' lang='lat' dir='ltr'><strong>(de</strong></span> <span class='ocrx_word' id='word_1_332' title='bbox 1230 3183 1280 3236; x_wconf 89' lang='lat' dir='ltr'><strong>quo</strong></span> 
     </span>
     <span class='ocr_line' id='line_1_33' title="bbox 163 3245 1395 3340; baseline 0.007 -41"><span class='ocrx_word' id='word_1_333' title='bbox 163 3247 254 3300; x_wconf 81' lang='lat' dir='ltr'><strong>tamen</strong></span> <span class='ocrx_word' id='word_1_334' title='bbox 263 3247 320 3300; x_wconf 84' lang='lat' dir='ltr'><strong>loeo</strong></span> <span class='ocrx_word' id='word_1_335' title='bbox 334 3247 976 3318; x_wconf 64' lang='grc' dir='ltr'>1111111111111811145)καιΘεόφραστοςδὲτον</span> <span class='ocrx_word' id='word_1_336' title='bbox 990 3251 1177 3323; x_wconf 82' lang='grc' dir='ltr'><strong><em>Αναξαγόραν</em></strong></span> <span class='ocrx_word' id='word_1_337' title='bbox 1187 3258 1225 3314; x_wconf 82' lang='grc' dir='ltr'><strong>εἰς</strong></span> <span class='ocrx_word' id='word_1_338' title='bbox 1234 3275 1280 3307; x_wconf 85' lang='grc' dir='ltr'><strong>τον</strong></span> <span class='ocrx_word' id='word_1_339' title='bbox 1294 3245 1395 3340; x_wconf 53' lang='grc' dir='ltr'><strong>ᾞξῑλ</strong></span> 
     </span>
     <span class='ocr_line' id='line_1_34' title="bbox 163 3329 1281 3449; baseline 0.01 -65.01"><span class='ocrx_word' id='word_1_340' title='bbox 163 3329 375 3404; x_wconf 73' lang='grc' dir='ltr'><strong><em>Αναξίμανδρον</em></strong></span> <span class='ocrx_word' id='word_1_341' title='bbox 382 3337 610 3390; x_wconf 80' lang='grc' dir='ltr'><strong><em>συνωθωνκαλ</em></strong></span> <span class='ocrx_word' id='word_1_342' title='bbox 576 3357 660 3397; x_wconf 86' lang='grc' dir='ltr'><strong><em>ουτως</em></strong></span> <span class='ocrx_word' id='word_1_343' title='bbox 670 3337 871 3408; x_wconf 87' lang='grc' dir='ltr'><strong><em>εκλαμβανει</em></strong></span> <span class='ocrx_word' id='word_1_344' title='bbox 838 3339 930 3391; x_wconf 87' lang='grc' dir='ltr'><strong><em>ταυπο</em></strong></span> <span class='ocrx_word' id='word_1_345' title='bbox 928 3337 1281 3449; x_wconf 61' lang='grc' dir='ltr'><strong><em>’Ἀναξαγόρουλεγομενα</em></strong></span> 
     </span>
     <span class='ocr_line' id='line_1_35' title="bbox 164 3415 1280 3500; baseline 0.009 -27"><span class='ocrx_word' id='word_1_346' title='bbox 164 3421 200 3480; x_wconf 71' lang='grc' dir='ltr'><strong>οἷς</strong></span> <span class='ocrx_word' id='word_1_347' title='bbox 218 3415 410 3476; x_wconf 58' lang='lat' dir='ltr'><strong>divexant</strong></span> <span class='ocrx_word' id='word_1_348' title='bbox 376 3429 445 3494; x_wconf 89' lang='grc' dir='ltr'><strong><em>μίαν</em></strong></span> <span class='ocrx_word' id='word_1_349' title='bbox 459 3444 544 3479; x_wconf 84' lang='grc' dir='ltr'><strong><em>αυιον</em></strong></span> <span class='ocrx_word' id='word_1_350' title='bbox 563 3427 646 3496; x_wconf 82' lang='grc' dir='ltr'><strong><em>φύσιν</em></strong></span> <span class='ocrx_word' id='word_1_351' title='bbox 666 3427 757 3495; x_wconf 85' lang='grc' dir='ltr'><strong><em>λέγειν</em></strong></span> <span class='ocrx_word' id='word_1_352' title='bbox 775 3445 806 3479; x_wconf 93' lang='grc' dir='ltr'><strong>το</strong></span> <span class='ocrx_word' id='word_1_353' title='bbox 826 3428 1014 3498; x_wconf 80' lang='grc' dir='ltr'><strong><em>ὑποκείμενον</em></strong></span> <span class='ocrx_word' id='word_1_354' title='bbox 1032 3425 1137 3500; x_wconf 73' lang='grc' dir='ltr'><strong><em>γράφει</em></strong></span> <span class='ocrx_word' id='word_1_355' title='bbox 1150 3430 1222 3483; x_wconf 72' lang='grc' dir='ltr'><strong>δέ</strong></span> <span class='ocrx_word' id='word_1_356' title='bbox 1197 3432 1280 3492; x_wconf 77' lang='grc' dir='ltr'><strong><em>οὕτως</em></strong></span> 
     </span>
     <span class='ocr_line' id='line_1_36' title="bbox 162 3507 1279 3586; baseline 0.01 -24"><span class='ocrx_word' id='word_1_357' title='bbox 162 3507 193 3562; x_wconf 81' lang='grc' dir='ltr'><strong>ἐν</strong></span> <span class='ocrx_word' id='word_1_358' title='bbox 212 3515 245 3578; x_wconf 78' lang='grc' dir='ltr'><strong>τῇ</strong></span> <span class='ocrx_word' id='word_1_359' title='bbox 265 3515 363 3580; x_wconf 77' lang='grc' dir='ltr'><strong><em>Φυσικῇ</em></strong></span> <span class='ocrx_word' id='word_1_360' title='bbox 381 3517 503 3584; x_wconf 74' lang='grc' dir='ltr'><strong><em>ἱστορία·</em></strong></span> <span class='ocrx_word' id='word_1_361' title='bbox 524 3511 615 3580; x_wconf 58' lang='grc' dir='ltr'><strong><em>»οὕτω</em></strong></span> <span class='ocrx_word' id='word_1_362' title='bbox 633 3516 687 3586; x_wconf 79' lang='grc' dir='ltr'><strong>μὲν</strong></span> <span class='ocrx_word' id='word_1_363' title='bbox 713 3507 759 3567; x_wconf 80' lang='grc' dir='ltr'><strong>οὖν</strong></span> <span class='ocrx_word' id='word_1_364' title='bbox 784 3515 981 3586; x_wconf 85' lang='grc' dir='ltr'><strong><em>λαμβανόντων</em></strong></span> <span class='ocrx_word' id='word_1_365' title='bbox 1004 3513 1111 3576; x_wconf 74' lang='grc' dir='ltr'><strong><em>δόξειεν</em></strong></span> <span class='ocrx_word' id='word_1_366' title='bbox 1134 3519 1169 3572; x_wconf 77' lang='grc' dir='ltr'><strong>ἄν</strong></span> <span class='ocrx_word' id='word_1_367' title='bbox 1191 3528 1279 3574; x_wconf 83' lang='grc' dir='ltr'><strong><em>ποιεῖν</em></strong></span> 
     </span>
     <span class='ocr_line' id='line_1_37' title="bbox 162 3597 1278 3678; baseline 0.007 -25"><span class='ocrx_word' id='word_1_368' title='bbox 162 3599 208 3667; x_wconf 85' lang='lat' dir='ltr'><strong>(so.</strong></span> <span class='ocrx_word' id='word_1_369' title='bbox 228 3599 412 3672; x_wconf 83' lang='lat' dir='ltr'><strong>Anaxagoras)</strong></span> <span class='ocrx_word' id='word_1_370' title='bbox 431 3603 479 3662; x_wconf 75' lang='grc' dir='ltr'><strong><em>τοὶς</em></strong></span> <span class='ocrx_word' id='word_1_371' title='bbox 497 3604 550 3674; x_wconf 78' lang='grc' dir='ltr'><strong>μὲν</strong></span> <span class='ocrx_word' id='word_1_372' title='bbox 569 3604 660 3664; x_wconf 65' lang='grc' dir='ltr'><strong><em>«ἕλικας</em></strong></span> <span class='ocrx_word' id='word_1_373' title='bbox 679 3603 765 3675; x_wconf 75' lang='grc' dir='ltr'><strong><em>αργας</em></strong></span> <span class='ocrx_word' id='word_1_374' title='bbox 781 3597 919 3675; x_wconf 78' lang='grc' dir='ltr'><strong><em>υἷπείρους,</em></strong></span> <span class='ocrx_word' id='word_1_375' title='bbox 939 3603 1030 3674; x_wconf 82' lang='grc' dir='ltr'><strong><em>ὥσπερ</em></strong></span> <span class='ocrx_word' id='word_1_376' title='bbox 1049 3611 1161 3678; x_wconf 77' lang='grc' dir='ltr'><strong><em>εἴρηται,</em></strong></span> <span class='ocrx_word' id='word_1_377' title='bbox 1179 3608 1227 3675; x_wconf 71' lang='grc' dir='ltr'><strong>τὴν</strong></span> <span class='ocrx_word' id='word_1_378' title='bbox 1245 3609 1278 3662; x_wconf 76' lang='grc' dir='ltr'><strong>δὲ</strong></span> 
     </span>
     <span class='ocr_line' id='line_1_38' title="bbox 162 3689 1278 3768; baseline 0.01 -28"><span class='ocrx_word' id='word_1_379' title='bbox 162 3691 207 3751; x_wconf 81' lang='grc' dir='ltr'><strong>τῆς</strong></span> <span class='ocrx_word' id='word_1_380' title='bbox 226 3689 356 3752; x_wconf 78' lang='grc' dir='ltr'><strong><em>κινήσεως</em></strong></span> <span class='ocrx_word' id='word_1_381' title='bbox 374 3695 420 3744; x_wconf 78' lang='grc' dir='ltr'><strong><em>καὶ</em></strong></span> <span class='ocrx_word' id='word_1_382' title='bbox 438 3695 484 3756; x_wconf 77' lang='grc' dir='ltr'><strong>τῆς</strong></span> <span class='ocrx_word' id='word_1_383' title='bbox 504 3693 640 3760; x_wconf 78' lang='grc' dir='ltr'><strong><em>γενέσεως</em></strong></span> <span class='ocrx_word' id='word_1_384' title='bbox 665 3697 753 3745; x_wconf 75' lang='grc' dir='ltr'><strong><em>αἰτίαν</em></strong></span> <span class='ocrx_word' id='word_1_385' title='bbox 777 3697 845 3764; x_wconf 92' lang='grc' dir='ltr'><strong><em>μίαν</em></strong></span> <span class='ocrx_word' id='word_1_386' title='bbox 860 3697 880 3748; x_wconf 76' lang='lat'><strong>2.</strong></span> <span class='ocrx_word' id='word_1_387' title='bbox 918 3699 945 3748; x_wconf 83' lang='grc' dir='ltr'><strong>εἰ</strong></span> <span class='ocrx_word' id='word_1_388' title='bbox 967 3694 1008 3748; x_wconf 75' lang='lat' dir='ltr'><strong>de&#39;</strong></span> <span class='ocrx_word' id='word_1_389' title='bbox 1028 3713 1075 3755; x_wconf 79' lang='grc' dir='ltr'><strong>τις</strong></span> <span class='ocrx_word' id='word_1_390' title='bbox 1098 3695 1157 3760; x_wconf 69' lang='grc' dir='ltr'><strong>τήν</strong></span> <span class='ocrx_word' id='word_1_391' title='bbox 1180 3702 1278 3768; x_wconf 82' lang='grc' dir='ltr'><strong><em>μῖξιν</em></strong></span> 
     </span>
     <span class='ocr_line' id='line_1_39' title="bbox 162 3769 1276 3852; baseline 0.011 -25"><span class='ocrx_word' id='word_1_392' title='bbox 162 3781 218 3829; x_wconf 81' lang='grc' dir='ltr'><strong>τῶν</strong></span> <span class='ocrx_word' id='word_1_393' title='bbox 236 3775 366 3831; x_wconf 72' lang='grc' dir='ltr'><strong><em>ἁπάντων</em></strong></span> <span class='ocrx_word' id='word_1_394' title='bbox 390 3775 561 3850; x_wconf 71' lang='grc' dir='ltr'><strong><em>ὑπολάβοι</em></strong></span> <span class='ocrx_word' id='word_1_395' title='bbox 585 3787 670 3852; x_wconf 87' lang='grc' dir='ltr'><strong><em>μίαν</em></strong></span> <span class='ocrx_word' id='word_1_396' title='bbox 694 3769 782 3834; x_wconf 77' lang='grc' dir='ltr'><strong><em>εἶναι</em></strong></span> <span class='ocrx_word' id='word_1_397' title='bbox 806 3783 915 3851; x_wconf 78' lang='grc' dir='ltr'><strong><em>φύσιν</em></strong></span> <span class='ocrx_word' id='word_1_398' title='bbox 939 3779 1103 3852; x_wconf 85' lang='grc' dir='ltr'><strong><em>οἷόριστον</em></strong></span> <span class='ocrx_word' id='word_1_399' title='bbox 1127 3790 1182 3838; x_wconf 83' lang='grc' dir='ltr'><strong><em>καὶ</em></strong></span> <span class='ocrx_word' id='word_1_400' title='bbox 1204 3781 1276 3840; x_wconf 79' lang='grc' dir='ltr'><strong><em>κατ’</em></strong></span> 
     </span>
     <span class='ocr_line' id='line_1_40' title="bbox 162 3852 1277 3943; baseline 0.011 -27"><span class='ocrx_word' id='word_1_401' title='bbox 162 3852 257 3926; x_wconf 76' lang='grc' dir='ltr'><strong><em>εἶδος</em></strong></span> <span class='ocrx_word' id='word_1_402' title='bbox 275 3869 328 3919; x_wconf 78' lang='grc' dir='ltr'><strong><em>καὶ</em></strong></span> <span class='ocrx_word' id='word_1_403' title='bbox 346 3869 433 3922; x_wconf 73' lang='lat' dir='ltr'><strong>nasot</strong></span> <span class='ocrx_word' id='word_1_404' title='bbox 451 3869 620 3941; x_wconf 73' lang='grc' dir='ltr'><strong><em>μέγεθος,</em></strong></span> <span class='ocrx_word' id='word_1_405' title='bbox 639 3871 707 3939; x_wconf 89' lang='grc' dir='ltr'><strong><em>ὅπερ</em></strong></span> <span class='ocrx_word' id='word_1_406' title='bbox 726 3871 760 3922; x_wconf 80' lang='grc' dir='ltr'><strong>ἄν</strong></span> <span class='ocrx_word' id='word_1_407' title='bbox 779 3871 892 3933; x_wconf 76' lang='grc' dir='ltr'><strong><em>δόξειε</em></strong></span> <span class='ocrx_word' id='word_1_408' title='bbox 916 3870 1060 3940; x_wconf 73' lang='grc' dir='ltr'><strong><em>βούλεσθαι</em></strong></span> <span class='ocrx_word' id='word_1_409' title='bbox 1083 3873 1181 3943; x_wconf 81' lang='grc' dir='ltr'><strong><em>λέγειν,</em></strong></span> <span class='ocrx_word' id='word_1_410' title='bbox 1206 3892 1277 3939; x_wconf 85' lang='grc' dir='ltr'><strong><em>συμ-</em></strong></span> 
     </span>
     <span class='ocr_line' id='line_1_41' title="bbox 161 3955 1277 4033; baseline 0.009 -27"><span class='ocrx_word' id='word_1_411' title='bbox 161 3958 246 4020; x_wconf 89' lang='grc' dir='ltr'><strong><em>βαίνει</em></strong></span> <span class='ocrx_word' id='word_1_412' title='bbox 273 3955 326 4008; x_wconf 79' lang='grc' dir='ltr'><strong>δύο</strong></span> <span class='ocrx_word' id='word_1_413' title='bbox 354 3957 403 4017; x_wconf 79' lang='grc' dir='ltr'><strong><em>τας</em></strong></span> <span class='ocrx_word' id='word_1_414' title='bbox 431 3956 517 4029; x_wconf 78' lang='grc' dir='ltr'><strong><em>α’ρχιίς</em></strong></span> <span class='ocrx_word' id='word_1_415' title='bbox 536 3958 608 4033; x_wconf 71' lang='grc' dir='ltr'><strong><em>αυτῷ</em></strong></span> <span class='ocrx_word' id='word_1_416' title='bbox 625 3960 714 4028; x_wconf 84' lang='grc' dir='ltr'><strong><em>λέγειν</em></strong></span> <span class='ocrx_word' id='word_1_417' title='bbox 732 3959 781 4025; x_wconf 73' lang='grc' dir='ltr'><strong>τήν</strong></span> <span class='ocrx_word' id='word_1_418' title='bbox 802 3977 832 4012; x_wconf 85' lang='grc' dir='ltr'><strong>τε</strong></span> <span class='ocrx_word' id='word_1_419' title='bbox 850 3965 899 4012; x_wconf 86' lang='grc' dir='ltr'><strong>τοῦ</strong></span> <span class='ocrx_word' id='word_1_420' title='bbox 917 3958 1031 4031; x_wconf 77' lang='grc' dir='ltr'><strong><em>α’πείρου</em></strong></span> <span class='ocrx_word' id='word_1_421' title='bbox 1050 3959 1137 4030; x_wconf 77' lang='grc' dir='ltr'><strong><em>φύσιν</em></strong></span> <span class='ocrx_word' id='word_1_422' title='bbox 1160 3965 1205 4014; x_wconf 79' lang='grc' dir='ltr'><strong><em>καὶ</em></strong></span> <span class='ocrx_word' id='word_1_423' title='bbox 1228 3964 1277 4016; x_wconf 81' lang='lat' dir='ltr'><strong>ro&#39;v</strong></span> 
     </span>
     <span class='ocr_line' id='line_1_42' title="bbox 161 4041 1277 4120; baseline 0.01 -25"><span class='ocrx_word' id='word_1_424' title='bbox 161 4049 233 4109; x_wconf 82' lang='grc' dir='ltr'><strong><em>νοῦν,</em></strong></span> <span class='ocrx_word' id='word_1_425' title='bbox 253 4041 321 4098; x_wconf 84' lang='grc' dir='ltr'><strong><em>ὥστε</em></strong></span> <span class='ocrx_word' id='word_1_426' title='bbox 339 4047 445 4108; x_wconf 79' lang='grc' dir='ltr'><strong><em>πάντας</em></strong></span> <span class='ocrx_word' id='word_1_427' title='bbox 466 4053 594 4118; x_wconf 84' lang='grc' dir='ltr'><strong><em>φαίνεται</em></strong></span> <span class='ocrx_word' id='word_1_428' title='bbox 612 4048 647 4102; x_wconf 77' lang='grc' dir='ltr'><strong><em>τα</em></strong></span> <span class='ocrx_word' id='word_1_429' title='bbox 666 4048 805 4120; x_wconf 72' lang='grc' dir='ltr'><strong><em>σωματικά</em></strong></span> <span class='ocrx_word' id='word_1_430' title='bbox 828 4057 949 4118; x_wconf 77' lang='grc' dir='ltr'><strong><em>στοιχεῖα</em></strong></span> <span class='ocrx_word' id='word_1_431' title='bbox 974 4049 1166 4119; x_wconf 78' lang='grc' dir='ltr'><strong><em>παραπλησίοις</em></strong></span> <span class='ocrx_word' id='word_1_432' title='bbox 1188 4055 1277 4106; x_wconf 71' lang='grc' dir='ltr'><strong><em>ποιῶν</em></strong></span> 
     </span>
    </p>
   </div>
   <div class='ocr_carea' id='block_1_3' title="bbox 160 4170 372 4184">
    <p class='ocr_par' dir='ltr' id='par_1_7' title="bbox 160 4170 372 4184">
     <span class='ocr_line' id='line_1_43' title="bbox 160 4170 372 4184; baseline 0.005 -1"><span class='ocrx_word' id='word_1_433' title='bbox 160 4170 372 4184; x_wconf 41' lang='grc' dir='ltr'><strong>-ξ-ι-</strong></span> 
     </span>
    </p>
   </div>
   <div class='ocr_carea' id='block_1_4' title="bbox 158 4263 1280 4510">
    <p class='ocr_par' dir='ltr' id='par_1_8' title="bbox 158 4263 1280 4510">
     <span class='ocr_line' id='line_1_44' title="bbox 231 4263 1280 4336; baseline 0.006 -21"><span class='ocrx_word' id='word_1_434' title='bbox 231 4263 301 4328; x_wconf 89' lang='lat' dir='ltr'>1)v.</span> <span class='ocrx_word' id='word_1_435' title='bbox 320 4264 366 4314; x_wconf 85' lang='grc' dir='ltr'><strong><em>καὶ</em></strong></span> <span class='ocrx_word' id='word_1_436' title='bbox 384 4263 460 4314; x_wconf 84' lang='grc' dir='ltr'><strong><em>οὑτοι</em></strong></span> <span class='ocrx_word' id='word_1_437' title='bbox 478 4263 701 4318; x_wconf 84' lang='lat' dir='ltr'><strong>Anaximandrum</strong></span> <span class='ocrx_word' id='word_1_438' title='bbox 720 4281 772 4318; x_wconf 88' lang='lat' dir='ltr'><strong>non</strong></span> <span class='ocrx_word' id='word_1_439' title='bbox 790 4265 1012 4332; x_wconf 80' lang='lat' dir='ltr'><strong>complectuntur,</strong></span> <span class='ocrx_word' id='word_1_440' title='bbox 1036 4265 1081 4319; x_wconf 90' lang='lat' dir='ltr'><strong>sed</strong></span> <span class='ocrx_word' id='word_1_441' title='bbox 1098 4269 1233 4336; x_wconf 91' lang='lat' dir='ltr'><strong>opponunt</strong></span> <span class='ocrx_word' id='word_1_442' title='bbox 1251 4267 1280 4322; x_wconf 67' lang='lat' dir='ltr'><strong>ei⁴</strong></span> 
     </span>
     <span class='ocr_line' id='line_1_45' title="bbox 159 4349 1273 4417; baseline 0.009 -16"><span class='ocrx_word' id='word_1_443' title='bbox 159 4349 200 4401; x_wconf 88' lang='lat' dir='ltr'><strong>oet</strong></span> <span class='ocrx_word' id='word_1_444' title='bbox 201 4364 308 4417; x_wconf 64' lang='grc' dir='ltr'><strong><em>ουσαν</em></strong></span> <span class='ocrx_word' id='word_1_445' title='bbox 327 4351 355 4406; x_wconf 92' lang='grc' dir='ltr'><strong><em>Ζ</em></strong></span> <span class='ocrx_word' id='word_1_446' title='bbox 374 4351 407 4406; x_wconf 73' lang='lat'><strong>1⁴</strong></span> <span class='ocrx_word' id='word_1_447' title='bbox 426 4351 498 4406; x_wconf 82' lang='lat'>191¹.</span> <span class='ocrx_word' id='word_1_448' title='bbox 536 4352 704 4407; x_wconf 87' lang='lat' dir='ltr'><strong>Neuhaeuser</strong></span> <span class='ocrx_word' id='word_1_449' title='bbox 731 4354 814 4408; x_wconf 89' lang='lat' dir='ltr'><strong>Anax</strong></span> <span class='ocrx_word' id='word_1_450' title='bbox 834 4354 869 4408; x_wconf 80' lang='lat'><strong>59</strong></span> <span class='ocrx_word' id='word_1_451' title='bbox 898 4370 929 4408; x_wconf 91' lang='lat' dir='ltr'><strong>ea</strong></span> <span class='ocrx_word' id='word_1_452' title='bbox 956 4354 1060 4408; x_wconf 85' lang='lat' dir='ltr'><strong>mavult</strong></span> <span class='ocrx_word' id='word_1_453' title='bbox 1087 4357 1152 4410; x_wconf 86' lang='lat' dir='ltr'><strong>omit</strong></span> <span class='ocrx_word' id='word_1_454' title='bbox 1140 4359 1215 4411; x_wconf 86' lang='lat' dir='ltr'><strong>ttere.</strong></span> <span class='ocrx_word' id='word_1_455' title='bbox 1240 4383 1273 4394; x_wconf 96' lang='lat'>-</span> 
     </span>
     <span class='ocr_line' id='line_1_46' title="bbox 158 4436 657 4510; baseline 0 -18"><span class='ocrx_word' id='word_1_456' title='bbox 158 4436 185 4502; x_wconf 79' lang='lat'><strong>2)</strong></span> <span class='ocrx_word' id='word_1_457' title='bbox 204 4439 246 4505; x_wconf 78' lang='lat'><strong>27,</strong></span> <span class='ocrx_word' id='word_1_458' title='bbox 267 4441 301 4496; x_wconf 84' lang='lat'><strong>19</strong></span> <span class='ocrx_word' id='word_1_459' title='bbox 321 4440 380 4498; x_wconf 82' lang='lat' dir='ltr'><strong>add</strong></span> <span class='ocrx_word' id='word_1_460' title='bbox 401 4440 493 4510; x_wconf 82' lang='lat' dir='ltr'><strong>simpl.</strong></span> <span class='ocrx_word' id='word_1_461' title='bbox 514 4458 564 4492; x_wconf 89' lang='grc' dir='ltr'><strong>τον</strong></span> <span class='ocrx_word' id='word_1_462' title='bbox 582 4459 657 4493; x_wconf 88' lang='grc' dir='ltr'><strong><em>νουν</em></strong></span> 
     </span>
    </p>
   </div>
   <div class='ocr_carea' id='block_1_5' title="bbox 0 0 1580 4996">
    <p class='ocr_par' dir='ltr' id='par_1_9' title="bbox 0 0 1580 4996">
     <span class='ocr_line' id='line_1_47' title="bbox 0 0 1580 4996; baseline 0 5"><span class='ocrx_word' id='word_1_463' title='bbox 0 0 1580 4996; x_wconf 95' lang='lat' dir='ltr'><strong> </strong></span> 
     </span>
    </p>
   </div>
  </div>
 </body>
</html>
