3146 4982
1506 4 1567 161 ,η

300 314 355 376 41⁴
759 315 840 376 Stoici
858 316 965 387 priores.
1562 297 1567 536 η

302 501 355 543 νυν
384 475 559 565 άφθαρτον
586 472 664 542 όντα
695 476 750 542 τὸν
773 471 839 540 Δία
869 489 934 541 τῶν
956 481 1062 542 θεῶνι
1085 473 1259 562 ἀναχωρεῖν
1282 472 1341 542 ἐπί
1364 475 1426 563 τήν.

301 583 474 670 πρόνοιαν,
509 574 580 648 εἶτα
610 581 691 666 ὁμοῦ
720 580 904 668 γενομένους
934 580 993 649 ἐπὶ
1015 592 1096 666 μιᾶς
1122 593 1179 670 της
1202 591 1260 646 τοῦ
1283 576 1425 667 αίθέρυς

301 687 413 768 οάσίας
436 687 596 756 διατελεῖν
618 687 831 777 α’μφοτέρους.

373 827 401 870 8.
426 811 563 884 Cbsysipp.
582 829 624 884 ap.
643 812 715 868 Plut
734 811 813 868 Stoic.
832 811 896 884 Rep.
915 813 959 879 38,
979 812 996 868 5
1013 830 1039 884 p.
1055 811 1126 866 1052
1145 813 1217 880 ἥλιος
1234 812 1288 884 μέν
1306 811 1361 884 γὰρ
1374 812 1424 862 καὶ

301 905 397 970 σελήνη
420 906 467 957 καὶ
491 905 519 956 οἱ
546 905 623 956 ἄλλοι
645 906 708 956 θεολ
733 904 930 978 παραπλήσιον
948 903 1057 973 ἔχοντες
1076 903 1160 972 λόγον
1178 905 1288 971 γενητοί
1306 903 1385 962 εἰσιν,
1407 900 1424 950 ὁ

300 992 332 1046 δὲ
351 992 419 1053 Ζεὺς
438 991 529 1052 ἀίδιός
547 991 629 1045 ἐστιν.
667 989 795 1044 Similiter
818 990 888 1044 idem
911 991 947 1045 ib.
966 992 1010 1057 39,
1029 990 1047 1044 2
1066 993 1154 1062 τροφῇ
1178 1009 1207 1044 τε
1227 989 1325 1062 οἱμὲν
1344 989 1424 1040 άλλοι

299 1083 362 1136 θεοὶ
379 1081 433 1146 (121²
447 1079 512 1144 412)
525 1090 657 1156 χρῶνται,
678 1078 877 1154 παραπλήσίως
895 1081 1075 1152 συνεχόμενοι
1093 1076 1135 1132 δι’
1154 1079 1252 1144 αὐτήν·
1273 1079 1289 1130 ό
1307 1077 1339 1130 δὲ
1353 1076 1425 1136 Ζεὺς

299 1172 346 1224 καὶ
371 1170 508 1242 δκόσμος
531 1164 600 1222 καθ’
617 1167 709 1242 ἕτερον
734 1169 838 1239 τρόπον
866 1169 1091 1241 ἀναλισκομένων
1117 1171 1164 1221 καὶ
1188 1167 1218 1220 έκ
1242 1167 1328 1236 πυρὸς
1347 1183 1424 1234 γινο·

299 1261 398 1330 μένων.
433 1254 598 1326 Quamquam
616 1255 667 1309 alio
685 1255 742 1310 Ιοοο
761 1255 904 1326 scripserat
922 1259 970 1310 τὸν
990 1261 1046 1310 Δία
1065 1259 1202 1318 αὔξεσθαι
1219 1259 1317 1326 μέχρις
1336 1256 1371 1306 ἂν
1385 1257 1425 1313 εἰς

301 1347 384 1399 αὑτὸν
404 1347 516 1399 ἅπαντα
534 1347 720 1418 καταναλώσῃ.
748 1345 810 1399 έπελ
834 1345 889 1416 γάρ
908 1348 923 1399 ὁ
941 1345 1065 1407 θάνατος
1082 1349 1135 1418 μέν
1153 1346 1212 1399 ἐστι
1231 1352 1322 1414 ψυχῆς
1337 1361 1424 1414 χωρι·

301 1436 371 1506 σμὸς
389 1435 447 1487 ἀπὸ
465 1445 516 1487 τοῦ
534 1435 668 1506 σώματος,
687 1436 704 1499 ή
722 1433 754 1487 δὲ
773 1443 824 1487 τοῦ
840 1435 949 1507 κόσμον
967 1435 1045 1505 ψυχή
1063 1435 1096 1488 οὐ
1109 1435 1255 1505 χαρίζεται
1271 1434 1326 1505 μίν
1346 1434 1424 1492 anee-

300 1541 346 1576 ται
374 1522 405 1576 δὲ
434 1533 560 1593 συνεχῶς,
588 1527 686 1596 μέχρις
714 1525 749 1575 άν
766 1526 806 1584 είς
826 1524 911 1590 αὑτήν
928 1524 1087 1598 έξαναλόση
1104 1525 1153 1589 τήν
1173 1523 1245 1590 ὕλην,
1274 1523 1307 1576 οὐ
1325 1523 1425 1596 ῥητέον

301 1611 490 1678 ἀποθνήσκειν
508 1613 556 1664 τόν
573 1613 687 1684 κόσμον.

171 1769 247 1811 ”³³³¹
369 1769 456 1835 Stob.
485 1770 694 1837 Eet1372.
725 1771 803 1836 Dox.
835 1777 910 1837 470.
965 1767 1139 1858 Κλεάνθης
1168 1768 1205 1836 δὲ
1234 1769 1318 1836 οδιω
1349 1769 1471 1848 πώςιω
1566 1795 1567 1798 “

138 1822 273 1865 mutones
300 1897 415 1964 φησιν·
451 1874 725 1964 έκφλογισθέντος
753 1885 811 1942 τοῦ
833 1877 958 1954 παντὸς
981 1873 1117 1957 σονίζειν
1139 1877 1177 1942 τὸ
1199 1874 1299 1962 μέσον
1323 1873 1425 1942 αὐτοῦ

298 1996 431 2071 πρῶτον
438 2033 446 2064 ,
477 1975 549 2049 εἶτα
579 1985 622 2048 τὰ
652 1981 784 2066 έχόμενα
807 1980 1076 2067 ἀποσβέννυσθαι
1106 1971 1154 2048 δι’
1173 1982 1258 2048 δλου.
1304 1980 1425 2049 τοῦδέ

296 2091 423 2167 παντὸς
447 2087 701 2176 έξυγρανθέντος
723 2090 761 2156 τὸ
776 2085 912 2171 ἔσχατον
934 2099 992 2154 τοῦ
1013 2089 1118 2177 πυρὸς
1140 2087 1424 2178 άντιτυπήσαντας

298 2194 387 2283 αὐτῷ
409 2207 467 2262 τοῦ
488 2193 590 2278 μέσου
612 2194 798 2283 τρέπεσθαι
821 2195 924 2261 πάλιν
946 2191 993 2274 είς
1015 2192 1221 2276 τούναντίον,
1244 2184 1318 2262 εἶθ’
1337 2197 1423 2261 οὕτω

297 2301 493 2390 τρεπόμενον
516 2301 582 2368 δίνω
605 2300 705 2392 φησίν
728 2300 892 2382 αίίξεσθαι
915 2300 972 2367 καί
988 2301 1149 2390 άρχεσθαι
1173 2303 1365 2386 διακοσμεῖν
1383 2302 1423 2368 τὸ

298 2407 388 2474 όλον·
427 2407 485 2474 καὶ
514 2409 673 2498 τοσαότην
702 2406 856 2497 περίοδον
890 2407 940 2474 ἀεί
969 2407 1026 2474 καί
1058 2409 1273 2498 διακόσμησιν
1303 2431 1423 2475 ποιου-

299 2512 396 2597 μένου
419 2515 475 2581 τδν
498 2513 532 2581 έν
554 2513 597 2604 τῇ
619 2528 683 2580 τῶν
698 2515 781 2581 ὅλων
804 2511 898 2603 οὐσίᾳ
921 2513 1013 2582 τόνον
1034 2517 1080 2604 μή
1104 2515 1284 2582 παύεσθαι.
1309 2517 1422 2603 ὥσπερ

298 2622 359 2710 γὰρ
383 2617 453 2700 ἑνός
476 2645 563 2699 τινος
585 2623 628 2686 τά
649 2619 732 2710 μέρη
748 2622 859 2688 πάντα
883 2622 1002 2710 φόνιαι
1025 2620 1062 2688 έκ
1077 2622 1274 2709 σπερμάτων
1298 2621 1333 2688 έν
1351 2625 1423 2702 τοῖς

297 2729 483 2816 καθήκουσι
504 2727 648 2817 χρόνοις,
672 2729 756 2794 οὕτω
778 2726 918 2794 καὶτοῦ
940 2729 1017 2794 δλου
1038 2730 1081 2794 τὰ
1102 2727 1199 2818 μέρη,
1230 2724 1276 2795 ὧν
1297 2714 1423 2794 καὶτὰ

298 2832 367 2920 ζῷα
390 2832 447 2900 καί
470 2835 512 2900 τά
535 2835 623 2921 φυτὰ
645 2831 724 2899 ὅντα
747 2834 908 2920 τυγχάνει,
939 2830 973 2900 ἐν
995 2838 1066 2912 τοῖς
1088 2836 1272 2922 καθήκουσι
1294 2835 1423 2923 χρόνοις

297 2940 423 3028 φύεται.
455 2939 513 3005 καί
537 2941 649 3028 ὥσπερ
672 2937 758 3018 τινές
782 2939 872 3026 λόγοι
895 2954 961 3006 τῶν
982 2954 1088 3028 μερῶν
1111 2937 1158 3018 είς
1180 2939 1315 3029 σπέρμα
1331 2962 1423 3006 συνι-

297 3043 383 3123 όντες
399 3042 569 3130 μίγνυνται
585 3045 643 3112 καί
659 3043 759 3125 αὖθις
784 3044 1004 3132 διακρίνονται
1027 3045 1199 3134 γινομένων
1221 3060 1287 3112 τῶν
1305 3059 1422 3135 μερῶν,

298 3151 399 3230 οότως
430 3150 467 3230 έξ
497 3149 566 3231 ἑνός
594 3177 630 3220 τε
660 3151 771 3218 πάντα
801 3151 953 3239 γίνεσθαι
984 3153 1042 3220 καί
1065 3153 1101 3220 ἐκ
1129 3154 1263 3220 πάντων
1287 3149 1364 3238 [εἷς]
1389 3149 1424 3220 ἓν

297 3253 544 3346 συγκρίνεσθαι,
574 3257 641 3346 ὁδῷ
663 3258 721 3325 καί
743 3261 925 3348 συμφώνως
948 3260 1128 3349 διεξιούσης
1149 3273 1208 3348 της
1231 3259 1390 3347 περιόδου
1398 3271 1421 3326 ⁸.

188 3402 244 3444 ratio
369 3397 397 3442 a.
423 3386 523 3454 Λόγον
542 3386 732 3456 σπερματικὸν
755 3387 783 3438 et
806 3385 854 3438 δυο
873 3385 1027 3439 tribuebant
1050 3387 1079 3438 et
1096 3384 1209 3454 singulis
1227 3385 1422 3441 animantibus.

141 3455 271 3500 seminatrix
298 3472 338 3526 De
356 3473 404 3526 δεο
423 3489 444 3526 ε.
463 3473 525 3540 igne
543 3471 684 3530 artificioso
702 3473 734 3526 cf.
753 3473 830 3542 Diog.
849 3473 1021 3544 vl1135sq.
1040 3477 1083 3526 BP
1102 3474 1155 3528 398
1174 3476 1202 3526 et
1216 3472 1347 3529 Stob.l.l.
1358 3473 1422 3532 414.

296 3561 361 3616 DOX.
380 3561 434 3616 468
448 3564 555 3628 Ζήνωνι
571 3565 619 3616 καὶ
633 3565 770 3616 Κλεάνθει
785 3567 835 3616 καὶ
850 3568 1011 3637 Χρυσίππῳ
1030 3565 1137 3635 ἀρέσκει
1156 3564 1205 3628 τήν
1219 3565 1319 3618 οὐσίαν
1332 3583 1422 3637 μετα·

296 3653 405 3718 βάλλειν
433 3644 491 3704 οἷον
519 3654 558 3712 είς
576 3654 689 3724 σπέρμα
714 3653 746 3704 τδ
765 3659 834 3723 πῦρ,
863 3655 911 3706 καὶ
929 3655 1014 3706 πάλιν
1032 3653 1061 3706 ἐκ
1079 3654 1180 3705 τούτου
1199 3655 1331 3720 τοιαύτην
1349 3654 1422 3707 ἀπο-

297 3741 438 3793 τελεῖσθαι
465 3740 515 3806 τήν
537 3739 724 3812 διακόσμησιν
750 3743 796 3794 οἵα
815 3742 954 3814 πρότερον.
992 3739 1032 3794 De
1051 3739 1162 3808 singulis
1187 3740 1266 3794 rebus
1294 3741 1422 3795 animatis

296 3826 418 3880 dicebant
445 3827 523 3880 deum
546 3844 568 3881 ε.
587 3827 675 3896 ignem
693 3829 826 3882 continere
854 3832 962 3905 πάντας
989 3831 1053 3890 τοὺς
1081 3831 1286 3902 σπερματικοὺς
1312 3831 1421 3898 λόγους,

295 3910 363 3970 καθ’
389 3918 437 3978 οίίς
474 3916 577 3972 ἕκαστα
603 3914 670 3970 καθ’
697 3919 866 3990 εἱμαρμένην
897 3922 1017 3987 γίνεται,
1046 3935 1070 3971 ν.
1098 3917 1170 3972 Plan.
1194 3917 1253 3972 17.
1281 3917 1347 3972 Dox.
1366 3918 1422 3973 306

296 4006 349 4072 (BP
367 4005 420 4060 398
430 4005 478 4071 B);
503 4004 535 4060 ef.
554 4004 631 4074 Diog.
656 4005 709 4060 VII
729 4005 781 4060 148
806 4007 865 4060 ἔστι
889 4007 921 4060 δὲ
946 4008 1031 4078 φάσις
1053 4007 1108 4068 ἕξις
1125 4008 1154 4068 ἐξ
1173 4009 1256 4075 αίτῆς
1272 4011 1422 4080 κινουμένη

295 4095 366 4147 κατά
386 4095 591 4167 σπερματικοὺς
609 4096 721 4164 λόγους,
747 4097 923 4149 ἀποτελοῦσά
941 4099 1034 4149 τεκαὶ
1053 4100 1210 4166 συνέχουσα
1235 4097 1270 4149 τὰ
1289 4097 1319 4158 ἐξ
1338 4098 1422 4163 αὐτῆς

296 4181 326 4235 ἓν
352 4185 514 4255 ὡρισμένοις
532 4183 653 4256 χρόνοις.
690 4181 787 4237 Eodem
811 4183 875 4236 facit
899 4183 969 4253 quod
990 4182 1152 4254 Chrysippus
1175 4183 1301 4238 obsoenos
1319 4199 1421 4238 amores

296 4267 365 4322 Iovis
384 4273 412 4322 et
429 4269 537 4324 Iunonis
556 4269 627 4324 Sami
645 4271 730 4342 pictos
748 4271 976 4341 interpretabatur
995 4271 1027 4324 de
1045 4271 1157 4325 materia
1181 4274 1246 4334 τοὺς
1265 4289 1420 4345 σπερματι·

296 4359 360 4417 τοὺς
387 4360 485 4428 λόγους
512 4369 563 4414 τοῦ
588 4366 658 4415 θεοῦ
684 4365 723 4422 είς
749 4363 958 4434 κατακόσμησιν
985 4371 1039 4414 τῶν
1063 4362 1133 4416 ὅλων
1156 4360 1184 4416 in
1209 4377 1237 4414 se
1264 4361 1418 4432 excipiente,

296 4461 320 4498 v.
340 4442 412 4514 OrIg.
431 4463 453 4500 ι.
472 4446 540 4502 (kls.
558 4447 597 4501 IV
614 4449 649 4503 48
667 4465 694 4519 p.
712 4449 799 4516 54003
829 4449 940 4520 denique
968 4449 1138 4520 quodetiam
1162 4449 1264 4504 amimae
1289 4449 1420 4504 humanae
