3156 4988
310 317 364 374 38⁴
805 316 932 385 Epicurei.

312 477 482 563 ἀερώδους,
515 476 550 542 ἐκ
574 488 673 543 ποιοῦ
696 487 934 559 πνευματικοῦ,
962 474 999 540 ἐκ
1021 473 1176 560 τετάρτου
1199 474 1288 550 τινὸς
1311 471 1431 538 ἀκατο-

311 584 486 667 νομάστου·
521 595 616 650 τοῦτο
646 572 680 648 δ’
700 581 738 671 ήν
769 581 856 669 αὐτῷ
890 584 928 648 τὸ
964 579 1168 668 αἰσθητικόν.
1223 575 1267 644 ὧν
1300 582 1339 644 τὸ
1373 578 1432 662 μὲν

312 701 438 774 πνεῦμα
462 688 593 778 κίνησιν,
617 691 673 755 τόν
696 688 733 755 δὲ
748 687 827 773 ἀέρα
844 686 987 778 ἠρεμίαν,
1011 689 1049 752 τὸ
1074 686 1109 752 δὲ
1132 688 1255 773 θερμὸν
1277 689 1336 774 τὴν
1351 711 1429 774 φαι-

312 795 443 886 νομένην
472 797 661 885 θερμότητα
690 807 748 862 τοῦ
777 797 944 880 σώματος,
975 796 1013 860 τὸ
1036 783 1068 858 δ’
1088 793 1354 878 ἀκατονόμαστον
1376 795 1433 881 τὴν

311 904 344 970 ἐν
367 907 444 993 ἡμῖν
467 903 618 986 ἐμποιεῖν
642 900 815 990 αἴσθησιν·
840 901 872 967 ἐν
895 901 999 969 οὐδενὶ
1015 903 1076 988 γάρ
1099 915 1165 965 τῶν
1187 899 1434 984 ὀνομαζομένων

310 1009 476 1092 στοιχείων
499 1003 582 1076 εἶναι
606 1006 790 1098 αἶ’σθησινλ.

383 1185 411 1225 a.
431 1171 535 1240 Epicur.
555 1169 673 1240 Epist.l
698 1187 739 1240 ap.
758 1170 834 1238 Diog.
854 1169 879 1222 X
897 1169 931 1224 67
956 1187 981 1240 p.
1002 1169 1035 1222 21
1061 1169 1108 1222 Us.
1133 1165 1201 1222 καθ’
1220 1170 1301 1222 ἑαυτὸ
1327 1169 1357 1222 ἀὲ
1385 1169 1434 1220 οὐκ

311 1261 369 1314 ἔστι
393 1270 492 1327 νοῆσαι
517 1262 549 1312 τό
575 1262 726 1332 ἀσώματον
751 1261 822 1325 πλὴν
847 1269 896 1312 τοῦ
913 1269 999 1312 κενοῦ.
1038 1261 1069 1311 τὸ
1088 1259 1118 1312 ἀὲ
1138 1260 1216 1311 κενὸν
1235 1261 1296 1310 οότε
1316 1266 1434 1323 ποιῆσαι

312 1353 373 1403 οὔτε
406 1356 509 1402 παθεῖν
537 1350 669 1411 δύναται,
699 1351 768 1401 ἀλλὰ
796 1353 904 1415 κίνησιν
930 1350 1020 1420 μόνον
1048 1343 1089 1400 ‹a'
1107 1348 1208 1400 ἑαυτοῦ
1235 1352 1293 1406 τοῖς
1322 1349 1432 1416 σώμασι

311 1443 467 1510 παρέχεται.
505 1435 576 1509 ὥσθ’
595 1441 623 1490 οἱ
640 1441 764 1506 λέγοντες
791 1439 942 1508 ἀσώματον
960 1437 1030 1489 εἶναι
1056 1437 1104 1502 τήν
1132 1437 1224 1505 ψυχὴν
1251 1431 1432 1507 ματήζουσιν.

312 1528 396 1580 οὐθὲν
423 1529 477 1596 γάρ
506 1531 541 1579 ἀν
568 1527 686 1580 ἐδύνατο
715 1533 806 1580 ποιεῖν
835 1531 896 1580 οὔτε
926 1529 1053 1595 πάσχειν,
1083 1531 1108 1578 εί
1126 1523 1159 1591 ἦν
1177 1527 1303 1590 τοιαύτη·
1333 1533 1384 1576 νῦν
1402 1519 1430 1576 ‹5'

311 1618 432 1686 ἐναργῶς
446 1617 591 1687 ἀμφότερα
607 1626 692 1668 ταῦτα
708 1621 855 1688 συμβαίνει
871 1617 881 1653 ¹
897 1620 959 1686 περὶ
970 1616 1018 1680 τήν
1029 1616 1121 1684 ψυχήν
1135 1615 1169 1666 τά
1184 1615 1389 1686 συμπτώματα.
1401 1642 1433 1650 -

312 1703 378 1758 Cum
397 1720 489 1756 seusus
507 1703 621 1772 pendeat
639 1704 671 1756 ab
690 1703 791 1756 animae
810 1720 869 1756 cum
887 1720 993 1773 corpora
1012 1703 1203 1768 coniunctione,
1229 1704 1434 1754 consentaneum

312 1796 354 1845 ast
371 1792 421 1844 hac
440 1792 528 1844 soluta
545 1792 618 1844 illam
637 1791 759 1845 interire:
778 1791 882 1862 Epicur.
902 1791 987 1861 Epist,
1006 1791 1020 1844 Ι
1039 1809 1079 1860 ap.
1094 1791 1170 1859 Diog.
1185 1789 1211 1843 X
1230 1791 1272 1845 65.
1291 1808 1317 1860 p.
1337 1791 1372 1844 21
1387 1789 1433 1843 Us.

310 1883 431 1954 καὶμὴν
449 1885 497 1934 καὶ
515 1884 651 1953 λυομένου
676 1891 725 1934 τοῦ
749 1882 814 1934 ὅλου
834 1883 1026 1956 ἀθροίσματος
1045 1883 1060 1947 ή
1080 1883 1157 1951 ψυχὴ
1175 1881 1371 1952 διασπείρεται
1389 1885 1433 1934 καὶ

312 1973 400 2025 οὐκέτι
429 1972 485 2041 ἔχει
513 1973 562 2031 τὰς
590 1973 675 2031 αὐτάς
702 1971 837 2040 δυνάμεις
866 1971 931 2024 οὐδὲ
958 1977 1087 2036 κινεῖται,
1116 1969 1185 2024 ὥστε
1212 1967 1275 2023 οὐδ’
1300 1975 1436 2036 αἴσθησιν

310 2066 441 2128 κέκτηται,
481 2063 513 2112 οὐ
541 2062 595 2132 γὰρ
623 2054 683 2112 οἷόν
712 2079 740 2112 τε
768 2065 842 2114 νοεῖν
866 2061 923 2112 τόἳ
943 2061 1152 2132 αἰσθανόμενον
1175 2061 1216 2131 μὴ
1241 2061 1270 2112 ἐν
1288 2062 1379 2128 τούτῳ
1399 2063 1435 2128 τῷ

312 2152 468 2222 συστήματι
486 2154 532 2202 καὶ
551 2155 612 2210 ταῖς
629 2151 752 2215 κινήσεσι
770 2151 887 2208 ταύταις
901 2153 1054 2220 χρωμένην,
1075 2149 1142 2202 ὅταν
1156 2150 1190 2200 τά
1205 2151 1375 2216 στεγάζοντα
1389 2153 1434 2202 καὶ

312 2245 474 2313 περιέχοντα
502 2240 542 2310 μή
570 2248 686 2291 τοιαῦτα
705 2230 720 2310 ή
740 2240 769 2292 ἐν
789 2231 829 2298 οἷς
848 2248 898 2290 νῦν
923 2235 993 2290 οὖσα
1018 2239 1074 2308 ἔχει
1101 2239 1203 2298 ταύτας
1231 2239 1279 2296 τὰς
1305 2239 1432 2304 κινήσεις.

311 2327 349 2382 cf.
369 2327 439 2380 Sext.
458 2327 543 2380 Math.
562 2327 601 2379 IX
621 2327 667 2394 72;
687 2327 790 2379 Lucret.
809 2325 966 2395 111413sq.
1004 2326 1116 2379 Mortem
1134 2326 1218 2393 igitur
1236 2343 1287 2379 nou
1306 2323 1433 2396 estquod

310 2417 544 2486 perhorrescamus,
564 2415 774 2485 quandoquidem
787 2415 877 2468 nullus
891 2419 952 2485 post
965 2431 1022 2468 eam
1036 2419 1126 2468 manat
1140 2431 1245 2478 sansus;
1265 2416 1296 2468 cf.
1311 2420 1356 2468 BP
1371 2415 1431 2469 382.

380 2557 411 2614 b.
431 2558 543 2612 Easdem
556 2561 646 2629 partes
660 2561 796 2611 enumerat
810 2558 912 2611 Lucret.
928 2558 968 2610 III
982 2559 1034 2612 227
1045 2575 1084 2628 sq.
1101 2588 1134 2596 -·
1153 2557 1335 2626 Cogniticnem
1346 2573 1434 2610 rerum

310 2649 446 2718 repetebat
465 2648 497 2700 ab
517 2647 725 2700 emanationibus
745 2647 943 2700 simulacrorum
961 2664 1008 2717 par
1027 2663 1118 2700 sensus
1136 2647 1164 2700 in
1183 2647 1296 2700 animam
1314 2651 1434 2700 nostram

309 2737 523 2807 penetrantibus:
551 2735 656 2806 Epicur.
676 2736 793 2806 Epist.I
819 2753 859 2806 ap.
878 2735 955 2804 Dicg.
975 2737 1000 2790 X
1018 2738 1053 2791 46
1078 2755 1102 2807 p.
1123 2735 1201 2790 9Us.
1229 2741 1276 2790 καὶ
1302 2739 1360 2810 μὴν
1388 2743 1432 2792 καὶ

310 2829 394 2880 τόποι
413 2829 634 2898 ὁμοιοσχήμονες
657 2831 714 2886 τοῖς
733 2832 902 2898 στερεμνίοις
921 2830 989 2889 εἰσί,
1020 2830 1183 2894 λεπτότησιν
1208 2829 1359 2897 ἀπέχοντες
1377 2849 1433 2900 μα-

164 2929 283 2970 simulacra
310 2917 379 2989 κράν
403 2925 457 2967 τῶν
475 2919 659 2987 φαινομένων.
685 2942 720 2953 -
745 2917 861 2976 τούτους
879 2916 911 2970 ἀὲ
930 2918 994 2977 τοὺς
1013 2919 1117 2977 τόπους
1135 2917 1267 2970 staura
1287 2934 1432 2986 προσαγο-

311 3005 433 3075 ρεύομεν.
471 3003 510 3056 Ib.
530 3003 565 3056 48
584 3021 609 3072 p.
630 3005 660 3056 ll
682 3005 802 3078 καὶγὰρ
821 3006 912 3078 ῥεῦσις
931 3007 990 3058 ἀπὸ
1008 3016 1062 3058 τῶν
1076 3009 1213 3078 σωμάτων
1231 3016 1281 3058 τοῦ
1299 3007 1434 3072 ἐπιπολῆς

311 3094 437 3162 συνεχής,
466 3094 515 3144 οὐκ
539 3093 669 3159 έπίάηλος
694 3096 725 3166 τῇ
750 3095 864 3165 μειώσει
883 3094 932 3147 aa
952 3096 1000 3160 τὴν
1018 3096 1277 3166 ἀνταναπλήρωσιν,
1307 3091 1433 3164 σῴζουσα

311 3183 360 3248 τήν
377 3183 424 3235 ἐπὶ
443 3191 493 3235 τοῦ
512 3188 673 3255 στερεμνίου
691 3188 774 3236 θέσιν
790 3187 837 3236 καὶ
853 3186 931 3244 τάξιν
950 3194 1004 3236 τῶν
1022 3185 1134 3254 ἀτόμων
1153 3185 1200 3238 ἐπὶ
1219 3185 1309 3237 πολὺν
1319 3186 1433 3258 χρόνον,

311 3275 335 3323 εί
352 3275 399 3323 καὶ
417 3271 503 3324 ένίοτε
523 3276 696 3344 συγχεομένη
716 3274 840 3346 ὑπάρχει.
878 3269 916 3326 Cf.
935 3272 1101 3325 Democritus
1120 3274 1173 3338 (ΕΡ
1192 3272 1244 3326 155
1255 3273 1319 3342 sq.)‚
1339 3273 1382 3326 cui
1400 3272 1432 3326 ai·

310 3359 426 3412 mulacra
451 3359 478 3411 in
503 3363 562 3412 aare
581 3359 700 3424 nascilet
717 3377 764 3429 par
782 3363 843 3412 abra
861 3360 894 3412 ad
912 3377 960 3413 nos
984 3377 1089 3413 manare
1108 3360 1238 3414 statuenti
1256 3359 1387 3430 Epicurus
1405 3361 1432 3413 in

310 3464 339 3500 eo
358 3448 524 3513 adversatur,
554 3448 623 3517 quod
650 3447 698 3500 illa
720 3465 768 3517 per
791 3449 869 3501 inane
893 3447 998 3501 infinita
1016 3449 1151 3502 celeritate
1175 3449 1208 3500 ad
1226 3465 1275 3502 nos
1293 3453 1432 3519 penetrare

310 3537 448 3590 censebat:
467 3537 502 3590 ib.
522 3538 564 3590 47.
583 3537 628 3590 49.
646 3537 690 3590 52.
709 3538 753 3591 53.

376 3769 502 3850 Epicur.
526 3767 628 3851 Epist.
652 3768 703 3832 111
732 3788 781 3852 ap.
805 3769 895 3851 Dicg.
922 3779 984 3836 123
1008 3791 1037 3854 p.
1063 3779 1103 3836 59
1128 3769 1185 3836 Us.
1230 3759 1277 3834 t*A
1307 3769 1345 3836 δι’
1377 3779 1476 3837 σοιθθ

309 3887 444 3956 συνεχῶς
468 3873 699 3961 παρήγγελλον,
723 3885 829 3940 ταῦτα
852 3873 910 3940 καὶ
932 3886 1058 3961 πρᾶττε
1087 3875 1145 3940 καὶ
1166 3875 1304 3959 μελέτα,
1325 3901 1429 3944 στοι-

307 3985 379 4062 χεῖα
402 3991 461 4046 τοῦ
483 3981 592 4056 καλῶς
619 3979 675 4068 ζήν
704 3971 800 4046 ταῦτ’
820 3974 902 4048 εἶναι
926 3982 1174 4066 διαλαμβάνων·
1210 3997 1344 4072 πρῶτον
1370 3983 1430 4068 μὲν

309 4089 364 4154 τόν
387 4089 465 4153 θεὸν
487 4085 570 4173 ζῷον
593 4085 770 4174 άφθαρτον
792 4087 850 4154 καὶ
871 4089 1034 4176 μακάριον
1055 4087 1202 4172 νομίζων,
1226 4091 1270 4168 ὡς
1292 4093 1313 4179 ή
1339 4092 1428 4177 κοινή

309 4204 367 4258 τοῦ
401 4199 483 4259 θεοῦ
516 4192 624 4282 νόησις
658 4194 845 4284 ὑπεγράφη,
887 4194 995 4283 μηθὲν
1027 4197 1109 4284 μήτε
1129 4209 1200 4285 τῆς
1234 4193 1430 4285 ἀφθαρσίας

308 4355 522 4367 ...m

380 4441 408 4504 1)
428 4448 574 4513 συμβαίνει
592 4443 653 4497 Ua:
673 4445 857 4518 διαλαμβάνει
875 4443 945 4498 libri.
964 4474 999 4482 -
1018 4445 1045 4509 2)
1065 4448 1096 4498 τό
1113 4446 1174 4500 Ua:
1195 4419 1348 4502 attaliam
