3148 4984
658 320 787 374 Plotinus.
1231 313 1285 375 529

68 497 70 502 ·
165 485 226 538 οὔτε
247 502 273 534 τι
292 483 347 552 ἔχει
367 482 382 536 ὃ
400 484 503 550 ἀγνοεῖ,
528 481 559 534 ἓν
582 481 613 536 δὲ
633 484 664 534 ὃν
683 482 768 536 συνὸν
788 481 861 548 αὐτῷ
881 480 914 533 οὐ
933 479 1023 533 δεῖται
1041 480 1159 546 νοήσεως
1176 477 1283 532 ἑαυτοῦ.

164 573 225 624 ἐπεὶ
252 570 316 624 οὐδὲ
340 571 372 624 τὸ
392 575 516 624 συνεῖναι
534 569 581 624 δεῖ
597 572 785 642 προσάπτειν,
814 571 860 622 ἵνα
880 571 960 642 τηρῇς
978 569 1010 620 τό
1028 566 1073 633 ἐν,
1101 568 1235 621 ἀλλὰκαὶ
1254 569 1286 620 τό

164 665 240 713 νοεῖν
268 663 314 714 καὶ
343 661 375 712 τό
394 659 545 713 συνεῖναι1
564 659 695 732 ἀφαιρεῖν
722 661 770 711 καὶ
796 657 899 710 ἑαυτοῦ
924 657 1021 722 νόησιν
1044 659 1091 709 καὶ
1116 665 1170 708 τῶν
1189 659 1284 708 άλλων.

164 745 258 820 Neque
275 747 360 816 igibur
378 763 425 816 per
443 763 471 800 εε
489 748 589 813 νοητόν
606 749 657 812 est,
683 745 730 800 sed
748 747 878 816 quatenus
897 743 1010 798 refertur
1029 743 1062 796 τό
1080 753 1158 798 νοῦνε
1181 743 1206 796 V
1225 744 1250 810 6,
1269 743 1286 797 2

165 840 233 910 πρὸς
250 839 304 910 μὲν
321 839 370 890 τόν
387 847 454 890 νοῦν
472 837 571 902 νοητόν
590 835 676 900 ἔσται,
690 829 759 889 καθ’
776 835 859 889 ἑαυτό
878 833 910 888 δὲ
929 837 990 888 οὔτε
1009 842 1091 887 νοοῦν
1109 837 1169 888 οὔτε
1187 835 1287 900 νοητὸν

164 932 262 998 κυρίως
279 927 365 980 ἔσται.
403 924 495 995 Neque
513 924 678 978 voluntatem
696 923 790 991 habet3
818 925 899 994 quaro
917 921 987 993 quod
1010 923 1112 976 soleta
1129 921 1234 976 Plofino
1253 921 1287 974 εδ

165 1013 271 1068 modum
294 1013 416 1068 Platonis
439 1013 543 1068 Bonum
566 1013 708 1084 appellari,
735 1014 935 1086 τροπικώτερον
953 1011 1145 1082 accipiendum:
1168 1010 1206 1064 v1
1225 1012 1250 1078 9,
1269 1013 1287 1070 6

166 1103 235 1158 ὥστε
254 1107 291 1172 tq*
310 1104 350 1156 ἑνὶ
370 1102 454 1158 οὐδὲν
473 1104 585 1173 ἀγαθόν
607 1104 690 1157 ἐστιν.
723 1102 789 1156 οὐδὲ
806 1103 935 1169 βούλησις
953 1106 1048 1156 τοίνυν
1066 1100 1192 1166 οὐδενός,
1221 1096 1283 1154 ἀλλ’

166 1193 242 1246 ἔστιν
266 1194 517 1265 ὑπεράγαθονκαὶ
543 1193 611 1245 αὐτὸ
631 1191 682 1261 οὐχ
700 1191 803 1260 ἑαυτῷ,
831 1196 890 1251 τοῖς
908 1186 939 1244 δ’
958 1193 1049 1252 ἄλλοις
1068 1191 1189 1260 ἀγαθόν,
1218 1194 1244 1244 εί
1260 1210 1287 1243 τι

167 1282 254 1334 αὐτοῦ
282 1281 400 1334 δύναται
427 1283 659 1352 μεταλαμβάνειν.
695 1277 733 1332 VI
752 1279 783 1344 7,
801 1280 837 1334 38
865 1281 983 1351 λέγομεν
1010 1279 1042 1332 δὲ
1070 1280 1197 1350 τάγαθόν
1225 1281 1287 1352 περὶ

168 1370 253 1423 αὐτοῦ
270 1373 396 1439 λέγοντες
415 1371 464 1422 οὐκ
482 1369 558 1422 αὐτό.
595 1367 687 1438 Neque
706 1369 776 1443 ἀρχὴ
794 1370 822 1421 ot
841 1371 931 1422 αἴτιον
949 1367 1098 1438 appellatur
1115 1367 1232 1438 proprie:
1249 1366 1289 1420 VI

165 1459 191 1524 8,
210 1459 228 1511 8
247 1460 339 1511 πάντα
358 1457 412 1528 γάρ
430 1459 535 1511 ἐκείνου
553 1461 600 1510 καὶ
618 1459 653 1510 τὰ
673 1458 743 1510 καλὰ
757 1461 804 1510 καὶ
822 1457 857 1510 τὰ
872 1459 961 1529 σεμνά
980 1457 1091 1530 ὕστερον·
1110 1460 1216 1510 τούτων
1233 1458 1288 1528 γὰρ

167 1548 249 1608 αὐτὸς
268 1547 347 1621 ἀρχή,
367 1550 459 1599 καίτοι
479 1548 563 1598 άλλον
581 1547 686 1617 τρόπον
705 1546 754 1598 οὐκ
772 1546 849 1616 ἀρχή.
886 1544 926 1598 Ib.
941 1545 998 1612 9,3
1017 1546 1078 1599 ἐπεὶ
1090 1549 1138 1598 καὶ
1151 1547 1183 1598 τό
1198 1550 1289 1598 αἴτιον

157 1639 254 1705 ’λέγειν
273 1636 307 1688 οὐ
324 1639 487 1708 κατηγορεῖν
505 1635 564 1689 ἐστι
583 1635 752 1706 συμβεβηκός
766 1653 794 1686 τι
813 1635 893 1703 αὐτῷ,
913 1630 974 1686 ἀλλ’
991 1635 1066 1706 ἡμῖν,
1084 1634 1128 1687 ὅτι
1146 1635 1247 1707 ἔχομέν
1261 1654 1288 1688 τι

167 1721 234 1796 παρ’
256 1726 343 1777 αὐτοῦ
361 1724 466 1777 ἐκείνου
491 1726 570 1784 ὄντος
589 1723 619 1776 ἐν
638 1724 719 1792 αὐτῷ.
755 1721 847 1792 Ipsum
863 1721 949 1776 Unius
968 1739 1062 1776 nomon
1079 1737 1173 1791 parum
1191 1737 1288 1776 οοοοω·

166 1811 302 1866 modatum
321 1828 378 1865 esse
397 1811 463 1865 dicit
481 1827 564 1880 neque
583 1811 687 1865 omnino
705 1810 788 1864 ullam
806 1811 862 1864 eius
882 1811 1019 1865 scientiam
1037 1827 1094 1864 esse
1112 1811 1147 1865 ib.
1167 1812 1192 1878 9,
1212 1812 1229 1865 5
1258 1815 1289 1865 τὸ

167 1901 209 1966 ἕν,
235 1889 366 1974 ᾦόνομα
388 1901 441 1974 μὲν
465 1896 528 1955 κατ’
545 1902 677 1967 ἀλήθειαν
696 1900 779 1954 οὐδὲν
796 1909 947 1973 προσῆκον·
976 1905 1053 1972 εἴπερ
1071 1899 1103 1954 δὲ
1122 1901 1167 1954 δεῖ
1184 1902 1289 1972 όνομοὶ·

168 2007 224 2055 σαι,
243 2001 339 2051 κοινῶς
354 1991 393 2043 av
410 1993 520 2060 λεχθείη
540 1989 732 2059 προσηκόντως
750 1989 786 2054 ἓν,
808 1991 859 2059 οὐχ
879 1991 914 2050 ὡς
933 1991 1009 2054 ἄλλο,
1027 1989 1086 2042 εἶτα
1105 1989 1141 2042 ἓν.
1173 1986 1288 2043 Cf.Enn.

167 2078 191 2129 V
209 2079 234 2144 3,
255 2079 290 2133 13
310 2079 421 2132 διὸκαὶ
440 2083 558 2151 άρρητον
576 2081 608 2151 τῇ
627 2079 757 2145 ἀληθείᾳ·
777 2078 793 2130 ὅ
811 2098 838 2131 τι
856 2079 910 2151 γὰρ
930 2081 965 2130 ἂν
978 2082 1063 2150 εἴπης,
1083 2081 1110 2130 τὶ
1124 2079 1198 2149 ἐρεῖς.
1218 2079 1287 2130 ἀλλὰ

168 2169 200 2221 τό
226 2169 352 2222 ἐπέκεινα
377 2169 490 2222 πάντων
513 2170 560 2221 καὶ
583 2168 708 2220 ἐπέκεινα
733 2176 785 2219 τοῦ
808 2169 983 2237 σεμνοτάτου
1000 2176 1064 2231 νοῦ,
1093 2167 1122 2220 ἐν
1140 2171 1199 2226 τοῖς
1217 2175 1288 2220 πᾶσι

166 2257 257 2326 μόνον
275 2257 374 2322 ἀληθὲς
393 2258 442 2310 οὐκ
460 2260 551 2328 ὄνομα
570 2257 602 2308 ὂν
621 2257 708 2308 αὐτοῦ
726 2257 793 2308 άλλο
812 2275 838 2308 τι
852 2255 872 2319 ²,
894 2258 955 2308 οὔτε
974 2259 1001 2308 τὶ
1022 2265 1076 2308 τῶν
1094 2257 1208 2307 πάντων
1226 2258 1288 2308 οὔτε

168 2348 259 2417 ὄνομα
279 2347 378 2409 αὐτοῦ,
404 2345 448 2398 δτι
464 2344 554 2416 μηδὲν
570 2342 635 2398 κατ’
653 2345 750 2397 αὐτοῦ·
782 2339 854 2408 ἀλλ’,
874 2345 909 2404 ὡς
927 2343 1081 2414 ἐνδέχεται,
1108 2345 1177 2416 ἡμῖν
1195 2345 1290 2404 αὐτοῖς

168 2438 315 2506 σημαίνειν
334 2435 528 2505 ἐπιχειροῦμεν
546 2437 610 2507 περὶ
629 2434 723 2486 αὐτοῦ.
758 2431 796 2485 VI
813 2432 876 2499 8,ss
902 2433 984 2487 οὐδὲν
1003 2435 1038 2485 δν
1055 2433 1183 2505 εὕροιμεν
1200 2437 1289 2487 εἰπεῖν

170 2523 221 2592 οὐχ
239 2523 282 2576 ότι
300 2517 364 2576 κατ’
383 2523 478 2588 αὐτοῦ,
498 2517 562 2574 ἀλλ’
586 2520 652 2574 οὐδὲ
670 2524 733 2592 περὶ
752 2521 839 2574 αὐτοῦ
855 2525 959 2594 κυρίως.
1289 2512 1292 2518 ’

10 2761 11 2766 1
118 2735 159 2776 επ
216 2718 315 2784 Eun.
338 2716 373 2780 H
398 2724 433 2793 9,
463 2725 491 2780 1.
545 2711 586 2780 Εἰ
615 2711 669 2780 οὖν
699 2715 749 2799 (τὸ
772 2708 819 2798 ἓν)
849 2712 933 2803 μηδὲ
961 2704 1050 2801 παρ’
1076 2712 1176 2780 άλλου
1205 2712 1289 2803 μηδὲ
1310 2707 1503 2812 Ρήὶξζξξζξξξω

169 2821 204 2888 ἐν
233 2820 321 2908 άλλη)
348 2818 432 2910 μηδὲ
460 2820 610 2900 σύνθεσις
637 2817 794 2909 μηδεμία,
823 2819 946 2908 ἀνάγκη
974 2819 1076 2910 μηδὲν
1104 2820 1187 2909 ὑπὲρ
1212 2821 1290 2888 αὐτὸ

169 2921 261 2996 εἶναι.
294 2927 332 2994 οὐ
354 2925 462 2995 τοίνυν
478 2928 527 2994 δεῖ
542 2916 599 3016 ἐφ’
619 2924 731 3015 ἑτέρας
753 2927 853 3015 ἀρχάς
868 2924 961 3008 ἰέναι,
985 2926 1070 2992 ἀλλὰ
1092 2938 1187 2994 τοῦτο
1205 2952 1290 3016 προ-

170 3034 399 3123 στησαμένους,
422 3026 494 3100 εἶτα
510 3044 582 3100 νοῦν
596 3023 670 3117 μετ’
693 3032 846 3100 αὐτὸκαὶ
869 3035 907 3100 τό
930 3043 1021 3100 νοοῦν
1044 3035 1193 3120 πρώτως,
1217 3027 1290 3102 εἶτα

170 3143 276 3230 ψυχὴν
298 3143 381 3225 μετὰ
403 3151 492 3207 νοῦν·
523 3141 604 3228 αῦτη
628 3143 688 3228 γάρ
711 3139 806 3220 τάξις
829 3142 915 3206 κατὰ
938 3140 1044 3229 φύσιν.
1082 3143 1163 3230 μήτε
1185 3140 1290 3208 πλείω

170 3248 292 3314 τούτων
313 3245 477 3313 τίθεσθαι
500 3245 533 3313 ἐν
555 3245 603 3334 τῷ
617 3245 723 3335 νοητῷ
737 3247 818 3335 μήτε
833 3245 974 3312 ἐλάττω·
998 3242 1063 3312 εἴτε
1078 3248 1138 3333 γὰρ
1155 3246 1289 3329 ἐλάττω,

171 3355 319 3443 ἢψυχὴν
349 3352 407 3419 καὶ
429 3364 501 3419 νοῦν
523 3352 625 3420 ταύτὸ
649 3354 822 3443 φήσουσιν,
857 3353 973 3442 ἢνοῦν
1002 3351 1060 3418 καὶ
1082 3355 1120 3419 τὸ
1142 3367 1290 3440 πρῶτον·

172 3449 246 3526 ἀλλ’
266 3461 317 3526 ὅτι
347 3458 442 3547 ἕτεροι
472 3459 619 3548 ἀλλήλων
649 3455 779 3548 ἐδείχθη
810 3459 968 3547 πολλαχῆ.
1009 3460 1126 3526 λοιπὸν
1156 3457 1193 3526 δὲ
1215 3459 1291 3526 ἐπι-

172 3565 371 3654 σκέψασθαι
405 3565 439 3632 ἐν
472 3566 520 3652 τῷ
550 3565 706 3654 παρόντι,
741 3562 771 3632 εἰ
799 3562 905 3632 πλείω
934 3579 999 3632 τῶν
1028 3579 1128 3654 τριῶν
1160 3568 1291 3634 τούτων.

172 3668 255 3750 τίνες
278 3672 317 3737 δν
339 3669 394 3738 οὖν
415 3664 478 3738 εἶεν
500 3671 614 3761 φάσεις
636 3661 723 3759 παρ’
743 3670 861 3755 αὐτάς,
895 3685 952 3760 τῆς
974 3696 1011 3738 τε
1038 3675 1098 3760 γάρ
1122 3671 1292 3762 λεχθείσης

173 3778 274 3856 οὕτως
296 3773 378 3860 ἐηηειν
401 3777 499 3866 ἀρχῆς
530 3790 588 3866 τῆς
610 3777 744 3844 πάντων
767 3777 871 3856 οὐδεὶς
893 3779 933 3844 δίν
955 3780 1042 3866 εὕροι
1064 3779 1292 3868 ἁπλουστέραν

173 3882 247 3950 οῦδὲ
276 3883 561 3973 ἐπαναβεβηκνῖαν
591 3886 766 3972 ἡντιναοῦν.
803 3923 845 3932 -
880 3873 954 3950 οὐδ’
986 3883 1128 3951 ἐπινοεῖν
1156 3887 1212 3953 τὸν
1233 3885 1292 3969 μέν

173 4015 247 4056 τινα
269 4001 342 4056 νοῦν
365 3989 398 4056 ἐν
420 3987 537 4079 ἡσυχίᾳ
559 3988 634 4069 τινί,
657 3992 714 4058 τόν
736 3989 772 4057 δὲ
795 3981 863 4057 οἷον
886 3992 1080 4074 κινούμενον.
1105 4029 1149 4040 -
1172 3991 1209 4059 οὔ
1231 3995 1294 4080 μὴν
1346 3982 1348 3988 ’
1448 4039 1457 4056 .

174 4094 248 4162 οὐδὲ
270 4097 325 4162 διὰ
348 4106 444 4163 τοῦτο
467 4093 602 4176 πλείους
626 4107 700 4176 νοῦς
722 4101 839 4178 ποιεῖν,
864 4094 893 4164 εί
916 4097 934 4162 ό
956 4096 1016 4180 μὲν
1038 4100 1104 4164 νοεῖ
1126 4098 1144 4164 ό
1167 4097 1203 4164 δὲ
1226 4102 1294 4164 νοεῖ

173 4201 225 4268 ὅτι
253 4206 328 4268 νοεῖ.
368 4201 426 4269 καί
456 4205 516 4291 γάρ
546 4200 576 4269 εί
599 4202 679 4269 ἄλλο
702 4205 740 4270 τὸ
770 4202 803 4270 ἐν
825 4204 952 4281 τούτοις
976 4208 1067 4286 νοεῖν,
1092 4203 1172 4272 δίλλο
1196 4203 1293 4272 δὲτὸ

246 4432 272 4497 1)
284 4439 469 4488 συνεῖναιΒΡε
481 4439 603 4489 συνιέναι
612 4435 682 4489 libri.
691 4463 724 4474 -
732 4406 796 4499 mv
805 4441 863 4495 τοῖς
873 4449 946 4490 πασι
955 4463 988 4474 -
1000 4437 1065 4489 άλλο
1073 4457 1099 4490 τι
1106 4436 1182 4490 eiecit
1188 4435 1292 4490 Miiller.
