3146 4982
281 297 336 360 421
740 299 821 353 Stoici
839 298 945 369 priores,

283 448 311 516 11
335 464 387 518 138
417 465 464 528 τὴν
492 462 523 515 δὲ
551 461 735 534 εὐδαιμονίαν
763 464 778 513 ό
807 462 902 526 Ζήνων
932 461 1051 532 ὡρίσατο
1080 459 1128 510 τὸν
1156 457 1260 527 τρόπον
1293 463 1409 507 τοῦτον·

284 553 507 624 εὐδαιμονία
527 546 558 604 δ’
576 552 651 604 ἐστὶν
670 553 763 621 εὔροια
782 553 852 617 βίον.

355 676 385 731 b.
413 675 451 730 Cf.
471 673 609 744 Chrysipp.
628 691 668 744 ap.
688 673 764 742 Diog.
783 671 835 724 v11
852 671 887 727 87
907 677 950 725 BP
969 672 1022 726 390
1045 673 1073 724 et
1096 670 1131 724 ib.
1150 671 1185 724 88
1215 669 1313 742 διόπερ
1333 672 1411 730 τέλος

284 769 391 834 γίνεται
417 767 448 817 τὸ
474 765 633 834 ἀκολούθως
658 766 689 836 τῇ
710 765 794 833 φύσει
813 764 866 828 ζῆν,
891 762 959 834 ὅπερ
973 763 1033 815 ἐστὶ
1051 763 1122 813 κατά
1142 778 1169 814 τε
1189 761 1237 825 τὴν
1257 761 1344 811 αὑτοῦ
1361 752 1421 811 καλ

284 855 355 907 κατὰ
375 855 423 918 τὴν
442 864 495 906 τῶν
514 854 592 919 ὅλων,
612 851 695 905 οὐδὲν
712 853 891 922 ἐνεργοῦντας
910 845 948 902 ὧν
967 851 1152 920 ἀπαγορεύειν
1170 853 1267 902 εἴωθεν
1292 849 1411 919 όνόμος

286 943 423 1006 ὁκοινός,
450 943 536 1014 ὅσπερ
560 943 636 995 ἐστὶν
660 942 778 1011 ὁόρθὸς
805 941 886 1010 λόγος
905 940 954 994 διὰ
981 942 1095 993 πόντων
1112 940 1272 1010 ἐρχόμενος,
1292 939 1308 989 ὁ
1327 939 1412 996 αὐτὸς

285 1033 323 1082 ὢν
341 1034 379 1099 τῷ
399 1034 447 1083 Ad
466 1014 638 1102 καθηγεμόνι
657 1031 744 1098 τούτῳ
764 1039 810 1096 τῆς
829 1039 883 1082 τῶν
902 1029 972 1081 ὅλων
990 1028 1151 1094 διοικήσεως
1170 1031 1236 1080 ὄντι.
1274 1023 1311 1080 Cf.
1328 1024 1412 1094 Chry-

286 1120 352 1190 sipp.
372 1137 413 1190 ap.
433 1119 505 1173 Plut.
525 1119 556 1172 de
575 1117 654 1171 Stolo.
674 1117 738 1187 Rep.
759 1119 784 1183 9,
803 1117 821 1170 2
839 1135 865 1188 p.
886 1117 956 1171 1035
975 1118 1028 1183 (BP
1047 1115 1142 1180 390a).
1162 1144 1194 1154 —
1214 1114 1290 1182 Diog.
1309 1113 1411 1168 Vssau

286 1211 374 1280 φύσιν
392 1209 424 1263 δὲ
444 1211 613 1282 Χρύσιππος
630 1207 685 1280 μὲν
703 1209 833 1272 ἐξακούει,
854 1195 869 1280 ᾗ
889 1208 1048 1265 ἀκολούθως
1067 1205 1111 1259 δεῖ
1130 1207 1181 1272 ζῆν,
1202 1207 1250 1271 τήν
1269 1223 1297 1257 τε
1315 1205 1412 1271 κοινὴν

285 1301 332 1351 καὶ
351 1298 429 1358 ἰδίως
447 1298 495 1363 τὴν
514 1299 705 1370 ἀνθρωπίνην·
735 1299 750 1349 ὁ
769 1296 801 1349 δὲ
821 1299 964 1362 Κλεάνθης
984 1296 1031 1360 τὴν
1049 1295 1143 1360 κοινὴν
1159 1295 1249 1366 μόνην
1267 1293 1412 1364 ἐκδέχεται

287 1388 381 1457 φύσιν,
401 1373 417 1458 ᾖ
436 1387 599 1439 ἀκολουθεῖν
619 1385 675 1448 δεῖ,
702 1387 791 1438 οὐκέτι
817 1384 848 1437 δὲ
866 1388 913 1437 καὶ
932 1385 981 1450 τὴν
998 1385 1047 1437 ἐπὶ
1065 1387 1172 1457 μέρους,
1210 1380 1248 1436 cf.
1268 1379 1295 1434 Z.
1315 1379 1412 1436 [111⁸

286 1475 339 1528 211
350 1473 366 1528 ¹.
392 1503 426 1511 —
454 1473 494 1526 Ab
514 1473 635 1526 universa
653 1473 699 1526 illa
713 1475 824 1526 naturae
842 1472 900 1540 lege
914 1489 973 1525 eum
993 1471 1044 1525 toti
1062 1470 1229 1542 pendeamus,
1248 1469 1278 1522 id
1297 1469 1412 1524 maximo

287 1580 363 1633 opere
376 1561 507 1631 agendum
525 1563 575 1628 est,
594 1564 626 1614 ut
644 1577 799 1632 quaeramus
818 1561 852 1614 ad
871 1561 941 1632 quod
959 1560 1158 1630 adipisoendum
1176 1560 1234 1630 ipsa
1251 1562 1350 1614 natura
1362 1560 1413 1613 im·

287 1651 430 1722 pellamur,
455 1650 575 1720 propriae
599 1650 730 1704 voluntati
756 1667 834 1721 quam
852 1650 962 1704 maxime
981 1649 1179 1704 renuntiantes:
1205 1666 1256 1720 quo
1274 1649 1414 1719 pertinent

288 1739 424 1795 Cleanthis
443 1739 490 1792 illa
508 1755 549 1808 ap.
569 1738 683 1808 Epictet.
702 1738 773 1792 Man.
792 1738 828 1792 52
846 1739 888 1804 (fr.
908 1738 988 1812 theol.
1009 1739 1041 1790 11
1061 1737 1204 1802 Waohsm.)
1230 1743 1303 1808 dyoo
1321 1739 1357 1792 δέ
1370 1737 1409 1812 μ’

288 1829 309 1882 ὦ
328 1836 383 1883 Ζεῦ
399 1833 446 1882 καὶ
466 1824 547 1896 σύγ’
567 1829 582 1894 ἡ
602 1832 774 1900 Πεπρωμένη
796 1827 801 1895 l
825 1828 891 1880 ὅποι
911 1824 983 1880 ποθ’
1003 1829 1069 1900 ὑμῖν
1088 1831 1146 1900 ελμὶ
1165 1825 1411 1899 διατεταγμένος]

289 1919 323 1979 ὡς
342 1917 452 1990 ἕψομαί
469 1913 498 1985 γ’
517 1922 627 1976 ἀοκνος“
657 1919 688 1981 ἢν
707 1917 739 1970 δὲ
756 1918 796 1987 μὴ
816 1919 895 1980 θέλω,
918 1915 922 1982 Ι
944 1919 1026 1976 κακὸς
1044 1918 1200 1987 γενόμενος,
1228 1916 1311 1969 οὐδὲν
1329 1912 1414 1982 ἧττον

288 2007 402 2078 ἕψομαι.
440 2003 532 2074 Neque
549 2005 646 2057 bonum
665 2006 693 2056 et
711 2003 781 2074 quod
807 2003 840 2056 ab
869 2020 898 2056 oo
917 2003 1015 2072 pendet
1039 2003 1153 2056 officium
1176 2003 1205 2056 in
1223 2004 1274 2057 alio
1293 2005 1413 2073 positum

288 2097 330 2148 est
354 2094 405 2147 nisi
430 2094 457 2147 in
476 2093 613 2147 voluntate
631 2094 723 2146 nostra
740 2095 852 2146 naturae
876 2092 929 2160 legi
947 2091 1108 2145 neeessariae
1127 2094 1280 2146 oonstanter
1298 2093 1414 2162 pruden-

288 2187 380 2254 terque
399 2181 609 2251 obtemperandi:
637 2179 690 2234 Cio.
709 2180 786 2233 Tusa.
805 2180 843 2232 1v
862 2180 910 2244 12;
939 2179 1028 2234 Senes.
1052 2179 1142 2233 Benef.
1161 2180 1199 2232 VI
1218 2181 1250 2235 11
1279 2182 1414 2236 uoluntas

288 2278 326 2326 est
344 2287 413 2339 qaae
433 2270 512 2337 opud
530 2285 580 2323 ιιοι
594 2269 677 2336 pouit
695 2267 829 2335 officiam.

157 2495 263 2591 33:332
360 2483 482 2548 Gellius
506 2481 598 2547 Noot.
628 2484 695 2546 Att.
719 2481 783 2546 XII
808 2488 835 2558 5,
861 2489 889 2547 7.
942 2481 1083 2560 Natura,
1113 2483 1219 2564 inquit
1249 2484 1414 2568 (Taurus),

290 2592 432 2656 omnium
456 2608 573 2666 rerum,
598 2607 680 2670 quae
703 2608 762 2652 nos
779 2589 899 2670 genuit,
921 2589 1028 2653 induit
1050 2589 1140 2653 nobis
1164 2590 1358 2672 inolevitque
1378 2593 1415 2656 in

289 2699 366 2782 ipsis
390 2696 501 2760 statim
524 2695 695 2778 principiis
720 2695 836 2776 quibus
859 2695 928 2758 nati
951 2713 1071 2772 sumus,
1097 2713 1238 2760 amorem
1254 2698 1356 2760 nostri
1380 2701 1416 2762 et

290 2805 466 2879 caritatem,
488 2803 535 2866 ita
551 2819 682 2884 prorsus
706 2803 744 2864 'ut
759 2802 839 2864 nihil
856 2802 1028 2882 quiequam
1045 2804 1130 2865 esset
1145 2802 1251 2866 uanus
1267 2804 1416 2885 pensius-

291 2927 351 2989 que
375 2908 465 2972 nobis
490 2927 587 2988 quam
609 2909 736 2971 nosmet
758 2908 846 2990 ipsit
871 2909 967 2988 atque
990 2908 1049 2972 hoo
1073 2926 1141 2972 esse
1165 2907 1415 2974 undamentum

290 3015 362 3078 rata
378 3015 428 3078 est
444 3014 678 3077 conservandae
693 3014 860 3078 hominum
883 3014 1115 3096 perpetuitatis,
1140 3015 1166 3078 si
1190 3016 1414 3098 unusquisque

290 3121 437 3182 nostrum
453 3120 549 3183 simul
566 3122 662 3200 atque
680 3119 784 3183 editus
800 3119 834 3182 in
849 3120 955 3183 luoem
970 3119 1053 3184 foret
1068 3120 1183 3184 harum
1198 3122 1287 3203 prius
1303 3141 1416 3187 rerum

292 3244 422 3290 sensum
447 3225 721 3308 adfectionemque
746 3227 882 3308 saperet,
906 3245 987 3306 quae
1005 3245 1023 3290 a
1039 3227 1199 3291 ueteribus
1215 3228 1414 3312 philosophis

291 3333 333 3397 τὰ
356 3343 475 3420 πρῶτα
498 3333 584 3396 κατὰ
606 3331 704 3418 φύσιν
727 3333 890 3416 appellata
914 3331 1028 3396 suntb:
1058 3335 1097 3396 ut
1121 3334 1267 3398 omnibus
1292 3336 1416 3400 scilieet

292 3440 429 3522 eorporis
454 3439 504 3502 sui
520 3438 691 3503 oommodis
715 3439 940 3532 gauderetab
964 3440 1171 3504 incommodis
1188 3441 1335 3506 omnibus
1360 3443 1417 3507 ab·

291 3546 442 3609 horreret.
488 3545 604 3608 Postea
627 3564 683 3626 per
706 3545 903 3609 incrementa
927 3546 1042 3610 aetatis
1066 3547 1174 3610 exorta
1197 3565 1214 3610 e
1238 3548 1416 3613 seminibus

293 3651 360 3714 suis
383 3651 465 3715 ratio
490 3653 540 3714 est
563 3653 595 3714 et
611 3651 723 3714 utendi
747 3651 870 3714 oonsilii
892 3652 1053 3733 reputatio
1077 3654 1109 3715 et
1131 3652 1310 3716 honestatis
1327 3654 1417 3718 utili·

293 3757 433 3838 tatisque
458 3775 551 3820 verae
575 3757 802 3839 oontemplatio
827 3758 1036 3839 subtiliorque
1061 3760 1093 3822 et
1116 3759 1305 3842 exploratior
1328 3779 1417 3826 oom-

292 3863 522 3944 modorumque
547 3863 715 3928 dilectus0:
752 3865 848 3945 atque
872 3865 918 3928 ita
940 3883 1016 3947 prae
1040 3865 1153 3928 oeteris
1177 3865 1323 3930 omnibus
1349 3867 1417 3931 eni-

293 3969 357 4033 tuit
392 3971 425 4033 et
460 3969 630 4054 praefulsit
664 3971 768 4035 deeori
803 3972 836 4034 et
870 3971 995 4035 honesti
1034 3971 1188 4053 dignitas,
1227 3989 1264 4035 ao
1303 3972 1330 4037 si
1368 3974 1417 4037 rei

292 4075 478 4140 retinendae
516 4075 743 4141 obtinendaeve
778 4077 1018 4141 incommodum
1053 4077 1249 4146 extrinsecus
1285 4077 1417 4160 aliquod

294 4181 444 4258 obstaret,
469 4184 688 4265 oontemptum
711 4184 777 4256 est;
807 4201 910 4264 neque
935 4182 1115 4247 aliudesse
1140 4202 1212 4247 vere
1237 4185 1270 4248 et
1294 4185 1418 4268 simpli-

295 4286 375 4350 eiter
397 4289 516 4352 bonum
532 4289 593 4353 nisi
609 4290 787 4367 honestum,
812 4289 898 4354 aliud
923 4290 1095 4370 quiequam
1110 4290 1232 4354 malum
1249 4291 1313 4356 uisi
1329 4291 1417 4374 quod

294 4393 388 4474 turpe
412 4397 497 4458 esset
513 4395 731 4460 existimatum
755 4399 812 4460 est.
858 4396 994 4478 Reliqua
1011 4396 1125 4474 omnia,
1149 4397 1287 4478 quaein
1309 4397 1415 4462 medio
