3130 4980
626 313 754 367 Socrates.
1196 310 1247 371 197

201 486 229 527 a.
248 472 288 526 De
305 473 355 526 hac
372 473 519 542 cognitione
538 473 587 540 sui,
607 490 673 544 quaa
691 474 806 543 pertinet
824 472 968 536 admotos,
988 471 1019 526 cf.
1038 472 1103 526 ch.
1122 472 1248 526 Mem.IV

129 563 155 630 λ,
174 562 253 631 24sq.

201 668 234 724 b.
259 669 297 724 cf.
316 668 384 722 Plat.
403 667 479 738 Apol.
498 668 531 722 21
551 668 590 735 D,
615 674 669 722 BP·
684 668 735 724 189
760 684 783 722 a.
821 666 895 734 Quod
914 665 1001 722 Cicero
1025 683 1126 722 omnem
1151 668 1249 722 sciendi

23 743 24 746 ¹
130 759 283 812 facultatem
307 756 456 810 hominibus
481 773 496 809 a
520 756 626 824 Socrate
657 757 814 824 abnegatam
838 771 895 809 esse
920 755 1054 808 existimat
1077 755 1192 822 fallitur,
1216 757 1248 810 cf.
1276 812 1278 815 ,

130 847 212 901 Acad,
230 846 244 898 I
263 847 309 912 16;
333 845 361 898 H
380 846 414 899 74
431 848 485 913 (ΒΡ
505 847 557 901 189
576 846 609 911 a).
646 845 727 898 Recte
745 844 995 898 Schlaicrmacherus
1014 843 1056 912 (de
1075 843 1144 899 Sccr.
1167 845 1249 916 phile-

131 937 220 1006 soph0‚
240 934 336 990 Ccmm.
355 933 402 989 Ac.
421 935 506 988 Berol.
534 933 688 1001 1814-15,
712 952 738 1004 p.
758 935 791 988 61
802 951 855 1004 sq.,
880 932 929 1004 Op.
948 933 1012 1004 phil.
1031 933 1058 986 11
1076 935 1184 1005 300sq.)
1202 935 1251 988 Mi-

131 1025 208 1091 nime,
227 1024 323 1094 inquit,
341 1023 408 1076 nihil
426 1023 478 1078 nisi
497 1040 524 1076 ee
542 1023 609 1076 nihil
629 1023 694 1076 scire
713 1022 798 1090 scivit,
817 1022 864 1076 sed
881 1022 1026 1076 necesean'c
1040 1039 1099 1076 cum
1112 1023 1158 1079 illa
1172 1041 1250 1093 quam

131 1113 305 1184 profitebatur
322 1113 453 1167 nesciendi
471 1115 529 1166 arte
547 1112 596 1166 hcc
614 1113 781 1166 coniunctum
799 1114 864 1179 crat,
884 1112 961 1166 utin
979 1129 1030 1182 quc
1044 1113 1127 1166 omnis
1142 1113 1251 1166 scicntia

131 1203 220 1273 posita
238 1205 309 1256 esset
326 1204 354 1256 et
379 1201 442 1270 quid
460 1201 492 1254 ab
512 1217 541 1255 cc
561 1201 678 1254 differret
696 1200 782 1272 opinio
807 1201 924 1270 vulgaris
947 1201 1110 1274 exploratum
1133 1201 1249 1256 haberet.

132 1290 170 1346 Cf.
189 1297 233 1344 ΒΡ
252 1291 312 1344 194.
721 1301 724 1308 ·

1245 1465 1251 1487 ν
1292 1451 1418 1503 principium
1470 1475 1472 1480 ·

71 1490 122 1545 Ιτοι
198 1471 278 1534 Xen.
299 1470 394 1534 Mem.
417 1469 463 1534 IV
490 1476 517 1546 6,
543 1479 571 1532 1.
610 1466 783 1555 Σωκράτης
806 1468 867 1554 γὰρ
891 1467 964 1546 τοδς
986 1467 1045 1552 μὲν
1068 1465 1195 1546 εἰδότας
1217 1493 1251 1534 τι
1310 1507 1395 1548 sciendi

131 1574 268 1641 ἕκαστον
290 1571 339 1663 ε’ίη
363 1588 428 1639 τῶν
450 1571 549 1640 άντων
571 1572 696 1657 ἐνόμιζε
711 1573 768 1640 καί
788 1578 858 1652 τοῖς
881 1573 993 1653 δίλλοις
1008 1575 1046 1640 δν
1062 1575 1255 1664 ἐξηγεῖσθαι

132 1682 312 1749 δύνασθαι·
341 1682 415 1759 τοὺς
445 1679 481 1746 δὲ
509 1682 554 1769 μὴ
585 1676 712 1759 εἰδότας
740 1679 830 1747 οὐδὲν
859 1678 921 1770 ἔφη
952 1684 1146 1766 θαυμαστὸν
1168 1675 1252 1748 εἶναι

133 1788 249 1866 αὐτούς
271 1812 306 1853 τε
328 1787 538 1876 σφάλλεσθαι
562 1785 619 1852 καί
642 1787 758 1866 ἀλλους
781 1786 951 1876 σφάλλειν·
982 1785 1026 1853 ὧν
1056 1787 1147 1854 ἕνεκα
1175 1811 1252 1854 σκο-

133 1908 206 1960 πῶν
235 1894 292 1960 σδν
320 1897 391 1971 τοῖς
420 1905 548 1960 συνοῦσι
571 1891 605 1958 τί
627 1892 764 1960 ἕκαστον
793 1890 842 1982 είη
874 1908 938 1959 τῶν
967 1891 1066 1960 ὅντων
1096 1885 1249 1961 οὐδέποτ’

134 1998 234 2090 ἔληγε.

1222 2177 1231 2202 ι
1273 2162 1399 2204 obstetricia
1413 2175 1447 2204 arc

86 2201 124 2240 ace
199 2180 281 2243 Plat.
312 2179 440 2244 Theaet.
472 2187 533 2244 149
563 2183 599 2243 A.
646 2181 712 2242 ΣΩ.
745 2170 844 2258 Εἶτα,
876 2175 902 2242 ὦ
930 2176 1165 2263 καταγέλαστε,
1196 2203 1253 2244 ουν.
1308 2217 1405 2258 smmi,

134 2285 277 2374 ἀκήκοας
301 2285 344 2362 ὡς
367 2283 429 2369 ἐγώ
452 2281 520 2368 εἶμι
543 2281 611 2363 υίὸς
633 2283 735 2368 μαίας
757 2284 848 2368 μάλα
870 2282 1017 2371 γενναίας
1039 2309 1074 2351 τε
1096 2283 1152 2350 καί
1174 2285 1252 2368 βλο-

134 2403 243 2480 συρᾶς,
269 2389 487 2479 Φαιναρέτης,Ι
513 2395 633 2456 ΘΕΛΙ.
650 2379 738 2480 ’Ἠδη
754 2391 849 2457 τοῦτό
871 2415 905 2476 γε
920 2389 1049 2480 ’ν’γκουσα.
1082 2394 1149 2456 ΣΩ.
1170 2377 1255 2478 Ἀρα

135 2497 192 2564 καὶ
216 2499 268 2564 ὅτι
292 2496 471 2586 ἐπιτηδεύειν
502 2499 559 2586 τὴν
588 2497 685 2586 αὐτὴν
714 2497 824 2587 τέχνην
851 2497 1010 2586 ἀκήκοας,·
1046 2501 1164 2563 affl.
1192 2497 1255 2564 Οὔ-

59 2643 63 2650 ·
137 2605 259 2688 δαμῶς.
312 2605 378 2668 ΣΩ.
406 2593 499 2668 Ἀλλ)
525 2600 558 2668 εὖ
589 2594 666 2669 ἴσθ’
693 2605 760 2670 ὅτι·
790 2605 834 2692 μη
863 2601 973 2687 μέντοι
1007 2627 1065 2686 μοι
1098 2601 1256 2693 κατείπης

136 2713 221 2798 πρὸς
244 2712 319 2788 τοὺς
343 2710 475 2788 ἀλλους·
508 2710 635 2800 λέληθα
658 2710 727 2798 γάρ,
752 2708 778 2775 ὦ
802 2707 923 2800 ἑταῖρε,
953 2710 1072 2798 ταύτην
1096 2707 1173 2792 &ccv
1201 2713 1257 2799 τὴν

136 2816 262 2906 τέχνην·
286 2815 317 2883 οἳ
342 2816 393 2898 δέ,
425 2803 483 2883 aa
506 2816 564 2882 οὐκ
587 2814 721 2900 εἰδότες,
752 2829 847 2884 τοῦτο
869 2817 928 2902 μὲν
958 2816 994 2884 οδ
1023 2815 1150 2902 λέγουσι
1180 2817 1257 2906 περὶ

137 2923 231 3007 ἐμοῦ,
267 2924 319 2990 δτι
350 2923 386 2989 δὲ
415 2923 629 3002 ἀτοπώτατός
659 2921 725 3007 εἶμι
753 2923 810 2989 καί
840 2937 928 2990 ποιῶ
957 2925 1030 3001 τοὺς
1060 2922 1257 3011 ἀνθρώπους

137 3031 275 3118 ἀπορεῖν
283 3042 305 3094 ².
330 3067 373 3078 --
396 3067 440 3076 -
466 3033 571 3096 15οΒ
595 3031 669 3096 τόδε
692 3029 804 3116 γεκαὶ
827 3029 900 3114 ἐμοὶ
923 3029 1060 3116 ὑπάρχει
1082 3031 1163 3118 ὅπερ
1183 3036 1258 3110 ταῖς

137 3135 271 3220 μαίαις·
296 3135 409 3222 ἀγονάς
431 3133 498 3220 είμι
521 3135 655 3224 σοφίας
679 3137 736 3202 καί
759 3138 839 3224 ὅπερ
863 3135 923 3226 ἤδη
948 3135 1067 3202 πολλοί
1088 3162 1144 3221 μοι
1168 3137 1257 3204 ὠνεί-

138 3245 249 3324 δισαν,
282 3245 326 3320 ὡς
348 3239 422 3320 τοὺς
444 3241 504 3326 μὲν
527 3242 642 3321 ἀλλους
666 3243 790 3326 ἐρωτῶ,
822 3242 918 3320 αάτδς
941 3242 977 3308 δὲ
1000 3241 1091 3309 οὐδὲν
1117 3241 1257 3330 ἀποκρί-

138 3375 236 3432 νομαι
261 3347 339 3437 περὶ
362 3348 487 3427 οὐδενὸς
511 3349 566 3414 διά
590 3351 627 3414 τὸ
656 3349 756 3438 μηδὲν
779 3346 859 3432 ἐγειν
882 3349 995 3438 σοφόν,
1026 3348 1149 3438 ἀληθὲς
1176 3345 1257 3414 ἀνει-

139 3455 296 3538 dito-coca
342 3457 379 3521 τὸ
403 3455 438 3520 δὲ
462 3453 568 3522 αἴτιον
591 3457 705 3521 τούτου
728 3456 816 3522 τόδε·
848 3453 1046 3538 μαιεύεσθαί
1072 3479 1112 3539 με
1140 3455 1157 3518 δ
1180 3457 1258 3532 θεὸς

138 3562 322 3648 ἀναγκάζει,
346 3573 454 3647 γεννᾶν
476 3561 512 3627 δὲ
535 3562 747 3628 ἀπεκώλυσεν.
792 3559 860 3644 εἰμὶ
883 3563 922 3650 δὴ
946 3559 1000 3628 οὖν
1023 3561 1119 3639 αὐτὸς
1141 3560 1200 3645 μὲν
1223 3560 1258 3626 οδ

139 3669 226 3734 πάνυ
257 3693 291 3733 τι
322 3669 438 3756 σοφός,
470 3667 544 3734 οὐδέ
572 3667 606 3734 τί
627 3694 685 3752 μοι
708 3665 795 3734 ἔστιν
823 3669 944 3757 εὕρημα
975 3679 1101 3734 τοιοῦτο
1133 3669 1259 3754 γεγονὸς

138 3789 195 3864 τῆς
227 3773 306 3862 ε’μης
337 3787 441 3862 ψυχῆς
470 3771 613 3860 ἔκγονον·
644 3771 674 3840 ολ
711 3774 748 3840 δέ
780 3800 837 3858 μοι
866 3773 1100 3860 ξυγγιγνάμενοι
1130 3776 1166 3839 τὸ
1200 3773 1259 3856 μὲν

139 3895 274 3970 πρῶτον
297 3879 470 3969 φαίνονται
493 3876 573 3946 ἔνιοι
601 3880 660 3964 μὲν
690 3881 746 3948 καί
770 3881 855 3946 πάνυ
878 3881 1039 3964 ἀμαθεῖς,
1074 3879 1195 3957 πάντες
1224 3879 1259 3944 δὲ

139 3989 321 4076 προιούσης
344 4001 400 4076 τῆς
424 3986 608 4068 ξυνουσίας,
637 3978 753 4076 οἷσπερ
778 3989 816 4052 δν
838 3989 856 4054 ὁ
878 3989 957 4066 θεὸς
986 3983 1140 4075 παρείκῃ,
1172 3991 1259 4050 θαυ-

138 4096 266 4179 μαστὸν
290 4095 364 4162 ὅσον
387 4094 603 4175 ἐπιδιδόντες,
628 4095 672 4172 ὡς
696 4096 806 4172 αίτοῖς
828 4119 863 4160 τε
886 4093 942 4160 καί
974 4098 1043 4172 τοῖς
1070 4093 1181 4170 ἀλλοις
1205 4093 1260 4160 δο-

129 4214 251 4269 κοῦσι·
276 4200 333 4266 καὶ
355 4212 450 4267 τοῦτο
474 4199 619 4288 ἐναργές,
644 4201 694 4266 ὅτι
717 4190 801 4288 παρ’
821 4200 898 4283 ἐμοῦ
921 4199 1012 4266 οὐδὲν
1035 4200 1173 4264 πώποτε
1194 4223 1260 4282 μα-

139 4309 267 4388 θόντες,
293 4297 367 4374 ἀλλ’
387 4307 480 4374 αι’·τοί
503 4297 588 4395 παρ’
608 4309 714 4372 αὐτῶν
743 4307 853 4373 πολλὰ
875 4305 933 4372 καὶ
956 4305 1042 4372 καλὰ
1064 4304 1205 4393 εὑρόντες
1227 4330 1262 4370 τε

140 4415 197 4481 καί
222 4413 439 4496 κατέχοντεςῦ.
471 4452 513 4462 -
542 4451 586 4462 --
616 4414 778 4496 πάσχουσι
808 4413 844 4479 δὲ
875 4414 914 4501 cr>
938 4409 969 4478 οί
999 4410 1071 4495 ἐμοὶ
1099 4411 1262 4496 ξυγγιγνό-

72 4508 75 4514 ’
189 4537 331 4580 meccha.
360 4538 464 4580 τινα.
1017 4519 1051 4571 14
