3156 4988
292 361 346 422 334
771 361 935 416 Aristoteles.

292 535 351 590 τοῦ
373 523 505 610 πρώτου
529 522 679 605 σώματος
702 522 796 606 παρὰ
819 517 955 608 γῆνκαὶ
979 527 1044 605 πῦρ
1061 515 1119 582 καὶ
1134 513 1213 602 ἀέρα
1237 513 1295 580 καὶ
1316 513 1408 599 ῦάωρ,

294 626 450 716 αἰθέρα
474 628 733 716 προσωνόμασαν
755 628 811 692 τὸν
833 625 989 691 ἀνωτάτω
1017 624 1137 703 τόπον,
1165 621 1234 688 ἀπὸ
1256 631 1315 686 τοῦ
1337 623 1411 684 θεῖν

293 734 344 801 ἀεὶ
367 737 422 800 τὸν
445 731 550 800 ἀίδιον
571 735 684 821 χρόνον
705 729 840 816 θέμενοι
863 734 921 820 την
943 727 1133 812 ἐπωνυμίαν
1155 725 1273 814 αὑτηῖί.

365 909 393 948 υ.
419 897 458 948 Τὰ
479 903 598 964 συγγενῆ
617 896 723 954 τούτοις
742 895 806 946 eunt
823 892 925 961 reliqua
942 891 1078 944 elementa.

365 1019 395 1076 b.
416 1019 513 1074 Hicin
532 1021 611 1071 terra.

366 1157 392 1198 e.
413 1142 451 1198 cf.
470 1148 514 1195 R?
532 1143 593 1196 330.

366 1267 396 1322 (l.
415 1267 455 1321 De
473 1266 550 1322 Caele
574 1266 624 1319 14
648 1269 754 1320 rectum.
773 1268 873 1318 metum
896 1263 1018 1318 circulari
1041 1281 1093 1317 non
1118 1263 1267 1333 oppositum
1290 1277 1347 1315 esee
1370 1259 1418 1313 de-

294 1358 465 1410 menstreeur.

366 1493 392 1533 e.
412 1479 511 1532 Eadem
536 1479 668 1532 sententia
691 1477 790 1546 legItur
812 1477 877 1530 Met.
896 1475 948 1528 XII
972 1477 997 1529 8.
1025 1475 1115 1530 low
1132 1477 1162 1538 8;
1190 1475 1325 1528 Meteorol.
1349 1473 1414 1527 13.

295 1567 366 1622 339¹>
385 1567 427 1621 25.

366 1689 389 1744 s.
413 1688 566 1744 Aristotelis
585 1690 677 1744 aether
694 1689 727 1742 eb
745 1689 911 1756 inferioribus
929 1688 1112 1758 appellabatur
1130 1690 1162 1740 τὸ
1180 1690 1312 1758 πέμπτον
1331 1691 1414 1756 γένος
1497 1707 1501 1714 ·

296 1789 350 1831 τῶν
369 1783 524 1848 στοιχείων,
550 1779 581 1832 ελ.
601 1777 653 1832 Cic.
673 1775 982 1846 Aead.126quintum
999 1791 1099 1844 qenes,
1125 1793 1138 1829 e
1156 1791 1209 1844 ηυο
1228 1780 1318 1830 essent
1336 1780 1414 1828 astra

295 1872 454 1935 mentesque,
473 1884 496 1920 v.
515 1866 633 1932 Krische,
652 1865 767 1920 Forseh.
787 1866 839 1919 306
850 1881 888 1934 sq.

136 2131 267 2225 eonstitgyio
361 2117 408 2182 De
433 2099 528 2181 Caelo
562 2115 649 2180 113.
685 2122 768 2180 286“
793 2123 821 2179 9.
870 2115 953 2178 Θεοῦ
986 2100 1018 2177 δ’
1049 2109 1190 2196 ἐνέργεια
1225 2107 1470 2176 &aureola-³³2

165 2195 240 2226 mum
294 2230 390 2286 τοῦτο
420 2209 451 2285 δ’
471 2219 541 2286 ἐστὶ
570 2220 636 2307 ζωὴ
666 2216 798 2296 ἀίάιος*.
846 2207 926 2284 ὥστ’
945 2217 1065 2306 ἀνάγκη
1094 2218 1141 2303 τῳ
1167 2214 1252 2304 θείῳ
1287 2215 1412 2306 κίνησιν

295 2323 401 2391 ἀίδιον
423 2326 587 2413 ὑπάρχειν.
634 2325 709 2391 ἐπεὶ
731 2313 800 2390 δ’ὁ
824 2323 959 2411 οὐρανὸς
982 2334 1130 2402 τοιοῦτος
1159 2323 1271 2410 (σῶμα
1295 2325 1356 2411 γάρ
1378 2348 1414 2390 τι

296 2433 415 2516 θεῖον),
450 2431 506 2497 ἀιά
529 2441 624 2497 τοῦτο
647 2427 711 2514 ἔχει
732 2433 770 2496 τὸ
793 2430 958 2516 ἐγκύκλιον
981 2443 1092 2513 σῶμα,
1116 2427 1134 2495 ὃ
1157 2431 1252 2518 φύσει
1275 2435 1414 2496 κινεῖται

294 2537 402 2624 κύκλῳ
426 2535 485 2603 ἀεί.
530 2538 587 2604 ὑιά
609 2535 644 2602 τί
674 2534 727 2602 οὑν
749 2535 805 2618 οὑχ
827 2537 902 2602 ὅλον
924 2538 962 2602 τὸ
985 2550 1080 2620 σῶμα
1104 2547 1162 2601 τοῦ
1184 2535 1321 2624 ούρανοῦ
1343 2561 1414 2603 τοι-

295 2655 405 2726 οῦτον,·
440 2645 491 2710 ὅτι
526 2644 647 2732 ἀνάγκη
682 2641 786 2727 μένειν
819 2667 853 2708 τι
886 2653 945 2709 τοῦ
966 2643 1118 2726 σώματος
1152 2653 1211 2708 τοῦ
1237 2642 1413 2731 φερομένου

295 2751 401 2837 κύκλῳ
435 2753 474 2816 τὸ
508 2749 567 2815 ἐπὶ
601 2761 660 2816 τοῦ
693 2749 802 2833 μέσου,
837 2750 953 2815 τούτου
984 2739 1018 2814 δ’
1037 2748 1135 2815 οὐθέν
1158 2740 1226 2816 οἷόν
1252 2773 1287 2815 τε
1308 2749 1415 2833 μένειν

294 2856 416 2943 μόριον,
441 2845 519 2922 οὔθ’
537 2857 620 2934 ὅλως
643 2844 713 2920 οὔτ’
732 2854 791 2920 ἐπὶ
814 2867 872 2921 τοῦ
893 2853 1022 2939 μέσουθ.
1069 2854 1127 2920 καὶ
1150 2858 1210 2944 γάρ
1232 2857 1270 2920 ἀν
1293 2858 1413 2944 ηκατά

295 2963 392 3050 φύσιν
414 2959 539 3050 κίνησις
562 2960 599 3050 ἦν
615 2961 713 3027 αὑτοῦ
735 2960 794 3027 ἐπὶ
817 2963 854 3028 τὸ
877 2960 990 3045 μέσον·
1013 2963 1109 3050 φύσει
1132 2961 1169 3028 δέ
1191 2963 1297 3049 κύκλῳ
1313 2967 1412 3028 κινεῖ-

295 3089 367 3132 ται·
413 3067 450 3134 ού
473 3069 534 3154 γὰρ
558 3068 596 3133 ἀν
619 3066 656 3156 ἦν
679 3065 785 3146 ἀίδιος
807 3064 982 3156 ἡκίνησις·
1027 3066 1125 3134 οὐθὲν
1148 3070 1209 3156 γάρ
1233 3071 1326 3155 παρά
1349 3070 1412 3156 φύ-

296 3195 347 3239 σιν
370 3171 484 3240 ἀίάιον.
530 3175 662 3262 ὕστερον
684 3173 721 3240 δέ
742 3175 781 3239 τὸ
801 3175 896 3261 παρὰ
919 3174 1017 3262 φύσιν
1039 3185 1096 3239 τοῦ
1118 3177 1204 3238 κατὰ
1227 3174 1331 3261 φύσιν,
1355 3175 1413 3240 καί

296 3275 448 3358 έκστασίς
478 3277 529 3358 τίς
544 3278 639 3345 -έστιν
669 3279 702 3344 έν
724 3279 766 3368 τῇ
796 3279 913 3365 γενέσει
941 3281 980 3345 τὸ
1003 3281 1097 3366 παρά
1121 3281 1218 3368 φύσιν
1248 3291 1306 3346 τοῦ
1327 3283 1413 3347 κατὰ

295 3386 401 3474 φύσιν.
448 3385 569 3473 ἀνάγκη
592 3383 699 3451 τοίνυν
722 3398 778 3474 γῆν
800 3378 899 3452 εἶναι·
944 3396 1040 3452 τοῦτο
1063 3387 1124 3473 γὰρ
1148 3385 1258 3474 ἠρεμεῖ
1281 3385 1340 3452 ἐπὶ
1355 3399 1414 3454 τοῦ

294 3490 404 3574 μέσου.
436 3503 489 3556 νῦν
511 3491 570 3576 μὲν
593 3489 647 3558 οὑν
669 3489 862 3558 ὑποκείσθω
884 3502 989 3572 τοῦτο,
1013 3493 1144 3579 ὕστερον
1159 3491 1195 3558 δέ
1218 3492 1413 3580 λεχθήσεται

296 3593 373 3684 περὶ
398 3597 524 3663 αὑτοῦΰ.
570 3598 654 3664 ἀλλὰ
675 3599 739 3686 μὴν
762 3595 792 3662 εὶ
813 3610 878 3685 γῆν,
903 3597 1025 3686 ἀνάγκη
1048 3597 1106 3662 καί
1129 3609 1195 3684 πῦρ
1219 3591 1319 3662 εἶναι·
1349 3613 1415 3662 τῶν

296 3705 356 3790 γάρ
388 3701 539 3770 έναντίων
566 3701 595 3770 εὶ
624 3703 767 3790 θάτερον
796 3704 909 3790 φύσει,
940 3703 1061 3792 ἀνάγκη
1085 3703 1143 3769 καὶ
1165 3703 1307 3788 θάτερον
1329 3696 1412 3769 εἶναι

296 3809 400 3897 φύσει.
429 3845 474 3857 -
503 3809 586 3874 ἀλλὰ
608 3811 672 3898 μὴν
694 3807 787 3896 ε’ίπερ
812 3805 882 3874 ἔστι
905 3820 971 3897 πῦρ
994 3809 1052 3874 καί
1075 3822 1123 3897 γη,
1146 3809 1267 3898 ἀνάγκη
1291 3810 1412 3874 καὶτὰ

295 3915 417 3999 μεταξὺ
448 3915 554 3980 αὐτῶν
583 3909 666 3980 εἶναι
698 3917 850 3998 σώματα·
897 3913 1084 3981 ἐναντίωσιν
1106 3917 1166 4001 γάρ
1190 3910 1254 3996 ἔχει
1278 3913 1414 3982 ἕκαστον

295 4035 360 4086 τῶν
383 4019 550 4102 στοιχείων
573 4023 657 4106 πρὸς
680 4019 826 4086 ἕκαστον.
873 4017 1064 4088 ὑποκείσθω
1093 4019 1130 4086 δέ
1152 4019 1210 4086 καί
1232 4033 1328 4086 τοῦτο
1350 4033 1411 4102 νῦν,

295 4127 484 4214 ὕστερονδὲ
507 4125 680 4214 πειρατέον
703 4127 838 4206 ἀεῖξαιᾱ.
884 4129 1006 4193 τούτων
1029 4117 1062 4192 ‹5'
1081 4127 1291 4212 ὑπαρχόντων
1313 4151 1411 4215 ῳανε-

223 4231 225 4234 ’
297 4234 352 4319 ρόν
386 4234 437 4298 ὅτι
471 4233 593 4322 ἀνάγκη
629 4231 749 4319 γένεσιν
783 4226 867 4298 εἶναι
897 4235 954 4300 ἀιά
976 4236 1014 4299 τὸ
1043 4233 1144 4321 μηάέν
1167 4223 1235 4298 οἷόν
1257 4223 1289 4298 τ’
1308 4232 1412 4299 αὐτῶν

297 4329 379 4402 εἶναι
404 4336 524 4405 ἀίδιον·
570 4340 688 4422 πάσχει
713 4342 773 4428 γάρ
797 4339 855 4406 καί
878 4343 970 4406 ποιεῖ
992 4337 1147 4405 τάναντία
1177 4328 1239 4404 ὑπ’
1257 4339 1410 4428 ἀλλήλων,

300 4444 358 4509 καί
381 4449 555 4532 φθαρτικὰ
585 4446 731 4534 ἀλλήλων
761 4443 857 4512 ἐστίν.
905 4443 955 4511 έτι
979 4435 1011 4510 δ’
1031 4444 1088 4511 οὑκ
1117 4444 1245 4530 εὑλογον
1274 4436 1358 4510 εἷναί
1380 4468 1412 4509 τι
