3156 4988
679 363 797 431 Physica.
1243 361 1297 422 333

178 515 300 584 τέλειον
333 517 492 606 πρότερον
526 519 568 610 τῇ
603 521 699 608 φύσει
729 531 788 587 τοῦ
816 521 956 603 ἀτελοῦς,
992 523 1069 589 όδέ
1092 523 1209 602 κύκλος
1231 538 1295 590 τῶν

176 622 316 690 τελείων.
341 665 382 672 -
407 621 444 690 ἐκ
466 649 501 692 τε
525 628 564 708 δὴ
587 628 709 692 τούτων
731 629 869 715 φανερὸν
899 629 951 694 ότι
974 628 1104 718 πέφυκέ
1125 655 1177 710 τις
1201 629 1295 696 οὐσία

176 733 331 816 σώματος
353 732 434 820 ἀλλη
458 735 552 820 παρὰ
575 734 635 812 τάς
658 732 823 800 ἐνταῦθαί)
847 736 1034 816 συστάσεις,
1057 734 1213 824 θειοτέρα
1237 737 1295 803 καὶ

177 837 322 926 προτέρα
346 840 467 905 τούτων
490 839 654 906 ἀπόντων.

1559 979 1561 1040 λ

7 1127 11 1134 Ι
91 1051 166 1106 εειε
243 1052 290 1117 Ib.
326 1061 353 1117 3.
389 1059 549 1118 270212.
596 1047 737 1136 Ὁμοίως
772 1043 803 1118 δ’
834 1051 964 1138 εύλογον
1002 1053 1178 1138 ὑπολαβεῖν
1216 1055 1295 1144 περὶ
1333 1051 1458 1147 *mg*
1560 1071 1562 1098 ¹

177 1156 277 1223 αὐτοῦ
300 1159 371 1242 (τοῦ
393 1158 499 1245 κύκλῳ
523 1157 699 1246 φερομένου
722 1160 888 1245 σώματος)
912 1158 970 1225 καί
993 1160 1044 1226 ὅτι
1068 1159 1218 1247 ἀγένητον
1240 1161 1298 1227 καῖ
1560 1161 1562 1170 ’

177 1263 353 1352 ἄφθαρτον
381 1263 439 1329 καί
469 1264 604 1344 ἀναυξές
636 1264 693 1330 καὶ
718 1263 951 1346 ἀναλλοίωτον,
987 1267 1104 1332 διὰτὸ
1127 1265 1298 1352 γίγνεσθαι

175 1369 236 1454 μέν
270 1372 361 1435 ὑίπαν
394 1371 432 1435 τὸ
467 1371 651 1456 γιγνόμενον
686 1371 722 1451 ἐξ
755 1369 899 1438 ἐναντίου
934 1397 969 1439 τε
998 1371 1055 1438 καί
1085 1371 1297 1457 ὑποκειμένου

176 1476 280 1557 τινός,
309 1475 367 1542 καὶ
397 1475 603 1566 φθείρεσθαι
633 1479 787 1556 ὡσαύτως
815 1478 1027 1563 ὑποκειμένου
1059 1478 1097 1545 τέ
1123 1503 1212 1557 τινος
1241 1479 1299 1546 καῖ

177 1573 240 1649 ὑπ’
258 1579 403 1649 ἐναντίου
437 1582 495 1649 καὶ
528 1581 575 1662 εἰς
606 1582 765 1666 ἐναντίον,
800 1585 957 1673 καθάπερ
990 1585 1024 1651 ἐν
1053 1589 1124 1664 τοῖς
1153 1587 1299 1673 πρώτοις
1346 1563 1349 1578 ’

177 1685 304 1777 ε’ίρηται
331 1689 476 1774 λύγοιςΰ·
522 1703 587 1755 τῶν
616 1679 648 1754 δ)
667 1688 822 1756 ἐναντίων
851 1690 909 1756 καὶ
944 1688 980 1756 αῖ
1014 1691 1117 1780 φοραί
1144 1690 1298 1770 ἐναντίαι,

177 1793 207 1864 εἰ
231 1797 270 1883 δη
293 1795 396 1881 τούτῳ
424 1795 528 1884 μηδὲν
551 1793 699 1862 ἐναντίον
731 1793 895 1879 ἐνδέχεται
924 1789 1009 1862 εἶναι
1032 1799 1088 1863 διοῖ
1116 1800 1155 1864 τὸ
1178 1798 1236 1864 καὶ
1257 1797 1299 1887 τῇ

177 1903 269 1992 φορᾷ
298 1901 341 1990 τῇ
370 1902 477 1988 κύκλῳ
507 1903 552 1990 μὴ
581 1895 665 1968 εἶναι
688 1901 727 1966 ἀν
749 1893 814 1968 τιν’
833 1901 983 1969 ἐναντίαν
999 1901 1152 1992 κίνησινᾱ,
1188 1902 1299 1990 ὀρθῶς

176 2006 279 2075 ἐοικεν
301 2009 321 2095 η
343 2008 440 2095 φύσις
468 2009 506 2073 τὸ
535 2007 652 2092 μέλλον
683 2005 821 2074 ἔσεσθαι
849 2007 1003 2098 ἀγένητον
1034 2009 1093 2075 καὶ
1121 2009 1297 2097 ἄφθαρτον

175 2113 349 2194 ἐξελέσθαι
372 2111 408 2178 ἐκ
431 2126 495 2178 τῶν
518 2111 685 2180 ἐναντίων·
717 2110 750 2180 ἐν
772 2119 843 2193 τοῖς
867 2113 1026 2193 ἐναντίοις
1049 2105 1152 2204 γὰρὴ
1176 2114 1297 2201 γένεσις

130 2271 133 2278 -
175 2220 234 2288 καὶ
257 2223 276 2308 ἡ
300 2220 424 2308 φθορά.
471 2220 640 2309 ἀλλάμὴν
663 2220 780 2286 καὶτὸ
808 2220 1021 2304 αὐξανόμενον
1050 2224 1142 2286 ἅπαν
1165 2220 1298 2301 αὐξάνε-

174 2352 234 2392 ται
267 2325 324 2392 καί
358 2328 396 2392 τὸ
431 2331 554 2414 φθῖνον
586 2323 701 2414 φθίνει
730 2328 796 2392 ὑπὸ
819 2337 991 2412 συγγενοῦς
1014 2326 1207 2414 προσιόντος
1240 2325 1300 2392 καὶ

174 2431 394 2516 ἀναλυομένου
417 2430 463 2511 είς
478 2434 535 2521 τὴν
550 2433 642 2520 ὑλην*
673 2434 777 2518 τούτῳ
801 2430 911 2498 δὀὐκ
934 2429 1023 2498 ἐστιν
1046 2433 1082 2512 ἐξ
1105 2428 1145 2498 οὑ
1165 2432 1298 2519 γέγονεν.

175 2536 206 2606 εἰ
229 2539 248 2604 δ
254 2530 260 2553 ’
280 2535 349 2604 ἐστὶ
372 2538 429 2604 καί
452 2538 630 2626 ἀναύξητον
652 2537 710 2604 καί
733 2538 922 2627 ἀφθαρτον,
945 2552 1003 2627 τῆς
1025 2538 1125 2628 αὑτῆς
1147 2537 1295 2618 διανοίας

176 2644 266 2710 ἐστίν
300 2645 478 2728 ὑπολαβεῖν
512 2643 571 2710 καί
605 2642 824 2710 ἀναλλοίωτον
858 2637 950 2710 εἶναι.
1003 2641 1073 2710 ἐστι
1101 2644 1160 2728 μὲν
1188 2648 1248 2732 γὰρ
1278 2647 1297 2732 ἡ

176 2749 351 2828 ἀλλοίωσις
373 2749 499 2839 κίνησις
521 2753 607 2816 κατὰ
630 2753 668 2816 τὸ
691 2751 798 2832 ποιόν,
821 2762 880 2818 τοῦ
901 2751 937 2818 δέ
961 2762 1061 2817 ποιοῦ
1084 2748 1120 2816 αῖ
1141 2750 1201 2834 μὲν
1215 2749 1299 2830 ἕξεις

177 2857 236 2924 καὶ
251 2857 422 2935 διαθέσεις
438 2857 495 2924 οὐκ
512 2857 585 2924 όίνευ
601 2872 666 2924 τῶν
683 2859 769 2924 κατὰ
793 2857 892 2947 πάθη
916 2856 1078 2944 γίγνονται
1100 2859 1298 2942 μεταβολῶν,

177 2957 246 3030 οἷον
268 2961 373 3049 ὑγίεια
397 2963 453 3030 καί
476 2965 578 3042 νόσος.
624 2966 710 3030 κατὰ
733 2963 769 3030 δέ
793 2965 908 3042 πάθος
931 2966 991 3030 όσα
1014 2964 1212 3050 μεταβάλλει
1235 2977 1299 3032 τῶν

177 3086 324 3161 φυσικῶν
357 3071 533 3154 σωμοίτιον,
569 3060 680 3152 ἐφονιῗ
699 3072 823 3158 ὁρῶμεν
858 3071 968 3136 πάντα
997 3070 1054 3139 καί
1085 3070 1218 3160 αύξησιν
1241 3070 1299 3136 καὶ

178 3176 308 3268 φθίσιν,
334 3168 401 3243 οἷον
423 3177 465 3242 τοί
488 3201 523 3242 τε
545 3190 610 3242 τῶν
634 3171 725 3263 ζηίων
748 3179 887 3260 σώματα
910 3176 968 3242 καὶ
998 3179 1039 3242 τὰ
1068 3178 1169 3265 μόρια
1193 3177 1299 3242 αὐτῶν

178 3283 237 3350 καί
261 3287 303 3350 τὰ
326 3297 391 3348 τῶν
414 3297 534 3371 φυτῶν,
558 3281 678 3366 ὁμοίως
703 3282 820 3374 δὲκαὶ
843 3285 885 3348 τὰ
908 3297 972 3348 τῶν
995 3281 1176 3364 στοιχείων·
1215 3273 1296 3348 ὥστ’

177 3387 272 3478 εῖπερ
307 3391 346 3454 τὸ
381 3390 487 3476 κύκλῳ
522 3403 618 3472 σῶμα
649 3377 727 3476 μήτ’
747 3387 880 3478 αύξησιν
915 3385 996 3470 ἔχειν
1029 3387 1190 3470 ἐνδέχεται
1218 3388 1299 3475 μήτε

179 3494 309 3585 φθίσιν,
333 3494 461 3581 εύλογον
476 3495 533 3561 καὶ
558 3493 776 3562 ἀναλλοίωτον
791 3488 884 3561 εἶναι.
901 3533 943 3544 —-
960 3495 1130 3579 συμβαίνει
1151 3493 1187 3559 δὲ
1203 3503 1299 3559 τοῦτο

179 3602 238 3668 καὶ
273 3604 329 3668 διά
363 3615 421 3691 τῆς
456 3599 645 3690 αἰσθήσεως
680 3599 814 3682 ἱκανῶς,
849 3604 894 3678 ὥς
923 3623 958 3687 γε
980 3603 1065 3688 πρὸς
1088 3597 1300 3688 ἀνθρωπίνην

101 3781 105 3788 ,
179 3706 285 3776 εἰπεῖν
300 3705 429 3774 πίστιν·
468 3707 501 3774 ἐν
517 3711 642 3773 ἅπαντι
665 3709 725 3795 γάρ
749 3706 797 3794 τῳ
822 3707 1070 3795 παρεληλυθότι
1092 3707 1196 3794 χρόνῳ
1212 3708 1297 3771 κατὰ

179 3817 236 3904 τὴν
260 3813 527 3903 παραδεδομένην
557 3814 709 3902 ἀλλήλοις
737 3816 863 3902 μνήμην
892 3812 990 3879 οὐθὲν
1019 3811 1174 3900 φαίνεται
1197 3836 1298 3896 μετα-

179 3922 337 4010 βεβληκὸς
371 3919 443 3986 σ’ύτε
477 3910 561 3986 καθ’
587 3921 660 3986 ὅλον
694 3922 749 3986 τὸν
783 3917 916 4002 ἔσχατον
949 3918 1083 4006 ούρανδν
1112 3917 1184 3984 ούτε
1213 3919 1299 3982 κατὰ

179 4027 294 4114 μόριον
318 4026 416 4092 αὑτοῦ
438 4039 502 4092 τῶν
518 4023 645 4092 οἰκείων
661 4024 767 4091 οὐθέν.
799 4022 885 4091 ἐοικε
907 4024 943 4091 δέ
966 4024 1024 4091 καὶ
1047 4022 1188 4106 τοὺνομα
1205 4025 1298 4109 παρά
1326 4021 1456 4116 Ἢζξθ.

180 4146 246 4198 τῶν
269 4131 411 4220 ἀρχαίων
434 4132 652 4198 διαδεδόσθαι
673 4131 768 4218 μέχρι
791 4130 849 4196 καί
871 4143 930 4197 τοῦ
951 4143 1006 4196 νῦν
1028 4130 1155 4218 χρόνου,
1186 4139 1299 4194 τοῦτον

179 4242 236 4306 τὸν
265 4239 387 4326 τρόπον
416 4238 713 4323 ὑπολαμβανόντων
743 4238 841 4322 όνπερ
873 4236 931 4302 καὶ
954 4239 1046 4326 ἡμεῖς
1069 4233 1216 4320 λέγομεν·
1263 4233 1299 4300 ού

180 4347 241 4432 γὰρ
272 4344 365 4424 δίπαξ
395 4344 468 4411 ούδέ
490 4344 541 4422 δίς
569 4333 644 4410 ἀλλ’
663 4343 837 4430 ἀπειράκις
867 4343 917 4408 δεῖ
945 4339 1086 4425 νομίζειν
1116 4343 1176 4418 τὰς
1199 4339 1300 4419 αύτάς

180 4443 397 4540 ἀφικνεῖσθαι
420 4452 517 4530 δόξας
539 4447 586 4528 εἰς
602 4453 714 4540 ημᾶςθ.
762 4449 878 4537 διόπερ
902 4450 946 4527 ὡς
970 4445 1077 4535 ἑτέρου
1101 4449 1188 4525 τινὸς
1209 4445 1300 4524 όντος
