3140 4990
124 1127 214 1171 dicendi
227 1139 297 1180 genus

325 326 378 388 188
809 328 954 399 Sophistae.

325 487 430 556 εἰπεῖν
452 488 509 555 καί
532 486 601 577 ἰδίᾳ
625 487 799 568 ἐπιδείξεις
821 489 1014 571 ποιούμενος
1044 485 1101 554 καί
1128 488 1231 552 συνὼν
1259 491 1330 560 τοῖς
1357 485 1443 566 νέοις

323 597 473 684 χρήματα
496 596 605 662 πολλὰ
628 592 801 680 εἰργάσατο
823 592 882 662 καὶ
904 591 1018 677 ἐλαβεν
1041 593 1077 660 ἐκ
1099 594 1195 683 τῆσδε
1209 606 1267 683 τῆς
1282 594 1441 672 πόλεως’.

396 752 425 794 s.
443 738 483 791 De
501 736 613 806 Gorgiae
630 737 761 805 legatione
779 737 810 791 cf.
829 737 905 790 Diod.
927 736 976 790 Sic.
996 736 1048 790 XII
1065 736 1109 791 53.
1138 736 1236 790 Incidit
1254 753 1285 790 ee
1302 737 1331 790 in
1348 752 1372 789 e.
1389 734 1440 788 427

323 825 376 894 (Ol.
395 828 438 893 88,
457 827 493 890 2).
525 827 637 880 Athenis
655 827 715 896 plus
734 827 814 880 semel
832 827 1047 892 commorabatur,
1067 827 1116 880 sub
1134 825 1213 880 finem
1231 827 1302 880 ritae
1320 825 1348 878 in
1363 823 1442 878 Thes-
1479 881 1483 886 ,

325 917 390 970 selis
407 916 573 986 potissimum
591 915 741 970 constitisse
759 915 870 982 videtur,
889 933 913 969 v.
932 914 996 970 Foss
1013 933 1039 985 p.
1058 915 1142 985 λίνεα.

391 1113 521 1196 Dionys.
543 1112 616 1176 Hal.
638 1111 737 1176 Iudio.
768 1112 797 1176 d.
820 1112 893 1195 bys.
918 1121 953 1188 3,
985 1132 1014 1195 p.
1037 1119 1101 1178 458
1125 1113 1200 1176 Rslr.
1248 1107 1385 1199 Γοργίας
1407 1135 1442 1177 τε
1453 1128 1517 1170 1⁸⁸0

325 1219 343 1286 d
370 1221 546 1296 Λεοντῖνος
576 1216 609 1284 ἐν
635 1217 774 1296 πολλοῖς
804 1217 891 1284 πάνυ
917 1219 1076 1306 φορτικήν
1113 1241 1147 1284 τε
1176 1216 1235 1284 καί
1264 1216 1442 1304 ὑπέρογκον

325 1337 431 1392 ποιῶν
453 1326 509 1413 τὴν
531 1325 731 1412 κατασκευὴν
754 1322 812 1390 καί
834 1322 872 1390 οὐ
892 1324 1005 1411 πόρρω
1021 1324 1235 1411 διθυράμβων
1249 1319 1320 1390 ἔνια
1335 1329 1441 1412 φθεγ-

326 1431 468 1518 γόμενος·
503 1467 547 1478 -
581 1469 623 1478 -
646 1432 771 1519 Ιίγίματσ
800 1429 837 1498 δὲ
870 1429 927 1496 καὶ
962 1443 1027 1496 τῶν
1054 1419 1214 1520 Ἀθήνῃσι
1247 1431 1390 1519 ῥητόρων
1423 1433 1442 1518 ἡ

325 1538 481 1626 ποιητική
511 1561 546 1604 τε
573 1536 631 1602 καί
661 1539 802 1624 τροπικὴ
831 1537 968 1626 φράσις,
1004 1539 1048 1616 ὡς
1080 1536 1140 1620 μὲν
1178 1534 1317 1621 Τίμαιός
1351 1561 1442 1626 φησι,

325 1641 461 1731 Γοργίου
491 1642 661 1730 άρξαντος,
696 1641 789 1732 ἡνίκα
811 1633 973 1733 Ἀθήναζε
1003 1645 1188 1730 πρεσβεύων
1215 1645 1444 1733 κατεπλήξατο

325 1752 400 1828 τοὺς
423 1749 596 1828 ἀκούοντας
619 1749 652 1816 ἔν
674 1750 715 1837 τῇ
738 1748 945 1839 ἀημηγορίριῦ.

326 1953 329 1958 ,
397 1907 424 1950 8.
445 1893 484 1945 De
502 1892 617 1958 ratione,
640 1908 692 1961 que
715 1892 743 1944 in
765 1895 823 1945 erte
842 1892 957 1946 oratorie
975 1892 1089 1946 docenda
1108 1892 1246 1958 utebatur,
1272 1908 1295 1944 v.
1314 1896 1358 1943 BP
1382 1891 1443 1946 175.

326 1982 387 2038 176.
429 1981 489 2052 lpse
515 1982 543 2035 in
566 1981 727 2034 orationibus
752 1981 915 2050 panegyricis
937 1983 966 2034 et
993 1981 1137 2034 subitaneis
1156 1980 1266 2034 maxime
1289 1979 1445 2046 excellebet;

327 2071 372 2126 sed
391 2071 555 2141 vituperatur
572 2072 680 2140 propter
697 2069 807 2122 nimium
824 2068 969 2137 figurarum
993 2072 1022 2122 et
1039 2069 1134 2140 poetici
1153 2067 1298 2138 splendoris
1317 2067 1444 2134 studium,

326 2177 376 2230 quo
401 2160 484 2213 oratio
506 2157 624 2227 frigidior
650 2175 728 2228 quam
757 2157 860 2226 gravior
891 2158 1014 2224 evaserit3
1042 2158 1073 2212 cf.
1099 2157 1163 2211 Foss
1191 2174 1216 2226 p.
1244 2155 1326 2226 50sq.
1370 2157 1446 2210 Diels

256 2246 297 2289 '¹³
323 2267 349 2320 p.
368 2250 420 2304 362
427 2266 464 2318 sq.
494 2247 566 2312 Quae
583 2263 653 2300 nunc
671 2249 777 2300 exstant
795 2247 843 2300 sub
862 2247 967 2299 nomine
982 2245 1100 2314 Gorgiae,
1120 2247 1215 2300 veteris
1234 2245 1368 2316 sophistes
1387 2261 1446 2296 esse

147 2884 175 2926 de
189 2895 231 2926 non
246 2887 297 2927 ente

126 4135 130 4146 ·
188 4125 247 4166 nihil
261 4127 296 4167 est

323 2356 376 2392 non
393 2355 469 2408 posse
487 2340 578 2390 contre
598 2335 818 2390 Sclroenbominm
836 2336 970 2389 evincebat
987 2335 1052 2388 Foss
1069 2353 1095 2406 p.
1115 2337 1211 2406 78sq.,
1231 2336 1261 2389 cl.
1284 2333 1353 2400 Frei,
1372 2333 1442 2385 Mus.

323 2427 375 2482 Rh.
394 2427 477 2493 1850,
502 2443 527 2496 p.
546 2425 599 2479 542
618 2442 657 2494 sq.
694 2423 773 2494 Apud
791 2424 914 2494 antiquos
932 2428 1037 2494 praeter
1055 2425 1186 2478 orationes
1204 2428 1338 2493 artemque
1357 2422 1444 2475 rheto

324 2517 404 2569 ricem
422 2517 581 2568 memoratur
598 2515 664 2566 liber
683 2518 744 2585 περὶ
764 2515 872 2584 φύσεως
890 2517 906 2580 ἢ
925 2524 975 2566 τοῦ
991 2515 1031 2584 μὴ
1050 2517 1134 2578 ὄντος,
1154 2514 1186 2566 cf.
1205 2518 1248 2566 131³
1269 2511 1328 2566 184.
1359 2511 1443 2564 Nobis

325 2605 356 2658 de
375 2605 493 2658 doctrina
510 2603 566 2656 eius
585 2605 689 2656 constat
707 2618 738 2654 ex
751 2602 874 2654 extremis
889 2602 1019 2671 capitibus
1034 2602 1117 2655 libelli
1132 2602 1163 2654 de
1177 2601 1283 2654 Melisso
1297 2601 1330 2654 X.
1346 2601 1374 2653 Z.
1389 2602 1443 2666 (BP

324 2694 358 2749 88
365 2694 389 2760 *)
407 2697 435 2746 et
453 2692 523 2746 Sext.
542 2691 628 2744 Meth.
646 2690 698 2742 VH
717 2691 830 2744 65-87.

392 2870 476 2934 Sext.
499 2869 600 2933 trech.
630 2867 695 2930 VH
725 2874 774 2932 65.
826 2864 967 2954 Γοργίας
1002 2866 1038 2933 δὲ
1067 2868 1084 2933 ὁ
1115 2872 1290 2952 Λεοντῖνος
1318 2864 1355 2934 ἐκ
1384 2879 1492 2934 codiee

324 2973 422 3040 edocti
444 2972 503 3058 μὲν
524 2975 689 3058 τάγματος
711 2974 832 3060 ὑπῆρχε
855 2978 926 3052 τοῖς
948 2973 1122 3064 ἀνῃρηκόσι
1144 2976 1182 3041 τὸ
1205 2976 1379 3064 κριτήριον,
1404 2974 1441 3040 οὗ

324 3083 408 3147 κατὰ
437 3083 494 3168 τὴν
524 3076 639 3163 ὁμοίαν
670 3077 706 3144 δὲ
733 3078 889 3168 ἐπιβολὴν
917 3085 987 3158 τοῖς
1017 3079 1094 3167 περὶ
1123 3081 1179 3146 τὸν
1208 3082 1439 3169 Πρωταγόραν.

324 3185 356 3253 ἓν
379 3189 438 3275 γάρ
461 3185 508 3274 τῷ
532 3184 783 3274 ἐπιγραφομένῳ
807 3185 892 3274 Περὶ
914 3197 973 3252 τοῦ
993 3189 1038 3274 μὴ
1061 3184 1152 3265 ὄντος
1174 3189 1194 3276 ἢ
1217 3187 1440 3276 περὶφύσεως

323 3292 399 3384 τρία
433 3295 519 3360 κατὰ
552 3293 606 3357 τά·
628 3289 700 3380 ἑξῆς
734 3293 899 3380 κεφάλαια
933 3293 1179 3374 κατασκευάζει·
1217 3290 1251 3359 (ἐν
1284 3294 1344 3377 μὲν
1382 3294 1439 3360 καί

323 3415 454 3488 πρῶτον
477 3400 528 3465 ὅτι
551 3398 641 3465 οὐδὲν
664 3396 760 3480 ἔστιν,
785 3400 929 3487 δεύτερον
957 3401 1008 3466 ὅτι
1038 3397 1067 3465 εὶ
1095 3399 1154 3465 καὶ
1181 3397 1283 3482 ἔστιν,
1314 3401 1438 3466 ἀκατά-

324 3507 446 3596 ληπτον
469 3507 652 3592 ἀνθρώπῳ,
681 3503 790 3592 τρίτον
813 3506 864 3570 ὅτι
887 3503 996 3572 εἶκαὶ
1019 3507 1245 3595 καταληπτόν,
1275 3506 1359 3572 ἀλλὰ
1387 3505 1440 3573 τοί

323 3637 358 3699 γε
381 3613 563 3692 ἀνέξοιστον
585 3611 642 3676 καί
665 3611 890 3700 ἀνερμήνεοτσν
913 3611 960 3699 τῷ
982 3611 1095 3690 πέλας.

395 3754 433 3810 Cf.
452 3755 491 3808 De
509 3755 616 3808 Melleso
633 3755 666 3808 X.
686 3755 713 3808 Z.
740 3754 763 3808 5.
790 3755 922 3810 979212.
958 3758 1014 3810 Οὐκ
1039 3756 1111 3809 εἶναί
1128 3774 1214 3827 φησιν
1239 3756 1331 3810 οὐδέν’
1358 3763 1382 3810 εἰ
1407 3753 1435 3810 ‹l'

323 3846 421 3917 ἔστιν,
439 3849 581 3913 ἄγνωστον
606 3845 687 3898 εἶναι’
714 3849 738 3897 εἰ
762 3843 794 3898 δὲ
812 3849 859 3897 καὶ
878 3845 936 3898 ἔστι
954 3849 1000 3898 καὶ
1018 3847 1155 3914 γνωστόν,
1182 3841 1243 3898 ἀλλ’
1262 3848 1293 3898 οὐ
1319 3847 1440 3912 ἀηλωτὸν

324 3937 422 3994 ἀλλοις.
458 3931 558 3985 Deinde
577 3934 724 4002 sequuntur

411 4113 457 4176 Ib.
482 4119 573 4176 brea
598 4117 648 4174 13.
679 4107 750 4174 Καί
773 4109 824 4174 ὅτι
846 4107 905 4192 μὲν
928 4108 985 4175 οὐκ
1008 4105 1087 4190 ἔστι,
1111 4109 1241 4188 συνθείς
1258 4113 1300 4175 τὰ
1316 4107 1490 4200 ἓτέρσιςιιε

322 4213 481 4304 εἰρημένα,
506 4215 577 4282 ὅσοι
601 4213 678 4303 περί
701 4228 764 4280 τῶν
786 4212 886 4280 άντων
909 4214 1054 4301 λέγοντες
1076 4215 1240 4298 τάναντία,
1265 4218 1309 4296 ὡς
1324 4219 1439 4284 ἀσκοῦ-

323 4345 383 4403 σιν,
406 4319 648 4410 ἀποφαίνονται
671 4323 794 4403 αὑτοῖς,
824 4318 937 4405 οἱμὲν
959 4323 1011 4388 ὅτι
1040 4318 1074 4388 ἓν
1100 4322 1158 4388 καί
1185 4323 1222 4390 od
1251 4324 1375 4404 πολλά,
1407 4321 1440 4390 οὶ

323 4417 357 4494 d'
376 4424 417 4492 αὖ
440 4429 491 4493 ὅτι
513 4429 623 4494 πολλὰ
645 4427 702 4494 καί
726 4428 780 4510 cdx
803 4427 850 4510 ἕν,
875 4431 932 4494 καί
955 4426 986 4495 οἱ
1008 4428 1069 4512 μὲν
1091 4430 1142 4496 ὅτι
1166 4429 1317 4520 ἀγένητα,
1347 4428 1378 4498 oi
1402 4421 1437 4496 ὁ)
