3150 4996
670 329 836 399 Pythagorei.
1279 328 1316 392 00

190 491 315 546 405830.
334 485 901 560 φησλγοῖραιίτηνίτηνψυχην)οἶοα’νατον
921 475 991 542 εἶναι
1010 487 1054 542 διό
1073 490 1104 543 τό
1124 487 1240 544 ἐοικέναι
1260 498 1316 553 τοῖς

190 576 348 645 ἄθανότοις,
368 583 444 632 τοῦτο
463 575 490 630 δ’
509 577 646 648 ὑπόρχειν
664 576 733 650 αότῇ
753 581 788 638 οίς
803 577 847 632 οἶτί
861 579 1022 648 κινουμένῃ·
1042 585 1178 632 κινεῖσθαι
1196 579 1251 650 γιίρ
1270 582 1315 634 καί

192 666 226 720 τά
235 671 300 720 θεία
309 665 404 720 πάντα
414 671 540 736 συνεχῶς
558 665 610 732 αἐί,
621 666 742 732 σελη’νην
761 663 833 732 ἥλιον
852 665 915 726 roric
926 665 1041 736 α’στέρας
1054 668 1103 720 τόν
1113 665 1232 735 ον’ρανόν
1242 665 1314 724 ὅλον.

188 757 233 812 Cf.
252 756 325 811 Stcb.
345 757 359 810 I
379 758 438 812 796.
476 757 603 827 Theophr.
623 757 654 812 dc
673 775 738 813 sens.
759 758 802 812 25.
821 759 884 813 Dor.
896 757 1010 822 506‚19.
1030 755 1178 826 Ἀλκμαίων
1202 763 1315 826 πρῶτον

188 841 316 914 α’φορίζει
333 841 382 908 την
401 839 471 912 πρός
489 845 521 897 τό
541 848 595 916 cpia
614 843 772 914 διαφοράν·
791 843 944 914 ἄνθρωπον
962 843 1018 914 γάρ
1046 862 1113 915 φησι
1141 848 1197 898 τῶν
1223 846 1314 900 ἄλλων

189 933 337 1003 διαφέρειν
355 933 398 987 ὅτι
416 931 503 1004 μόνος
522 939 632 1002 ξυνίησι,
650 933 683 986 ui
702 931 810 986 δ’ἄλλα
833 931 998 986 αἰσθάνεται
1015 935 1077 1004 μέν,
1097 930 1131 986 ου’
1151 939 1253 998 ξυνίησι
1271 935 1314 992 δέ.

190 1022 326 1092 Principia
344 1024 394 1078 illa
412 1022 539 1092 quomodo
558 1023 592 1078 ad
618 1023 746 1078 medicam
772 1028 856 1078 artem
882 1023 1066 1092 applicaverit,
1091 1041 1115 1078 v.
1135 1023 1208 1079 Plac.
1229 1025 1251 1077 V
1270 1027 1313 1081 30.

191 1113 302 1181 Doxogr.
322 1113 382 1167 442.
420 1114 459 1166 De
478 1111 597 1166 doctrina
615 1113 671 1166 eius
690 1117 717 1166 ct
735 1112 893 1181 fragmentis
911 1111 944 1166 ci.
965 1111 1044 1166 Unna
1063 1113 1090 1165 iu
1110 1111 1186 1166 Stud.
1206 1113 1314 1184 philol.-

190 1201 281 1256 histor.
307 1201 346 1255 ed.
370 1201 506 1266 Petersen,
536 1201 630 1256 Hamb.
652 1203 729 1266 1832,
759 1219 782 1270 p.
809 1202 943 1266 41—87;
976 1201 1085 1256 Krische
1114 1201 1313 1272 Forachuuyeu

189 1306 215 1358 p.
236 1291 349 1346 68-λὸ.
387 1290 418 1344 R.
438 1291 535 1355 Hirzel,
557 1291 670 1346 Hermes
688 1290 728 1345 XI
747 1291 808 1345 hou.

261 1397 291 1452 (l.
321 1398 446 1452 Alcmaeo
474 1398 543 1452 alter
570 1401 624 1463 est,
654 1397 732 1452 alteri
760 1397 986 1467 Pythagoreorum
1010 1399 1031 1452 ii
1056 1399 1101 1467 qui
1129 1397 1217 1452 decem
1237 1400 1313 1468 paria

186 1489 351 1541 statuerunt.
388 1487 429 1540 Ad
454 1487 501 1541 hos
520 1487 624 1557 quidem
649 1487 715 1541 refer
734 1486 766 1538 τό
785 1485 815 1538 δ’
835 1486 896 1538 ὅσοι
914 1485 987 1556 παρα
1007 1491 1061 1539 των
1079 1486 1186 1554 ἑτέρων,
1206 1486 1240 1542 ad
1258 1503 1314 1542 eos-

187 1575 248 1629 dem
266 1575 308 1630 vel
327 1575 361 1630 ad
380 1581 502 1645 utrosque
521 1572 591 1644 παρ’
609 1573 730 1630 ἐκείνων.

261 1696 288 1738 c.
318 1683 448 1737 Numerus
473 1684 529 1752 (10)
557 1700 657 1752 semper
685 1683 771 1748 idem,
797 1683 905 1752 singula
933 1683 1009 1752 paria
1038 1684 1189 1748 variantur;
1218 1683 1312 1752 Simpl.

188 1771 269 1840 Phys.
289 1773 334 1826 6V.
355 1773 397 1837 26,
417 1773 495 1828 281).
532 1771 580 1844 τός
599 1772 666 1824 δέκα
685 1778 856 1838 συστοιχίας,
884 1768 915 1830 ιῖς
939 1769 1015 1822 ἄλλοι
1033 1769 1121 1830 ἄλλως
1139 1769 1313 1840 ἀνέγραψαν.

190 1862 301 1916 Aristot.
331 1877 373 1930 ap.
402 1860 494 1929 Simpl.
522 1861 553 1914 de
581 1861 654 1916 caelo
682 1862 754 1915 173ι
781 1863 822 1915 11.
861 1859 893 1911 τό
919 1849 970 1912 οὖν
996 1859 1088 1920 δεξιόν
1111 1863 1158 1911 καὶ
1182 1858 1239 1911 ι’ἱνω
1267 1861 1313 1911 καὶ

188 1945 351 2018 ἔμπροσθεν
378 1944 491 2017 α’γαθόν
519 1947 644 2012 ἐκάλουν,
672 1947 702 2000 τό
730 1948 763 2002 δὲ
791 1943 936 2016 α’ριστερόν
960 1952 1004 1999 καὶ
1028 1945 1105 2000 κοίτω
1130 1952 1176 2000 καί
1195 1945 1312 2001 ὄπισθεν

187 2037 274 2089 κακόν
293 2035 397 2105 ἔλεγον,
416 2033 452 2096 τός
471 2034 553 2096 αι’τός
572 2034 747 2104 Ἀριστοτέλης
766 2035 911 2104 ἱστόρησεν
930 2035 961 2088 ἐν
986 2040 1016 2106 ιη’
1041 2040 1096 2089 τοῖν
1116 2041 1313 2106 Πυθαγορείοις

188 2123 365 2195 ἀρεσκόντων
393 2130 548 2194 συναγωγῇ.
603 2127 686 2181 Varro
710 2128 740 2181 L.
765 2127 796 2180 L.
817 2125 901 2180 Vll.
936 2126 1110 2195 Pythagoras
1138 2124 1245 2181 Samius
1273 2128 1313 2182 oc't

186 2216 307 2270 ornatum
330 2233 419 2270 rerum
437 2216 518 2271 ιἰιίίία
538 2233 594 2270 eoae
614 2217 687 2282 ὺίιια,
707 2221 738 2270 ut
754 2216 861 2281 finitum
880 2222 906 2270 et
923 2216 1072 2281 infinitum,
1098 2215 1195 2268 bonum
1214 2221 1239 2270 ct
1256 2231 1312 2270 ικα-

187 2305 251 2371 lum,
270 2306 352 2358 uitam
371 2311 396 2360 et
414 2312 529 2371 mortem,
550 2305 618 2359 diem
637 2311 663 2358 et
681 2310 792 2360 noctem.
830 2302 873 2357 Cf.
892 2302 964 2356 Plut.
984 2302 1015 2357 de
1034 2301 1105 2356 Iside
1124 2304 1170 2358 48.

259 2410 282 2467 i.
311 2411 420 2464 Dixerat
439 2411 469 2465 do
488 2411 598 2474 Eleatis,
618 2412 730 2464 maxime
749 2408 912 2464 Parmenide.
951 2411 1008 2464 Duo
1034 2411 1164 2480 principia
1182 2428 1251 2466 nunc
1270 2414 1311 2467 ita

185 2502 324 2562 numerat,
353 2502 384 2553 ut
411 2499 478 2552 dena
505 2499 643 2568 utriusque
671 2498 764 2552 lateris
789 2497 823 2552 ad
847 2515 929 2551 unum
953 2501 1066 2562 revooct3
1091 2497 1122 2550 τί
1147 2499 1234 2568 πέρας
1258 2503 1313 2556 iam

184 2588 369 2657 complectitur
387 2585 529 2655 περιττόν,
549 2585 643 2655 ἄρρεν,
661 2585 775 2662 α’γαθίν
794 2589 844 2642 cet.
882 2586 1047 2656 Quapropter
1065 2587 1135 2656 prior
1153 2589 1232 2642 series
1249 2606 1312 2644 non·

185 2692 319 2744 nunquam
338 2676 400 2730 boni
428 2679 520 2740 serice,
550 2676 636 2731 ultera
655 2677 744 2745 praui,
772 2676 908 2745 privativi,
933 2675 1034 2730 infiniti
1053 2676 1132 2730 series
1152 2677 1310 2747 appellatur,

185 2781 209 2817 v.
229 2764 291 2818 Eth.
310 2765 369 2818 Nic.
390 2763 446 2819 14.
475 2755 562 2820 10965
579 2766 610 2819 5:
640 2762 834 2830 πιθανσίτερον
859 2763 879 2814 ό
890 2759 897 2777 ’
921 2763 1042 2816 ἐοίκασιν
1070 2767 1096 2816 σί
1124 2763 1312 2835 Πυθαγόρειοι

185 2851 275 2920 λέγειν
294 2857 358 2920 περὶ
378 2848 462 2904 ιιότοιί
486 2857 546 2920 (τοῦ
570 2851 643 2922 ἑνός)
667 2855 790 2912 τιθέντες
813 2849 844 2905 ἐν
862 2856 892 2922 τῇ
911 2857 967 2904 των
984 2849 1103 2920 οἶγαθων
1122 2861 1263 2923 συστοιχίᾳ
1280 2849 1312 2907 τό

184 2939 222 2996 ἓν.
260 2941 339 3012 Phys.
359 2941 445 2996 1112.
466 2941 599 2997 aurbun.
626 2946 671 3005 της
689 2940 723 2994 δὲ
741 2940 833 3009 ἑτέρας
858 2947 1016 3008 συστοιχίας
1043 2943 1072 2992 ai
1096 2936 1183 3010 α’ρχαλ
1208 2941 1256 2994 όίοί
1280 2929 1313 2998 τό

185 3032 338 3100 στερητικαὶ
366 3017 436 3081 εἶναι
459 3026 600 3097 α’όριστοι,
627 3029 720 3099 Simpl.
740 3030 820 3099 Phys.
840 3032 901 3085 981.
921 3031 983 3095 429,
1003 3031 1067 3084 61).
1103 3031 1168 3090 ’ίσως
1196 3030 1229 3085 δὲ
1256 3031 1312 3102 πρό

185 3114 272 3172 αὐτοῦ
291 3120 337 3170 καλ
356 3117 454 3170 ἐκεῖνον
471 3118 518 3182 την
537 3119 590 3190 μὲν
609 3117 753 3182 εἰδητικόν,
773 3117 821 3183 την
841 3118 873 3171 δὲ
892 3114 1047 3187 στερητικῆν
1066 3116 1170 3186 ἔλεγον.

137 3301 166 3342 cu
253 3279 389 3343 Philolai
411 3281 448 3344 fr.
472 3290 501 3357 4,
526 3289 555 3346 3.
592 3280 677 3345 Stob.
701 3281 766 3345 Eul.
789 3281 902 3346 1458.
950 3283 1025 3364 Περὶ
1056 3284 1091 3345 (λε’
1120 3281 1232 3366 (pictur
1260 3288 1308 3350 καί

186 3377 332 3470 ἁρμονίας
360 3377 418 3452 cicc
449 3387 526 3470 ἔχει·
550 3381 570 3451 ἁ
593 3392 649 3470 μὲν
680 3385 757 3453 iorni
787 3394 849 3452 τῶν
880 3383 1077 3471 πραγμάτων,
1108 3381 1206 3462 ἀίδιος
1235 3389 1309 3456 ἕσσα

185 3497 233 3558 καὶ
256 3489 336 3558 αὐτὰ
358 3493 447 3575 μὰν1
471 3486 605 3579 ἁφόσις,
630 3499 700 3559 θεία
715 3498 776 3560 ἐντὶ
791 3500 839 3558 καί
857 3489 912 3556 οὐκ
934 3488 1135 3578 ἀνθρωπίνων
1158 3496 1308 3577 ἐνδέχεται

184 3601 307 3682 γνῶσιν,
338 3598 417 3664 πλιίν
448 3627 487 3684 γα
516 3597 535 3684 ἢ
559 3594 606 3665 ότι
637 3596 691 3683 οὐχ
721 3596 782 3664 οἷόν
812 3595 839 3664 τ’
864 3591 900 3685 ἧς
922 3594 1010 3664 οὐδὲν
1041 3601 1101 3664 τῶν
1125 3599 1238 3666 ἐόντων
1260 3609 1309 3668 καί

183 3701 423 3790 γιγνωσκόμενον
438 3701 489 3794 ὑφ’
506 3700 595 3788 ἁμῶν
618 3707 761 3791 γενέσθαι
776 3707 797 3786 ²,
822 3701 864 3791 μὴ
888 3698 1075 3791 ὖπαρχοίσιις
1097 3707 1152 3781 τᾶς
1174 3709 1308 3785 ἔστοὶς8

185 3815 247 3877 τῶν
262 3812 457 3899 πραγμάτων,
481 3817 511 3888 ἐς
526 3815 567 3877 ὡν
584 3814 713 3879 σννὲστα
729 3807 745 3878 ὃ
761 3808 875 3895 κόσμος
887 3817 936 3876 καί
952 3819 1013 3877 τῶν
1037 3811 1238 3897 περαινόντων
1261 3820 1308 3880 καὶ

185 3926 248 3984 τῶν
271 3915 402 4005 όνττίρων
416 3929 438 3981 ².
462 3922 520 3982 inei
541 3920 578 3982 cr*
602 3925 651 3985 uui
675 3916 763 4004 ἀρχαὶ
786 3913 923 4004 όπᾶρχον
947 3913 1002 4000 σι’νχ
1025 3911 1127 4000 όμοῖαι
1150 3915 1212 3984 οὐδ’
1231 3915 1308 4005 όμό-

184 4034 276 4110 potor
299 4027 399 4106 ἕσσαι,
431 4017 491 4110 ἤδη
511 4021 670 4091 uictuma
693 4019 727 4111 ἧς
750 4054 786 4090 κα
810 4021 916 4102 αὐταῖς
939 4025 1180 4110 κοσμηθῆμενλ,
1211 4031 1243 4092 αἲ
1264 4028 1309 4115 μὴ

183 4124 315 4218 ’ἁρμονία
338 4135 504 4217 ἐπεγίνετο,
530 4125 659 4220 ᾠτινιιῦν
690 4127 790 4221 τρόπῳ
820 4130 942 4216 ἐγένετο.
989 4130 1028 4197 τὰ
1055 4135 1113 4213 μὲν
1144 4123 1187 4196 ὧν
1216 4128 1307 4217 όμοΐα

241 4363 265 4418 li
285 4361 423 4415 Traditum
437 4361 500 4430 μὲν,
521 4357 587 4412 coiri
604 4359 680 4432 μόνα
700 4361 829 4416 Badham.
848 4357 951 4411 αὑταιί
970 4360 1011 4414 vel
1025 4355 1069 4412 αἰί
1084 4357 1201 4431 ἐσομίνα
1214 4363 1306 4422 Zeller.

182 4447 243 4518 μᾰν
258 4448 363 4504 Usener.
382 4479 417 4488 -
441 4451 473 4519 2)
487 4454 660 4522 γνωσσημτν
677 4451 790 4507 Boeckh.
811 4477 844 4490 -
872 4451 897 4509 3)
918 4444 1002 4508 αότιῐς
1019 4447 1098 4509 ἐντός
1116 4449 1227 4508 Boecirh.
