3140 4990
572 1324 839 1428 sophistae.

92 1676 134 1714 ur
214 1657 275 1724 Cic.
305 1657 397 1721 Brut.
426 1662 467 1722 45
500 1655 609 1737 (Arist.
640 1654 677 1720 fr.
709 1665 770 1722 131
796 1657 834 1720 R.
867 1657 972 1724 1500b
1004 1658 1045 1741 6).
1091 1658 1183 1724 Pacis
1214 1659 1263 1722 est
1290 1673 1351 1725 ciro

145 1783 251 1830 comes
275 1765 394 1846 otiique
418 1763 503 1828 socia
533 1765 565 1826 et
586 1763 651 1826 iarn
674 1764 754 1828 benc
784 1765 977 1830 constitutae
1006 1765 1143 1831 civitatis
1173 1765 1264 1846 quasi

145 1874 277 1937 alumna
314 1869 472 1954 quaedam
509 1870 697 1951 eloquentia.
750 1879 802 1936 46.
836 1871 951 1953 Itaque
987 1873 1032 1936 ait
1067 1872 1264 1948 Aristotelea,

145 1999 221 2044 cum
244 1979 378 2042 sublatis
406 1979 439 2040 in
464 1976 571 2042 Sicilia
593 1978 760 2060 tyrannis²
789 1996 840 2042 res
870 1979 1012 2061 privatae
1042 1979 1135 2060 longo
1166 1979 1265 2042 inter-

145 2086 229 2149 vallo
252 2085 376 2148 iudiciis
399 2085 635 2166 repeterentur,
664 2086 735 2148 turn
757 2085 912 2166 primum,
943 2085 1027 2166 quod
1058 2087 1142 2150 esset
1170 2087 1264 2150 acuta

144 2193 202 2256 illa
225 2211 302 2273 gens
328 2194 360 2255 ct
384 2194 585 2255 controversa
600 2192 717 2254 natura
732 2192 752 2267 ¹,
776 2192 879 2254 artem
903 2193 936 2256 et
957 2192 1125 2274 praccepta
1142 2191 1263 2258 Siculos

144 2297 299 2363 Coracem
323 2300 355 2362 et
378 2295 515 2361 Tisiamb
540 2297 780 2380 conscripsisse;
810 2315 886 2360 nam
916 2298 1011 2360 antea
1032 2298 1193 2362 neminem
1217 2317 1266 2362 so·

145 2405 242 2468 litum
265 2405 316 2468 ria
338 2423 397 2468 nec
420 2406 496 2480 arte,
521 2403 575 2468 sed
599 2405 746 2468 accurate
770 2405 879 2468 tamen
903 2405 935 2468 ct
956 2403 993 2468 de
1016 2404 1131 2488 scripto
1146 2406 1265 2487 pleros·

143 2530 209 2592 que
233 2511 351 2585 diccre;
376 2511 574 2594 scriptasque
598 2510 696 2575 fuisse
713 2513 745 2575 et
759 2513 889 2594 paratas
906 2529 925 2574 a
940 2510 1134 2592 Protagora⁰
1157 2530 1264 2576 rerum

144 2617 323 2682 illustrium
353 2618 600 2701 disputationes,
631 2637 713 2699 quae
742 2637 828 2682 nunc
857 2637 1041 2682 communes
1065 2619 1265 2700 appellantur

145 2722 237 2788 looil.
291 2734 342 2789 47.
371 2723 463 2804 Quod
493 2725 578 2788 idem
615 2723 726 2788 iecisse
761 2724 927 2806 Gorgiam,
963 2744 1037 2788 cum
1066 2725 1265 2806 singularum

145 2851 255 2898 rerum
278 2831 389 2896 laudes
405 2831 717 2914 vituperationesque
739 2831 987 2914 conscripsisset,
1011 2831 1096 2912 quod
1111 2831 1265 2895 iudicaret

145 2940 207 3003 hoc
230 2939 364 3003 oratoris
388 2957 456 3002 esse
480 2939 616 3002 maxime
639 2939 818 3020 proprium,
847 2957 915 3002 rem
939 2957 1054 3019 augere
1077 2957 1169 3021 posse
1196 2939 1266 3002 lau-

143 3045 251 3110 dando
275 3044 545 3126 vituperandoque
569 3063 680 3108 rursus
704 3043 843 3124 affligere
852 3053 873 3106 ⁶.

219 3200 249 3242 a.
269 3185 306 3240 Gi.
321 3185 443 3256 Spengel,
463 3187 610 3256 συναγωγὴ
624 3198 733 3256 τεχνῶν,
752 3203 777 3256 p.
797 3186 877 3254 22sq.
906 3183 1062 3252 Syracusani
1080 3203 1103 3239 a.
1117 3185 1170 3240 466
1185 3185 1266 3240 Thra·

144 3276 240 3344 sybulc
259 3275 340 3328 eiecto
359 3292 440 3345 usque
459 3275 492 3328 ad
511 3292 533 3328 a.
553 3276 605 3330 406
623 3275 706 3328 libera
724 3275 866 3327 utebantur
884 3273 1023 3344 republica.

218 3381 249 3437 l).
269 3380 365 3448 Corax,
391 3382 436 3452 qui
459 3381 529 3452 apud
553 3379 678 3435 Gelonem
701 3383 730 3434 et
753 3381 893 3434 Hieronem
917 3381 1031 3434 multum
1055 3380 1186 3447 valuerat,
1215 3381 1266 3436 elo·

144 3471 256 3542 quentia
281 3487 329 3524 sua
352 3471 431 3524 etiam
456 3471 525 3542 apud
549 3471 644 3524 liberos
669 3471 736 3523 cives
761 3470 914 3540 conspicuus
933 3471 998 3523 erat.
1034 3469 1098 3522 Eius
1123 3469 1265 3540 discipulus

143 3561 232 3615 Tisias
251 3577 274 3613 a.
293 3559 345 3613 427
364 3577 423 3613 cum
441 3558 538 3628 Gorgia
555 3559 741 3612 Leontinorum
759 3559 847 3627 legato
865 3557 985 3612 Athenas
1004 3557 1083 3612 venit.

219 3681 246 3722 c.
265 3667 423 3734 Protagoras
452 3669 481 3720 et
504 3667 559 3736 ipse
583 3666 744 3736 aliquamdiu
767 3666 795 3720 iu
819 3666 898 3720 Italia
924 3669 953 3720 ot
976 3665 1064 3720 Sicilia
1091 3669 1265 3720 commoratus

143 3759 206 3810 erat
223 3759 277 3822 (BP
297 3755 367 3820 177).

220 3862 251 3918 tl.
270 3861 425 3918 &marcnes
442 3862 492 3916 loci
510 3863 613 3928 (τόποι)
631 3861 786 3916 dicabantur
804 3861 886 3928 tales,
905 3861 1000 3930 quibus
1019 3864 1202 3930 argumentum
1221 3861 1268 3914 ali·

146 3952 219 4022 quod
236 3952 395 4020 generaliter
412 3954 441 4004 et
458 3954 532 4004 extra
549 3967 673 4021 personae
699 3950 879 4016 tractabatur,
903 3950 935 4004 ci.
954 3948 1007 4004 Cic.
1032 3949 1064 4002 'tle
1083 3949 1127 4004 Or.
1145 3950 1186 4002 111
1206 3951 1265 4004 106.

147 4040 261 4106 Quintil.
279 4040 306 4093 Π
325 4043 350 4107 1,
370 4041 418 4106 11;
436 4041 462 4106 4,
481 4041 524 4094 22.

221 4160 249 4204 θ.
267 4147 344 4200 Plato
362 4146 472 4200 Phaedr.
491 4163 517 4216 p.
536 4147 588 4201 267
607 4146 645 4200 A:
670 4152 770 4202 Τισίαν
788 4146 819 4200 δὲ
841 4151 959 4220 Γοργίαν
978 4164 1006 4199 τε
1024 4147 1145 4218 ἐάσομεν
1168 4145 1265 4206 εὕδειν,

147 4238 177 4288 οἳ
202 4237 255 4307 πρὸ
279 4247 332 4288 τῶν
358 4238 468 4303 ἀληθῶν
495 4237 528 4288 τὰ
554 4237 645 4289 εἰκότα
673 4235 750 4288 εἶδον
777 4229 811 4296 ὧς
834 4239 948 4301 τιμητέα
966 4237 1086 4306 μᾶλλον,
1115 4237 1149 4288 τά
1177 4253 1204 4288 τε
1230 4231 1266 4286 αὖ

149 4377 202 4386 ⁵--
209 4381 361 4390 -Ἢ

223 4482 249 4544 1)
267 4483 449 4536 controversiis
468 4486 531 4537 nata
549 4482 654 4538 Iacobe.

203 4585 260 4626 sisa.
276 4587 335 4628 riri.
364 4588 404 4629 aa.
420 4588 467 4629 vn.
