3130 4980
751 1276 983 1380 cynici.

816 1485 923 1494 -ι-

137 1644 282 1686 Antisthenes
376 1627 468 1708 Diog.
498 1626 546 1689 VI
572 1635 599 1690 1.
649 1612 862 1711 Ἀντισθένης
890 1612 1119 1700 Ἀντισθένους
1140 1611 1329 1711 Ἀθηναῖος.
1360 1619 1483 1689 ἑλέ-ιιι

309 1757 382 1820 γετο
412 1722 445 1798 δ’
471 1730 529 1798 οὐκ
557 1723 641 1797 εἶναι
671 1727 840 1818 ἰθαγενής·
872 1768 914 1778 -
945 1729 1049 1796 ἐδόκει
1079 1731 1140 1817 γάρ
1170 1721 1254 1794 εἶναι
1280 1723 1433 1817 Θρᾴττης

309 1839 440 1930 μητρός.
470 1876 512 1887 -
537 1875 579 1885 -
608 1832 702 1915 οὗτος
731 1826 802 1902 κατ’
835 1837 934 1921 άρχάς
963 1835 1022 1920 μὲν
1057 1835 1172 1924 ήκουσε
1201 1833 1338 1923 Γοργίου
1374 1847 1434 1901 τοῦ

310 1948 459 2036 ῥήτορος·
497 1944 575 2010 ὅθεν
603 1946 641 2010 τδ
668 1945 838 2032 ῥητορικὸν
867 1936 953 2021 εἶδος
988 1943 1022 2009 ἐν
1049 1947 1119 2021 τοῖς
1154 1943 1319 2027 διαλόγοις
1354 1942 1433 2008 ἑπι-

310 2052 412 2142 φέρει.
437 2090 478 2100 -
505 2062 534 2117 2.
558 2052 690 2138 ὕστερον
717 2048 754 2116 δὲ
776 2047 945 2136 παρέβαλε
968 2049 1163 2138 Σωκράτει“,
1199 2047 1256 2115 καὶ
1278 2059 1434 2116 τοσοῦτον

311 2159 417 2227 ὤνατο
440 2157 554 2238 αὐτοῦ,
589 2159 673 2223 ὥστε
701 2149 843 2245 παρήνει
872 2159 943 2234 τοῖς
969 2160 1142 2244 μαθηταῖς
1165 2153 1319 2242 γενέσθαι
1343 2154 1435 2242 αὐτῷ

310 2267 395 2353 πρὸς
425 2264 601 2352 Σωκράτην
634 2261 875 2351 συμμαθητάς·
910 2258 1008 2340 οἰκῶν
1034 2251 1063 2327 τ’
1100 2261 1134 2327 ἐν
1163 2266 1315 2350 Πειραιεῖ
1351 2251 1431 2328 καθ’

311 2369 450 2459 ἑκάστην
472 2369 593 2460 ἡμέραν
608 2370 683 2448 τοὺς
698 2369 938 2458 τετταράκοντα
961 2366 1116 2447 σταδίους
1131 2368 1228 2435 ἀνιὼν
1250 2367 1345 2457 Ιήκουε
1361 2375 1434 2435 Σω-

311 2478 465 2566 κράτους,
501 2466 580 2564 παρ’
606 2470 646 2542 οδ
666 2475 723 2542 καὶ
747 2477 785 2541 τὸ
808 2477 998 2564 καρτερικὸν
1022 2476 1132 2560 λαβὼν
1155 2474 1212 2541 καὶ
1235 2477 1273 2542 τὸ
1296 2475 1436 2555 ἀπαθές

311 2586 459 2674 ζηλώσας
481 2583 621 2672 κατῆρξε
643 2596 776 2671 πρῶτος
793 2593 851 2648 τοῦ
865 2593 1027 2667 κυνισμοῦ.
1060 2592 1090 2649 8.
1115 2580 1319 2670 στρέψαντος
1334 2582 1437 2649 αὐτοῦ
1551 2589 1553 2670 ζ

311 2693 349 2758 τὸ
372 2692 545 2778 διερρωγὸς
567 2700 625 2756 τοῦ
646 2687 805 2776 τρίβωνος
827 2686 874 2768 είς
901 2691 939 2755 τὸ
962 2687 1133 2778 προφανὲς
1157 2689 1332 2778 Σωκράτης
1355 2686 1437 2755 ῖδών
1552 2711 1553 2760 3

312 2819 426 2887 φησιν·
447 2786 534 2884 Ὁριῦ
558 2817 615 2860 σου
639 2795 695 2860 διδ
718 2806 776 2861 τοῦ
798 2792 953 2882 τρίβωνος
975 2797 1032 2883 τήν
1047 2791 1249 2883 φιλοδοξίαν.
1298 2805 1349 2863 13.
1366 2797 1435 2862 διε-

313 2903 422 2989 λέγετο
450 2891 482 2967 δ’
509 2901 542 2968 ἐν
572 2900 620 2988 τῷ
643 2901 846 2988 Κυνοσάργει
876 2898 1041 2988 γυμνασίῳ
1068 2903 1185 2989 μικρὸν
1215 2901 1347 2970 άποδεν
1369 2917 1437 2968 τῶν
1481 2965 1483 2974 ,
1551 2907 1552 2944 ³

313 3008 455 3089 nvncvb·
494 3009 571 3074 ὅθεν
600 3007 686 3085 τινές
715 3006 773 3072 καὶ
800 3009 857 3096 τήν
886 3008 1015 3096 κυνικήν
1046 3029 1149 3096 φασιν
1182 3006 1332 3074 ἐντεῦθεν
1362 3007 1436 3076 ὀνο-

312 3120 512 3202 μασδήναιο.
557 3113 654 3192 αὐτὸς
683 3112 712 3178 τ’
748 3113 939 3180 ἐπεκαλεῖτο
964 3104 1168 3180 (Απλοκάων.
1210 3114 1268 3180 καὶ
1302 3129 1437 3204 πρῶτος

314 3218 478 3292 ἐδίπλωσε
508 3221 564 3286 τὸν
591 3218 751 3308 τρίβωνα,
776 3259 818 3268 -
842 3219 899 3286 καὶ
921 3220 1010 3306 μόνῳ
1035 3219 1125 3307 αὐτῷ
1147 3220 1269 3308 ἐχρῆτο,
1291 3221 1437 3309 βάκτρον
1551 3227 1552 3240 ’

314 3317 346 3394 τ’
373 3325 507 3410 άνέλαβε
529 3325 587 3392 καί
609 3328 727 3415 πήραν.
762 3335 811 3393 15.
836 3323 992 3415 φέρονται
1015 3316 1047 3392 δ’
1073 3325 1173 3393 αὐτοῦ
1196 3328 1436 3415 συγγράμματα
1550 3311 1552 3332 ’

314 3434 411 3517 τάμοι
434 3431 541 3499 δέκαᾱ.
590 3444 640 3500 18.
671 3434 689 3498 δ
716 3431 827 3517 Τίμων
857 3432 893 3499 δὲ
922 3434 977 3500 διὰ
1008 3435 1045 3500 τὸ
1069 3434 1202 3522 πλῆθος
1233 3437 1313 3520 (τῶν
1336 3435 1437 3502 αὐτοῦ

314 3539 586 3627 συγγραμμάτων)
624 3538 786 3624 ἐπιτιμῶν
821 3538 910 3627 αὐτῷ
944 3553 1118 3629 παντοφυή
1155 3539 1298 3628 φλέδονά
1336 3565 1438 3630 φησιν

315 3644 439 3712 αὐτάνθ.

387 3802 417 3842 a.
436 3786 644 3852 Quamobrem
663 3805 679 3840 a
696 3788 807 3842 Platone
826 3788 904 3858 Soph.
924 3769 975 3843 25'1
995 3789 1017 3842 B
1037 3794 1126 3863 γέρων
1144 3792 1291 3862 ὀψιμαθὴς
1308 3790 1437 3860 appellari

315 3877 420 3930 videtur
442 3879 495 3943 (122
513 3877 566 3930 221
576 3877 612 3940 b).
648 3876 688 3930 Dc
706 3877 776 3930 vitae
801 3880 917 3948 tcmporc
941 3896 993 3932 σου
1012 3878 1080 3932 satis
1099 3881 1216 3945 constat,
1240 3879 1272 3932 cf.
1291 3878 1319 3933 Z.
1337 3879 1366 3932 II
1384 3881 1436 3946 1³,

315 3966 368 4020 241
383 3967 404 4019 ².

386 4071 418 4127 b.
437 4071 495 4125 Hoc
518 4072 661 4140 gymnasio,
687 4073 756 4141 quod
774 4075 833 4126 crat
850 4073 958 4127 Herculi
983 4091 1098 4140 sacrum,
1124 4074 1269 4127 utebantur
1293 4078 1322 4128 οἱ
1345 4078 1435 4142 νόθοι,

316 4178 339 4214 v.
358 4161 430 4214 Plut.
449 4160 574 4214 Themist.
595 4164 619 4227 1,
639 4161 664 4214 2.

388 4279 414 4320 ο.
434 4264 502 4320 Aliis
521 4265 611 4334 Cynici
629 4266 694 4320 dicti
712 4266 869 4320 videbantur
886 4271 994 4338 propter
1011 4285 1097 4322 mores
1115 4269 1191 4339 quasi
1209 4271 1316 4325 caninos
1340 4272 1437 4339 (David

316 4354 344 4406 in
371 4352 463 4421 Arist„
492 4352 576 4410 Schol.
604 4356 658 4410 23⁸
682 4355 718 4410 42
744 4355 814 4423 Bc),
845 4356 904 4409 aliis
930 4360 1039 4426 propter
1065 4358 1232 4413 dicacitatem
1258 4360 1373 4431 (Philop.
1400 4362 1435 4414 ib.

316 4459 342 4511 p.
361 4442 414 4496 35³
432 4443 468 4508 5).
1201 4457 1204 4464 ’
