3130 4980
305 349 362 410 ‘292
784 351 949 407 Aristoteles.

379 514 409 570 b.
434 515 500 568 Inde
518 514 676 570 Aristoteles
695 513 832 582 Stagirita

379 618 405 658 c.
430 603 468 658 Cl.
487 605 564 672 Diog.
583 605 607 656 V
626 607 699 674 9sq.,
724 621 755 657 ex
779 620 830 673 quo
855 603 910 656 loco
936 605 1045 672 apparet
1069 601 1117 654 has
1143 604 1289 670 temporum
1313 600 1427 654 rationes

307 710 396 746 omues
415 709 446 745 ex
464 693 622 763 Apollodoro
642 695 761 762 sumptas
779 709 844 756 esse,
864 691 895 744 ci.
915 691 984 743 Mus.
1003 690 1054 748 Rh.
1073 689 1171 756 XXXI,
1190 690 1232 742 43.

380 799 409 853 d.
435 799 474 854 Cf.
493 800 569 867 Diog.
589 800 648 854 V9.
664 801 688 852 6.
710 829 743 836 -
763 797 837 862 Quod
856 796 989 850 affirmant
1006 795 1085 848 multi
1103 795 1274 848 Aristotelem
1293 794 1320 848 iu
1339 793 1429 846 simul-

307 891 366 941 tate
390 905 449 941 cum
474 889 601 956 magistro
626 889 707 942 fuisse
734 891 827 941 natum
854 885 959 938 videtur
983 901 1014 938 ex
1037 901 1066 936 eo
1085 883 1156 953 quod
1181 884 1208 936 in
1226 883 1319 935 multis
1337 885 1430 952 postea

307 976 506 1030 contradicebat
523 977 642 1042 Platoni;
671 977 783 1030 invidiae
802 991 862 1028 vero
887 973 1098 1042 calumniaeque,
1127 988 1193 1040 quae
1211 971 1297 1024 multa
1315 971 1430 1040 turpiter

306 1064 340 1116 de
358 1063 501 1118 Aristotele
520 1065 604 1131 linxit,
624 1065 793 1118 tribuendum
811 1062 880 1132 quod
898 1064 1057 1115 memoratur
1075 1060 1179 1128 ingrato
1198 1060 1283 1112 animo
1301 1059 1329 1111 in
1349 1059 1430 1126 magi·

307 1154 394 1204 strum
413 1153 501 1217 fuisse,
520 1171 544 1206 v.
564 1153 688 1207 Aristocl.
708 1171 748 1223 ap.
767 1152 862 1205 Euseb.
882 1151 925 1204 Pr.
944 1149 989 1203 Er.
1008 1149 1059 1201 XV
1077 1149 1095 1208 2
1102 1171 1108 1206 ;
1128 1149 1153 1200 Z.
1174 1148 1254 1201 112³
1273 1149 1339 1216 8sq.

380 1271 407 1312 e.
435 1259 564 1325 Hermiae,
584 1260 718 1312 eunuchus
743 1262 771 1312 et
794 1274 884 1310 servus
903 1256 1008 1321 Eubuli,
1034 1255 1079 1324 qui
1103 1271 1134 1307 ex
1159 1254 1288 1323 trapezita
1311 1255 1430 1306 eraserat

309 1345 497 1399 Atamensium
523 1351 551 1400 et
569 1347 723 1401 Assensium
748 1350 892 1415 tyrannus,
917 1345 996 1398 huius
1020 1344 1127 1411 negotia
1151 1359 1293 1412 procurans
1311 1341 1429 1396 Athenas

307 1435 390 1500 venit,
409 1436 453 1488 ubi
471 1436 607 1488 Platonem
627 1436 758 1488 audiebat.
795 1433 895 1487 Deinde
913 1433 989 1486 illum
1007 1433 1035 1485 in
1055 1431 1195 1498 tyrannide
1209 1433 1315 1483 secutus
1329 1429 1430 1482 Aristo

310 1523 389 1576 telem
408 1526 436 1576 et
445 1524 617 1577 Xenocratem
636 1524 669 1576 ad
688 1541 715 1576 se
733 1525 850 1577 vocabat.
881 1521 946 1576 Cum
964 1538 1011 1590 per
1029 1520 1192 1573 Memnonem
1210 1519 1331 1588 proditus
1350 1518 1430 1570 iuter-

308 1611 388 1675 isset,
414 1611 572 1665 Aristoteles
599 1612 767 1680 Pythiadem,
807 1627 920 1664 sororem
943 1609 999 1662 eius
1027 1609 1067 1663 vel
1099 1607 1180 1668 filiam
1208 1607 1368 1676 adoptivam,
1402 1607 1430 1660 in

308 1699 505 1752 matrimonium
524 1700 613 1766 duxit,
639 1719 663 1753 v.
682 1699 769 1753 Strab.
788 1700 854 1752 XIII
874 1701 903 1764 1,
922 1698 957 1752 57
982 1716 1007 1768 p.
1027 1699 1093 1758 610;
1122 1697 1198 1764 Diog.
1217 1696 1241 1746 V
1259 1698 1290 1754 3:
1318 1695 1429 1760 Bocchh,

311 1787 439 1864 Hermiae
449 1804 474 1840 v.
484 1788 633 1856 Atarneus,
645 1789 714 1843 Ahh.
726 1788 864 1848 Bcrl.,Alr.
885 1786 955 1840 1853
969 1803 993 1856 p.
1005 1787 1057 1839 133
1067 1802 1105 1854 sq.
1126 1789 1139 1850 (
1140 1785 1174 1838 ld.
1185 1783 1260 1837 Schr.
1272 1783 1308 1835 VI
1322 1801 1347 1852 p.
1359 1785 1429 1846 187).

309 1875 419 1928 ¹Carmen
430 1877 463 1928 ab
476 1893 506 1929 eo
520 1877 554 1928 ad
563 1877 685 1930 Hermiae
700 1877 824 1930 honorem
834 1875 1006 1945 compositum
1021 1874 1135 1926 servavit
1144 1873 1220 1940 Diog.
1231 1872 1261 1924 V.
1274 1873 1298 1926 7.
1323 1872 1431 1924 Praeter

308 1963 392 2016 filiam
410 1981 440 2018 ex
459 1963 588 2032 Pythiade
614 1968 762 2035 susceptam
789 1965 872 2018 lilium
896 1963 991 2016 habuit
1014 1979 1045 2016 ex
1063 1962 1216 2032 Herpyllide
1235 1961 1429 2027 Nicomachum,
1508 1961 1512 1968 '

309 2069 334 2104 v.
353 2052 429 2120 Diog.
448 2053 472 2102 V
492 2053 515 2106 1.
538 2054 584 2117 14;
605 2053 668 2106 Suid
687 2072 710 2107 v.
728 2051 918 2124 Ἀριστοτέλης.

382 2140 405 2194 i.
434 2139 471 2194 cf.
491 2141 563 2194 Plut.
583 2141 656 2195 Alex.
677 2143 753 2211 leq,
780 2141 825 2210 qui
844 2144 933 2194 tamen
951 2140 1036 2208 magis
1054 2140 1216 2192 coniecturas
1235 2156 1312 2208 quam
1332 2143 1430 2194 cartam

309 2229 460 2282 memoriam
480 2230 554 2299 sequi
572 2230 684 2283 videtur.
721 2230 869 2283 Alexander
887 2229 1056 2282 Aristotelem
1081 2229 1238 2295 magistrum
1262 2229 1362 2298 accepit
1380 2233 1431 2281 tre-

311 2318 393 2370 decim
412 2335 493 2370 annos
507 2321 594 2384 natus,
615 2319 661 2372 sed
680 2335 739 2372 eum
757 2322 860 2371 mature
879 2318 912 2370 ad
926 2317 1060 2370 civitatem
1074 2317 1308 2370 administrandam
1327 2321 1430 2386 epatre

311 2405 487 2472 adhiberetur,
507 2423 559 2459 non
577 2407 622 2459 diu
640 2407 746 2460 videtur
763 2424 793 2460 eo
812 2423 876 2460 usus
894 2423 959 2460 esse.
988 2406 1075 2458 Multa
1089 2405 1233 2458 traduntur
1251 2403 1282 2458 de
1300 2406 1431 2460 benefieiis

312 2495 345 2546 ab
364 2493 513 2548 Alexandro
531 2495 559 2548 in
577 2495 748 2550 Aristotelem
767 2495 879 2560 collatis,
898 2495 1018 2564 inprimis
1037 2494 1069 2546 de
1087 2494 1226 2563 praesidiis
1243 2494 1370 2548 historiae
1387 2512 1431 2548 na-

312 2583 422 2648 taralis,
450 2600 516 2652 quae
544 2583 568 2636 ei
595 2601 640 2636 rex
668 2601 698 2636 ex
725 2584 820 2636 intima
840 2581 903 2636 Asia
930 2583 1033 2636 misisse
1060 2581 1228 2651 perhibetur,
1256 2582 1324 2635 Plin.
1343 2582 1377 2635 H.
1397 2582 1430 2636 N.

311 2669 376 2722 VIII
394 2671 442 2736 16;
461 2669 559 2724 Athen.
578 2671 618 2723 IX
637 2671 723 2726 398E.
762 2670 819 2735 Qua
843 2671 930 2739 gratia
953 2674 1016 2723 ante
1040 2673 1151 2722 mortem
1170 2669 1310 2722 Alexandri
1336 2671 1432 2724 excidit

311 2761 419 2829 propter
437 2758 675 2824 Callisthenem,*v‚
694 2759 771 2826 Diog.
783 2759 814 2814 ,V
834 2760 880 2823 10;
901 2759 972 2812 Plut.
991 2757 1064 2811 Alex.
1085 2757 1109 2811 8.
1129 2757 1173 2810 55.

383 2879 413 2929 g.
433 2863 582 2919 Chalcidem
601 2865 758 2917 concessisse
777 2865 875 2930 fertur,
900 2882 958 2917 cunr
977 2867 1048 2917 esset
1066 2864 1211 2933 impietatis
1230 2867 1368 2917 accusatus
1386 2881 1432 2934 per

312 2969 417 3005 causam
435 2953 557 3005 carminis
576 2953 648 3005 illius
666 2952 694 3006 in
706 2953 840 3005 Hermiam
859 2953 1003 3022 compositi,
1023 2953 1092 3022 quod
1110 2969 1234 3022 paeanem
1252 2952 1375 3005 dIcebant
1392 2969 1432 3004 ac-

312 3043 456 3104 cusatores,
480 3057 508 3093 re
526 3058 594 3106 vera,
614 3041 684 3110 quod
702 3041 839 3110 Antipatri
858 3041 955 3094 amiens
974 3045 1033 3093 erat
1051 3044 1079 3093 et
1097 3040 1124 3093 in
1143 3057 1170 3093 re
1189 3039 1293 3110 publica
1311 3041 1344 3092 ab
1363 3040 1433 3092 duci·

312 3130 362 3181 bus
386 3129 470 3197 plebis
489 3128 690 3184 Atheniensium
715 3129 896 3183 dissentiebat.
938 3148 962 3183 v.
980 3129 1098 3182 Favorin.
1133 3146 1174 3198 ap.
1193 3128 1269 3194 Diog.
1289 3128 1313 3178 V
1332 3129 1349 3181 5
1373 3129 1431 3187 coll.

312 3216 408 3270 Athen.
427 3217 477 3269 XV
496 3218 548 3272 696
561 3235 599 3286 sq.

385 3305 424 3375 De
443 3304 496 3357 vita
516 3303 668 3358 Aristotelis
694 3307 855 3375 scripserunt
883 3305 1044 3374 antiquitus:
1069 3303 1198 3372 Anonymi
1226 3308 1294 3368 tres,
1323 3320 1432 3372 quorum

312 3393 383 3445 ritae
397 3392 523 3460 leguntur
536 3393 563 3445 in
578 3391 661 3445 Arist.
676 3393 768 3460 fragm.
787 3393 827 3445 ed.
842 3393 918 3458 Rosa,
937 3393 1008 3461 Lipa.
1024 3393 1101 3458 1886,
1121 3409 1146 3461 p.
1157 3391 1307 3446 cae-450.
1328 3391 1432 3461 Nuper:

312 3480 362 3535 Ad.
382 3481 470 3546 stehr,
490 3480 650 3533 Aristotelia
668 3480 689 3545 I,
708 3480 769 3533 Hal.
782 3481 861 3534 1830.
898 3480 1019 3545 Brandis,
1039 3480 1113 3532 Hclb.
1132 3480 1316 3547 IIb1,48sq.
1346 3477 1377 3532 G.
1397 3479 1431 3532 H.

312 3568 413 3633 lewes,
441 3567 587 3630 Aristotlc,
619 3567 699 3622 Iond.
730 3569 807 3622 1864.
854 3566 885 3621 G.
906 3566 1000 3633 Grote,
1029 3568 1173 3632 Aristotle,
1200 3567 1280 3620 Lond.
1304 3567 1385 3632 1872,
1410 3567 1431 3620 Ι.

312 3654 345 3708 A.
365 3653 464 3721 Grant,
491 3655 635 3721 Aristotlc,
662 3655 768 3708 London
788 3655 866 3710 1877,
908 3656 934 3708 Ζ.
960 3656 987 3707 Π
1011 3657 1060 3721 2³,
1087 3655 1194 3709 1-50.
1240 3653 1432 3723 capracora

312 3742 336 3795 J.
356 3742 493 3810 Bernaysii
513 3745 597 3796 oratio
617 3743 649 3796 de
668 3741 713 3796 Ar.
732 3743 807 3796 libris
826 3744 940 3812 politicis
958 3744 1070 3809 (Ahhdl.
1090 3744 1103 3794 Ι
1123 3742 1174 3796 165
1185 3744 1244 3812 sq).

176 3914 259 3978 ocante
381 3901 504 3967 Gellius
529 3903 620 3965 Neet.
643 3905 709 3966 Att.
732 3903 793 3966 XX
818 3909 847 3966 5.
895 3903 1207 3966 Commentationum
1232 3921 1365 3966 suarum
1382 3913 1482 3964 ar-2⁹⁸

138 3969 286 4061 ‘diffidis
313 4009 468 4089 tiumque,
493 4027 572 4089 quas
597 4007 759 4090 discipulis
784 3997 939 4084 tradebat,
962 4009 1149 4072 Aristoteles
1166 4009 1372 4090 philosophus
1389 4043 1431 4052 -

314 4114 393 4178 duas
411 4114 530 4196 speeies
547 4115 697 4178 habuisse
715 4115 847 4179 dieitur:
866 4116 927 4177 alia
945 4117 1036 4178 erant
1052 4134 1133 4195 quae
1149 4115 1336 4178 nominabat
1352 4111 1387 4191 ἐξ
1416 4151 1432 4160 -

313 4219 432 4304 acolaci,
451 4221 513 4283 alia
530 4239 611 4301 quae
628 4222 808 4304 appellabat
825 4220 1014 4306 dapoaataoi.
1037 4209 1229 4304 Ἐξωτερικά
1245 4221 1432 4284 dicebantur

315 4344 396 4405 quae
426 4325 466 4390 ad
496 4327 671 4392 rhetoricas
694 4327 917 4391 meditationes
948 4327 1199 4407 facultatemque
1230 4328 1431 4408 argutiarum

315 4430 518 4512 oivihumque
548 4451 655 4496 rerum
677 4433 825 4496 notitiam
850 4433 1084 4508 conducebant,
1112 4431 1294 4517 ἀκροατικὰ
1323 4435 1434 4497 autem
