3146 4982
675 310 776 365 Ethioa.
1232 309 1287 372 423

165 473 197 526 δὲ
215 479 284 526 θεοῦ
302 474 397 538 Ζήνων
414 475 468 543 μέν
486 488 555 542 φησι
574 474 623 524 τόν
641 473 706 524 ὅλον
723 474 832 544 κόσμον
853 475 900 524 καὶ
919 474 968 526 τὸν
988 473 1113 544 οὐρανόν,
1134 474 1236 542 ὁμοίως
1254 463 1286 528 δὲ

163 564 210 613 καὶ
229 563 401 633 Χρύσιππος
428 561 458 614 ἰν
485 563 522 629 τῷ
550 563 648 632 πρώτῳ
677 563 740 633 περὶ
764 567 838 613 θεῶν
861 565 908 614 καὶ
928 561 1117 621 Ποσειδώνιος
1140 563 1170 614 ἰν
1187 564 1286 633 πρώτῳ

164 653 227 720 περὶ
251 655 330 703 θεῶν.
368 647 417 702 Vel
441 649 551 702 maxime
576 652 665 702 autern
690 649 804 702 divinam
831 651 954 702 naturam
979 653 1007 702 et
1030 649 1234 717 intelligentiam
1257 651 1286 704 in

151 738 234 790 eaelo
253 741 282 790 et
300 737 430 791 sideribus
448 737 563 808 eonspiei
581 737 796 804 arbitrabantur,
822 738 853 791 ef.
873 737 926 792 Cio.
945 737 978 791 D.
998 736 1032 791 N.
1052 737 1065 790 Ι
1083 738 1118 792 36
1137 737 1169 792 de
1184 737 1286 794 Zenone

163 829 192 879 et
210 825 349 893 Cleanthe;
368 825 480 880 Krische
498 845 524 897 p.
543 825 658 896 385sq.;
677 832 720 880 ΒΡ
741 827 794 880 398
804 825 833 880 C.
869 825 901 880 In
920 826 1032 895 singulis
1051 826 1158 880 deorum
1176 828 1286 882 nomini-

163 915 213 968 bus
231 932 262 968 ae
279 915 375 968 fabulis
394 915 601 986 interpretandis
618 916 658 968 ita
675 915 785 968 maxime
799 916 980 981 versabantur,
999 918 1031 968 ut
1040 915 1185 986 physicam
1197 917 1284 971 ratio·

163 1021 224 1058 ιιωιι
241 1020 299 1060 reon
316 1005 497 1072 inelepontem
516 1003 547 1058 λιι
566 1021 612 1058 eae
630 1005 767 1058 inclusum
786 1019 839 1058 esse
853 1003 1073 1070 demonstrarent,
1092 1003 1123 1058 ef.
1139 1003 1191 1059 Cio.
1207 1005 1238 1059 D.
1249 1003 1283 1060 N.

163 1093 190 1146 H
208 1094 243 1147 64
261 1096 289 1146 et
306 1093 342 1147 ib.
361 1091 403 1146 ΠΙ
421 1094 455 1147 63
473 1110 603 1161 ωας-ποια
621 1093 772 1148 molestiam
789 1092 908 1160 suscepit
926 1098 953 1159 et
971 1093 1084 1146 minime
1102 1094 1285 1148 necessarium

159 1183 271 1251 γνλωαι
288 1189 371 1250 Zeno,
391 1187 457 1250 post
476 1181 632 1248 Cleanthea,
658 1179 756 1235 deinde
777 1179 949 1250 Chrysippus
967 1180 1221 1236 commenticiorum
1238 1182 1283 1248 fa-

163 1269 292 1324 λιιιλανιιια
309 1271 421 1324 reddere
439 1271 587 1337 rationem,
612 1271 807 1325 uocabulorum
825 1285 875 1323 οων
894 1269 993 1338 quique
1011 1269 1056 1323 ito
1074 1269 1209 1338 appellati
1227 1271 1284 1326 aiot

164 1375 264 1414 eauaua
282 1361 426 1428 explicare.
463 1360 616 1428 quodcum
634 1358 744 1426 facitis,
768 1357 841 1412 illud
855 1357 980 1428 profecto
999 1358 1181 1426 confitemini,
1205 1359 1284 1430 λοιιγα

164 1449 247 1502 aliter
264 1465 291 1504 ee
309 1465 366 1502 rem
384 1449 484 1502 babere
509 1453 590 1518 atque
608 1448 749 1503 λιοιιιλιιαια
767 1447 863 1516 opinio
881 1448 933 1514 att,-
957 1462 1000 1501 eos
1026 1446 1098 1500 euim
1116 1448 1164 1516 ηαλ
1183 1447 1214 1502 di
1232 1466 1282 1518 op·

158 1537 304 1606 pelleretur
328 1553 421 1591 rerum
444 1542 564 1590 naturae
587 1553 656 1604 ease,
681 1553 739 1590 αοιι
762 1537 867 1604 όματαο
893 1535 1012 1588 deorum.
1051 1533 1212 1605 Quamquam
1237 1535 1283 1592 alii

162 1626 237 1679 velut
254 1626 380 1680 Persaeus
400 1625 524 1681 Citiensis
544 1643 587 1678 eos
606 1625 729 1679 dicebant
746 1642 803 1678 esse
816 1625 922 1678 habitos
941 1623 1012 1690 deos,
1032 1641 1050 1676 α
1063 1623 1162 1692 quibus
1179 1642 1284 1694 meyero

162 1715 272 1770 oblitae
296 1716 335 1769 ad
352 1717 425 1770 oilae
443 1715 548 1769 οιιλλαια
566 1720 633 1769 esset
650 1715 774 1781 inuenta,
798 1715 925 1783 λγοαεηιιο
943 1728 986 1767 ιω
1004 1713 1085 1766 utiles
1104 1718 1129 1767 et
1146 1715 1284 1770 salutares

163 1805 276 1858 deorum
294 1821 348 1859 esee
365 1805 507 1860 vocabulis
524 1809 710 1872 ααιιοιιματοο,
729 1821 752 1856 v.
774 1801 826 1856 Cio.
844 1802 877 1856 D.
893 1801 927 1856 N.
935 1801 960 1854 *I
977 1802 1025 1867 38;
1044 1801 1128 1855 1162.
1157 1801 1284 1858 Similiter

162 1893 324 1964 Chrysippus
349 1893 428 1947 etiam
446 1891 564 1946 homines
583 1893 714 1962 sapientes
732 1891 760 1944 in
779 1890 840 1943 deos
858 1890 957 1942 mutari
975 1889 1112 1942 docuerat:
1138 1889 1282 1947 Philodem.

162 1981 195 2036 de
213 1981 280 2036 Piae.
300 1982 347 2035 ool.
368 1982 410 2036 13.
428 1981 494 2035 Dox.
513 1981 565 2034 547
594 1985 641 2033 καλ
660 1981 826 2051 ἀνθρώπους
850 1983 888 2038 εἰς
911 1979 995 2038 θεοὺς
1018 1995 1087 2047 φησι
1110 1980 1282 2050 μεταβαλεῖν.

163 2071 201 2126 ef.
220 2077 263 2124 a?
282 2071 334 2125 409
344 2071 369 2124 b.

617 2281 829 2292 ..u-*—

642 2478 804 2554 Ethioa

669 2673 775 2683 ,-.--

111 2813 153 2852 ⁴¹³
232 2800 318 2864 Stob.
342 2799 408 2863 Eol.
431 2798 466 2862 H
490 2805 563 2863 132.
621 2797 666 2862 Τό
697 2793 734 2860 δέ
764 2791 882 2871 τέλος
912 2789 1011 2875 ὁμέν
1042 2791 1154 2879 Ζήνων
1183 2790 1285 2868 οὕτως
1311 2790 1416 2886 soffia

162 2904 327 2972 ἀπέδωκε·
363 2906 401 2972 τὸ
436 2900 697 2988 ὁμολογουμένως
731 2901 795 2988 ζῆν.
829 2910 924 2966 τοῦτο
955 2888 989 2963 d'
1015 2895 1087 2963 ἐστὶ
1116 2883 1201 2964 καθ’
1227 2893 1283 2962 ἕνα

162 3011 256 3098 λόγον
285 3009 342 3078 καὶ
364 3011 536 3098 σύμφωνον
565 3009 635 3097 ζην,
665 3008 710 3085 ὡς
732 3020 797 3072 τῶν
818 3003 1007 3090 μαχομένως
1031 3003 1159 3084 ζώντων
1181 3026 1283 3069 κακο-

162 3119 426 3202 δαιμονοόντων“.
462 3113 493 3182 οὶ
523 3115 560 3182 δέ
589 3117 672 3199 μετὰ
700 3125 814 3180 τοῦτον
836 3112 1159 3200 προσόιαρθροόντες
1182 3111 1284 3188 οὕτως

162 3225 327 3314 ἐξέφερον·
352 3221 615 3308 ὁμολογουμένως
638 3221 681 3310 τῇ
704 3221 801 3308 φύσει
816 3219 880 3307 ζην,
904 3216 1125 3301 ὑπολαβόντες
1147 3212 1284 3282 ἔλαττον

162 3325 246 3400 εἶναι
268 3331 478 3419 κατηγόρημα
494 3331 532 3396 τὸ
556 3330 621 3394 ὁπὸ
644 3337 702 3393 τοῦ
720 3327 867 3415 Ζήνωνος
890 3323 1000 3413 ῥηθέν.
1031 3321 1206 3410 Κλεάνθης
1222 3322 1282 3409 γὰρ

162 3453 296 3528 πρῶτος
318 3434 669 3520 διαδεξόμενος-αὐτοῦ
690 3436 747 3523 την
763 3433 889 3521 αἵρεσιν
911 3428 1101 3519 προσέθηκε
1123 3426 1165 3516 τῇ
1188 3427 1284 3516 φύσει

162 3545 219 3612 καὶ
243 3547 344 3624 οὕτως
367 3541 532 3610 όπέόωκε·
566 3540 660 3620 τέλος
683 3536 753 3612 ἐστὶ
776 3540 814 3605 τὸ
837 3535 1100 3624 ὁμολογουμένως
1122 3533 1164 3622 τῇ
1187 3534 1283 3623 φύσει

162 3653 226 3741 ζην.
278 3651 359 3738 ὅπερ
394 3650 412 3715 ὁ
446 3649 648 3737 Χρύσιππος
681 3645 881 3736 σαφέστερον
913 3643 1107 3729 βουλόμενος
1141 3652 1283 3728 ποιησαι
1396 3653 1399 3662 ¹

162 3758 305 3848 έξήνεγιι
334 3759 390 3824 τὸν
419 3755 542 3844 τρόπον
565 3764 692 3822 τοῦτον·
729 3759 784 3841 ζῆν
806 3743 883 3818 κατ’
903 3746 1077 3838 ἐμπειρίαν
1099 3759 1164 3813 τῶν
1187 3746 1282 3834 φύσει

162 3863 430 3950 ουμβαινόντωνλ.

233 4003 263 4044 a.
288 3987 385 4042 Differe
401 3987 478 4055 Diog.
496 3985 548 4040 VII
565 3985 600 4041 87
626 3986 726 4055 διόπερ
750 3993 857 4056 πρῶτος
881 3983 1011 4048 όΖὴνων
1034 3981 1064 4034 ἐν
1088 3981 1126 4048 τῷ
1151 3979 1214 4048 περὶ
1233 3977 1281 4029 ἄν·

161 4081 279 4154 θρώποο
299 4081 408 4149 φύσεως
427 4079 503 4136 τέλος
521 4075 580 4130 εἶπε
600 4075 637 4128 τό
647 4076 875 4146 ὁμολογουμένως
895 4074 927 4146 τῇ
942 4072 1025 4142 φύσει
1039 4070 1091 4134 ζῆν.
1128 4063 1167 4120 Of.
1181 4063 1235 4119 Cio,
1249 4063 1282 4117 de

160 4167 217 4222 Fin.
235 4165 274 4220 IV
292 4165 336 4220 14.
372 4164 437 4218 Post
454 4163 621 4237 μαγομένως
639 4161 731 4231 supple
749 4161 864 4225 ἑαυτοῖς,
884 4176 907 4212 v.
926 4157 1023 4211 Seneca
1040 4154 1087 4226 Ep.
1107 4155 1151 4220 89,
1170 4151 1204 4207 15
1222 4152 1282 4207 eila

160 4256 216 4312 aba·
234 4269 352 4309 eooeora.
390 4253 496 4306 Summo
514 4251 582 4304 bono
600 4248 714 4303 efficitur
731 4248 787 4302 vita
803 4248 883 4300 beata
900 4244 1102 4316 (εὐδαιμονία),
1127 4241 1160 4295 de
1178 4257 1230 4311 qua
1248 4239 1280 4294 ef.

160 4343 237 4413 Diog.
257 4341 308 4395 Vll
326 4343 361 4397 89
390 4343 419 4396 tr
447 4343 515 4414 αὐτῇ
543 4357 571 4393 τε
598 4339 642 4412 (τῇ
661 4337 749 4410 ψυχῇ)
776 4337 847 4390 εἶναι
864 4337 913 4401 τὴν
931 4334 1123 4405 εόόαιμονίαν,
1149 4327 1195 4385 ἅτ’
1215 4332 1283 4403 adop

162 4435 238 4504 ψυχῇ
266 4435 438 4502 πεποιημένη
466 4431 535 4504 πρὸς
562 4429 611 4494 τὴν
638 4429 793 4498 ὁμολογίαν
820 4426 925 4483 παντὸς
953 4431 1004 4475 τοῦ
1029 4425 1098 4488 βίον.
1135 4419 1209 4473 eeob.
1227 4417 1282 4472 Ed.

1012 4508 1068 4562 28*
