3130 4980
98 619 138 671 phi
132 578 239 672 lonsophia

265 299 319 360 298
741 303 904 358 Aristoteles.

267 457 493 550 αἲρετώτεραι,
525 464 608 584 αὕτη
635 462 670 528 δὲ
701 476 765 528 τῶν
793 469 1013 553 θεωρητικῶν.
1059 463 1235 552 ἀπορήσειε
1262 464 1322 548 γὰρ
1346 461 1386 526 ών

266 592 316 647 τις
350 569 487 656 πότερόν
522 559 608 635 ποθ
634 572 653 658 ἡ
688 570 803 658 πρώτη
838 567 1021 659 φιλοσοφία
1052 569 1199 636 καθόλου
1229 565 1330 648 ἐστίν,
1366 568 1386 655 ἢ

266 673 345 798 περί
367 701 400 742 τι
424 675 512 762 γένος
535 675 592 742 καὶ
615 677 713 765 φύσιν
735 678 808 742 τινὰ
830 674 926 760 μίαν·
958 676 1077 765 οὐγὰρ
1101 676 1119 741 ό
1142 675 1239 754 αὐτὸς
1261 674 1386 762 τρόπος

266 772 335 850 οὐδ
354 781 387 849 ἒν
409 787 485 862 ταῖς
506 787 768 872 μαθηματικαῖς,
793 772 865 849 ἀλλ’
884 785 904 872 η
925 782 985 867 μὲν
1000 780 1177 869 γεωμετρία
1192 779 1251 848 καὶ
1266 781 1384 868 ἀστρο-

266 887 360 975 λογία
390 879 469 978 περί
497 916 570 956 τινα
600 891 697 978 φύσιν
719 887 816 971 εἰσίν,
851 889 931 978 ἡδὲ
952 889 1099 956 καθόλου
1123 902 1241 955 πασῶν
1263 887 1385 976 κοινήᾱ.

265 992 295 1062 εἰ
322 995 382 1078 μὲν
412 994 466 1063 οὖν
495 997 540 1084 μή
570 994 641 1063 ἔστί
662 1021 714 1074 τις
744 993 838 1084 ἑτέρα
861 994 956 1063 οὐσία
978 999 1072 1084 παρὰ
1094 999 1154 1076 τὰς
1176 997 1272 1085 φύσει
1294 1017 1385 1060 evve—
1438 1004 1442 1012 '

201 1139 205 1146 ·
265 1100 430 1236 στηηυίας,
454 1105 474 1192 ἦ
496 1105 618 1192 φυσικὴ
642 1100 736 1169 &W
703 1128 753 1193 ειη
777 1105 893 1193 πρώτη
917 1102 1099 1193 ἐπιστήμη·
1144 1094 1262 1170 εἷθ’Ἰ
1246 1099 1319 1168 cosi
1332 1126 1385 1180 τις

265 1207 361 1276 odora
391 1209 556 1340 ακινητος,
592 1212 673 1298 αὕτη
702 1209 848 1299 προτέρα
876 1210 932 1277 καὶ
956 1206 1137 1339 φιλοσοφία
1161 1210 1293 1337 πρώτη,
1326 1206 1385 1274 καὶ

265 1316 472 1383 καθόλονθ
436 1319 472 1382 oh
468 1318 539 1395 ’τως
563 1317 613 1383 ὅτι
637 1318 770 1445 πρώτη·
815 1343 872 1384 και
897 1317 975 1404 περὶ
998 1328 1055 1384 τοῦ
1076 1315 1168 1395 όντος
1190 1299 1212 1405 ᾗ
1235 1312 1289 1396 όν,
1303 1315 1384 1380 ταώ-

264 1445 323 1510 της
353 1420 446 1488 dlu'l
413 1447 463 1511 ειη
486 1429 664 1512 θεωρῆσαι,
694 1422 752 1490 καὶ
774 1422 808 1489 τί
830 1423 900 1490 ἐστι
926 1423 984 1489 καὶ
1013 1425 1055 1488 τὰ
1084 1405 1358 1564 οπόρχονταη”
1340 1445 1383 1486 ον.

336 1630 365 1672 ιι.
397 1621 434 1672 Τὸ
452 1626 567 1691 θεωρειν
585 1620 617 1673 ab
635 1618 780 1673 Aristotele
798 1622 826 1672 et
844 1619 944 1688 agendo
957 1621 1110 1692 (πράττειν)
1128 1623 1157 1673 ct
1174 1619 1290 1674 faciendo
1308 1621 1382 1684 (ποι-

265 1706 317 1771 εῖν)
335 1709 487 1760 constanter
504 1707 654 1777 opponitur,
672 1707 712 1760 ita
725 1711 757 1760 ut
771 1708 854 1762 etiam
871 1707 1051 1778 philosophiae
1070 1709 1122 1761 tria
1139 1725 1236 1777 genera
1253 1725 1310 1762 esse
1324 1725 1384 1762 con·

265 1794 371 1860 stituat,
390 1798 554 1868 θεωρητικὸν
569 1799 719 1868 πρακτικὸν
732 1799 880 1863 ποιητικόν.
908 1796 940 1849 In
958 1796 1003 1850 illo
1022 1813 1064 1849 res
1077 1797 1251 1865 cognitionem
1269 1800 1381 1863 movent,

261 1883 292 1938 in
310 1882 352 1937 his
370 1887 462 1937 eontra
479 1884 591 1938 hominis
609 1888 657 1938 aut
674 1885 795 1949 voluntas
816 1887 864 1938 aut
882 1901 925 1938 ars
947 1885 1098 1938 moderatur
1115 1902 1158 1939 rss
1176 1886 1218 1952 (cf.
1228 1886 1292 1939 Met.
1302 1886 1367 1940 XI'l
1375 1908 1381 1952 3

265 1970 327 2026 Eth.
347 1972 495 2039 Nic.V14;
513 1973 608 2027 Bonita
627 1973 660 2026 ad
678 1973 795 2044 Metaph.
814 1991 839 2043 p.
858 1975 909 2029 281
921 1976 980 2044 ειη),
998 1991 1108 2044 eumque
1127 1974 1194 2028 actio
1213 1975 1291 2027 finem
1305 1991 1382 2028 suum

265 2063 339 2114 arua
357 2077 385 2114 se
403 2063 519 2132 positum
538 2063 642 2129 habeat,
668 2063 782 2131 cognitio
800 2066 828 2116 et
846 2063 1032 2133 contemplatio
1052 2065 1131 2116 semel
1149 2066 1221 2117 mota
1239 2064 1306 2118 nihil
1324 2065 1382 2133 agit

263 2149 315 2203 nisi
334 2153 365 2204 ut
384 2151 434 2204 sibi
452 2151 504 2220 ipsi
522 2151 676 2218 satisfaciat,
695 2152 726 2206 ef.
746 2151 807 2206 Eth.
827 2151 933 2205 NicVI
951 2152 976 2206 2.
998 2152 1085 2206 1139a
1099 2151 1147 2217 35;
1169 2153 1209 2206 13.
1230 2153 1318 2208 114312
1333 2154 1379 2219 19;

263 2238 288 2294 X
310 2239 333 2293 7.
354 2239 443 2294 llllb
464 2242 487 2294 1.

334 2397 365 2453 b.
395 2401 435 2452 Τὰ
455 2403 560 2473 φανερὰ
580 2412 633 2453 των
651 2406 734 2454 θείων
753 2401 816 2452 aunt
834 2399 927 2466 sidera,
947 2398 978 2452 cf.
997 2399 1062 2452 Met.
1082 2399 1134 2452 XII
1152 2400 1180 2466 8;
1202 2400 1233 2453 do
1246 2399 1322 2454 Caelo
1336 2401 1380 2454 13

263 2487 334 2542 2701>
355 2487 404 2554 103
422 2487 530 2543 Meteon
550 2488 606 2543 13.
626 2488 698 2543 339b
717 2488 760 2542 25.

334 2661 360 2703 c.
386 2649 535 2718 Physica
558 2651 678 2702 versatur
701 2649 729 2702 in
753 2649 941 2716 cognoscendis*
960 2649 1038 2702 rebus
1063 2649 1244 2716 sensibilibus,
1268 2667 1334 2719 quae
1352 2655 1379 2702 et

262 2741 399 2791 moventur
417 2755 500 2808 neque
514 2755 530 2790 a
543 2739 653 2791 materia
671 2738 785 2807 separari
803 2741 915 2807 possunt
932 2739 1067 2805 (araca),
1093 2738 1335 2792 mathematica
1352 2739 1379 2790 in

264 2827 342 2880 rebus
360 2827 544 2893 immobilibus,
564 2844 630 2896 quae
648 2826 789 2882 amatoria
806 2827 972 2895 cogitatione,
991 2845 1043 2880 non
1061 2829 1119 2897 ipsa
1136 2828 1290 2881 exsistentia
1308 2845 1377 2896 sepa·

263 2918 358 2968 rantur
375 2915 449 2981 (Met.
468 2916 507 2968 XI
525 2917 550 2970 3.
571 2917 659 2970 1061*
678 2917 726 2981 28;
746 2915 777 2968 de
795 2914 882 2970 Anim.
902 2916 959 2969 11.
979 2916 1051 2970 403b
1071 2917 1124 2982 14),
1145 2917 1255 2986 deniqne
1273 2917 1378 2986 prima

262 3003 481 3074 philosophia
491 3007 594 3079 (πρώτη
605 3009 766 3076 φιλοσοφία,
778 3009 940 3076 φιλοσοφία,
950 3011 1044 3076 σοφία,
1055 3007 1212 3074 θεολογική)
1221 3005 1249 3058 in
1265 3006 1342 3058 rebus
1352 3007 1378 3056 et

263 3093 439 3147 immobilibus
458 3096 486 3146 et
504 3093 632 3163 separatis
650 3093 794 3146 amatoria
812 3095 840 3146 et
858 3109 904 3163 per
923 3109 951 3145 se
968 3093 1164 3159 exsistentibus,
1183 3093 1209 3146 h.
1229 3110 1251 3146 e.
1270 3093 1298 3146 in
1312 3110 1379 3150 sum·

262 3182 313 3234 mis
341 3182 454 3236 omnium
482 3181 678 3252 disciplinarum
705 3182 855 3252 principiis,
880 3180 995 3236 of.'Met.
1014 3182 1052 3234 IV
1078 3183 1104 3236 3.
1126 3181 1217 3237 1005Β
1235 3183 1278 3236 21.
1298 3181 1376 3234 Vll.

263 3271 354 3325 1026·
370 3271 419 3336 21;
438 3271 516 3339 Phys.
535 3271 556 3338 I,
577 3271 602 3325 9.
623 3271 693 3324 1922
711 3272 754 3326 34.
792 3269 833 3324 Ab
858 3271 1023 3325 inferioribus
1048 3271 1132 3340 prima
1156 3271 1321 3340 philosophia
1338 3287 1380 3323 vo·

262 3362 339 3413 catur
357 3359 537 3430 Metaphysica
555 3360 657 3413 nomine
682 3361 715 3413 ab
739 3377 769 3413 eo
794 3376 869 3430 opere
888 3377 939 3430 quo
957 3360 1068 3413 maximo
1094 3362 1226 3413 tractatur
1244 3359 1278 3412 ad
1295 3360 1378 3429 ipsam

261 3449 400 3502 translato.
438 3447 513 3513 Quod
538 3465 603 3518 opus
627 3449 759 3502 nonnullis
782 3449 903 3520 partibus
925 3449 1077 3503 incohatum
1100 3448 1183 3514 magis
1202 3463 1280 3518 quam
1307 3448 1379 3501 abso·

261 3537 349 3590 lutum
366 3554 450 3607 neque
468 3538 501 3590 ab
519 3537 576 3607 ipso
594 3536 738 3592 Aristotele
756 3539 869 3605 editum,
894 3538 939 3591 sed
958 3555 974 3592 a
993 3538 1127 3608 discipulis
1151 3537 1289 3591 collectum
1313 3535 1379 3588 vide·

261 3627 314 3678 tur.
343 3625 461 3693 Constat,
481 3627 504 3679 si
522 3643 573 3680 non
587 3629 673 3693 antea,
692 3631 762 3682 certo
781 3628 813 3680 ab
828 3627 975 3681 Andronico
992 3627 1102 3693 Rhodio,
1122 3625 1251 3682 Ciceronis
1270 3624 1377 3694 aequali,

260 3713 1377 3785 Metaphysicainscriptumesse.-Cf.Brandis,Comment.Ac.Berol.,1834,

260 3820 286 3872 p.
306 3803 425 3868 63—87,
451 3803 524 3857 Hdb.
544 3804 640 3869 llbl,
659 3803 721 3858 541.
754 3803 789 3858 Η.
808 3804 910 3871 Bonita,
931 3803 1011 3858 Arist.
1031 3803 1094 3857 Met.
1075 3807 1215 3871 treoogn.
1240 3805 1269 3856 et
1286 3817 1378 3867 enarr,

259 3891 526 3959 Bonnae1848-49,
545 3891 572 3945 11
591 3893 625 3948 10
634 3908 673 3962 sq.
710 3891 807 3960 Zeller,
832 3898 860 3946 ιἰ.
879 3891 906 3946 ιί.
925 3891 1094 3961 Benutsunq
1113 3891 1139 3945 d.
1158 3892 1208 3945 Αν.
1228 3891 1326 3945 Met.
1315 3909 1333 3944 ι.
1352 3889 1378 3942 ἀ.

259 3979 395 4048 Schriften
414 3982 441 4038 d.
460 3983 507 4036 ᾰίί.
527 3982 730 4050 Peripateticos,
749 3981 795 4036 Ac.
814 3982 899 4036 Berol.
919 3982 997 4036 1877.

331 4144 361 4200 d.
380 4141 417 4198 ‘H
431 4147 554 4198 καθόλου
571 4146 754 4217 μαθηματικὴ
772 4147 814 4198 est
832 4143 1013 4210 arithmetica,
1042 4143 1074 4195 of.
1093 4142 1158 4196 Met.
1177 4142 1191 4194 1
1209 4142 1234 4194 2.
1254 4141 1326 4195 982³
1342 4139 1375 4192 26

260 4236 290 4285 αἱ
308 4235 362 4307 γὰρ
380 4235 409 4295 ἐξ
427 4235 579 4288 ἐλαττόνων
596 4233 769 4306 (ἐπιστῆμαι)
787 4235 974 4307 ἀκριβέστεραι
993 4243 1047 4284 τῶν
1064 4234 1093 4285 ἐκ
1113 4234 1288 4302 προσθέσεως
1306 4233 1374 4302 λαμ-

260 4326 422 4394 βανομένων
441 4318 500 4377 οἷον
525 4324 693 4396 ἀριθμητικὴ
710 4327 883 4395 γεωμετρίας.
927 4321 965 4375 Ib.
985 4321 1010 4376 5.
1031 4320 1103 4375 985b
1122 4319 1165 4374 26.
1210 4317 1288 4372 Anal.
1307 4319 1375 4388 post.

258 4407 335 4463 127.
354 4410 411 4464 87⁸
429 4412 472 4466 31.
