3156 4988
309 325 363 386 358
787 327 952 380 Aristoteles.

381 502 407 541 (ι.
440 487 533 558 Itaque
576 492 701 541 πολιτεία
739 490 846 540 vocatur
883 493 1047 562 τιμοκρατία
1090 487 1151 540 Eth.
1188 487 1247 540 Nic.
1283 486 1348 538 VIII
1385 489 1426 540 12.

311 577 465 630 1111ον36.

380 700 409 754 cl.
439 700 479 754 De
507 699 593 753 dubiis
623 703 762 760 πολιτείας
787 703 815 754 et
841 703 1051 774 ἀριστοκρατίας
1075 699 1228 753 notionibus
1252 699 1284 752 cf.
1304 699 1331 752 Z.
1350 699 1428 752 112³

311 790 407 858 713εη.
428 789 488 842 741.
509 789 568 842 745.

122 997 285 1103 ’ῑξξξθξξξξῑῑ
377 1001 443 1064 Pol.
466 1001 513 1065 IV
541 1011 590 1065 11.
616 1009 722 1068 1295¹⁸
747 1010 798 1066 25.
849 996 907 1076 Τίς
930 988 962 1064 δ’
981 997 1096 1087 ἀρίστη
1121 996 1275 1064 πολιτεία
1299 997 1356 1063 καί
1379 996 1428 1076 τίς
1437 1017 1473 1057 ια

309 1106 441 1194 ἀριστος
464 1103 537 1188 βίος
559 1110 634 1183 ταῖς
658 1103 831 1184 πλείσταις
855 1105 972 1170 πόλεσι
1000 1104 1150 1184 καὶτοῖς
1174 1103 1343 1183 πλείστοις
1366 1119 1428 1169 τῶν

309 1212 510 1299 ἀνθρώπιον,
545 1211 627 1299 μήτε
662 1213 747 1298 πρὸς
781 1211 895 1298 ἀρετὴν
924 1208 1129 1298 συγκρίνουσι
1158 1213 1216 1299 τὴν
1245 1210 1329 1296 ὑπὲρ
1356 1213 1430 1288 τοὺς

309 1315 452 1398 ἰδιώτας,
476 1319 559 1406 μήτε
582 1319 666 1404 πρὸς
690 1315 846 1382 παιδείαν
869 1315 915 1405 ἣῑ
939 1318 1066 1405 φύσεως
1082 1318 1188 1384 δεῖται
1205 1316 1261 1382 καί
1276 1315 1429 1405 χορηγίας

308 1435 463 1512 τυχηρᾶς,
495 1425 576 1511 μήτε
606 1426 691 1511 πρὸς
726 1421 898 1489 πολιτείαν
930 1426 988 1511 τὴν
1015 1413 1093 1488 κατ’
1111 1423 1201 1511 εὐχὴν
1236 1423 1428 1510 γιγνομένην,

310 1529 393 1595 ἀλλὰ
427 1527 499 1611 βίον
528 1554 563 1595 τε
592 1531 648 1595 τὸν
678 1534 749 1608 τοῖς
785 1527 955 1607 πλείστοις
984 1543 1177 1617 κοινωνῆσαι
1208 1531 1344 1595 δυνατὸν
1373 1528 1428 1610 καί

309 1633 479 1700 πολιτείαν
509 1631 546 1723 ἧς
568 1637 628 1713 τάς
652 1633 810 1714 πλείστας
839 1636 954 1714 πόλεις
985 1634 1145 1718 ἐνδέχεται
1174 1640 1363 1718 μετασχεῖν,·
1388 1673 1428 1684 -

309 1743 328 1829 ἡ
352 1741 388 1807 δὲ
419 1742 458 1829 δι)
488 1739 594 1828 κρίσις
624 1741 701 1828 περὶ
731 1742 888 1806 ἁπάντων
919 1742 1040 1807 τούτων
1063 1741 1099 1807 ἐκ
1122 1756 1187 1806 τῶν
1210 1741 1316 1806 αὐτῶν
1339 1763 1428 1806 στοι-

307 1845 402 1929 χείων
425 1845 520 1913 ἐστίν.
566 1845 596 1913 εἰ
624 1849 684 1935 γὰρ
715 1849 824 1926 καλῶς
852 1845 885 1914 ἐν
907 1852 978 1926 τοῖς
994 1848 1134 1936 1ἠθικοῖς
1157 1844 1285 1936 εἴρηται
1314 1850 1352 1912 τὸ
1375 1849 1431 1912 τὸν

308 1952 482 2038 εὐδαίμονα
497 1951 570 2038 βίον
585 1946 668 2020 εἶναι
692 1956 750 2019 τὸν
772 1943 848 2020 κατ’
868 1954 980 2043 ἀρετὴν
996 1955 1242 2038 ἀνεμπόδιστον,
1265 1954 1430 2042 μεσότητα

309 2061 345 2126 δὲ
366 2064 425 2150 τὴν
448 2061 570 2149 ἀρετήν,
595 2063 650 2127 τὸν
671 2059 769 2144 μέσον
793 2061 970 2146 ἀναγκαῖον
984 2059 1057 2144 βίον
1072 2053 1155 2126 εἶναι
1170 2059 1349 2144 βέλτιστον,
1374 2072 1430 2146 τῆς

309 2163 458 2269 ἑκάστοις
481 2166 683 2256 ἐνδεχομένης
705 2172 809 2249 τυχεῖν
832 2168 1018 2256 μεσότητος.
1065 2170 1140 2245 τοὺς
1163 2167 1199 2232 δέ
1223 2166 1340 2244 αὐτοὺς
1355 2166 1429 2231 τοί-

308 2298 382 2351 τους
412 2273 505 2360 ὅρους
536 2273 712 2358 ἀναγκαῖον
746 2267 830 2339 εἶναι
860 2273 917 2339 καί
941 2275 1069 2351 πόλεως
1091 2273 1206 2361 ἀρετῆς
1229 2272 1286 2337 καί
1310 2269 1430 2349 κακίας

309 2378 366 2444 καί
401 2377 587 2457 πολιτείας·
623 2383 652 2468 ἡ
682 2383 743 2466 γάρ
775 2377 928 2445 πολιτεία
952 2378 1024 2463 βίος
1047 2377 1098 2458 τίς
1121 2379 1191 2445 ἐστι
1215 2380 1351 2456 πόλεως.
1399 2378 1431 2444 έν

309 2485 458 2564 ἀπάσαις
488 2486 527 2572 δὴ
556 2490 632 2564 ταῖς
661 2484 796 2552 πόλεσίν
824 2486 892 2553 ἐστι
923 2485 999 2572 τριά
1022 2485 1104 2574 μέρη
1134 2499 1191 2573 τῆς
1221 2486 1364 2564 πόλεως,
1399 2481 1429 2551 ολ

307 2590 367 2674 μέν
389 2590 523 2678 εὑποροι
547 2592 690 2680 σφόδρα,
715 2590 746 2658 οῖ
770 2592 807 2658 δέ
830 2592 953 2680 δίπυροι
976 2593 1121 2680 σφόδρα,
1153 2588 1184 2656 οῖ
1208 2591 1245 2656 δὲ
1267 2589 1375 2677 τρίτοι
1399 2588 1429 2655 οῖ

307 2696 403 2780 μέσοι
433 2699 562 2763 τούτων.
609 2698 683 2764 ἐπεὶ
713 2697 819 2764 τοίνυν
850 2700 1058 2783 ὁμολογεῖται
1082 2701 1120 2765 τὸ
1142 2697 1274 2783 μέτριον
1297 2699 1431 2784 ἄριστον

307 2802 364 2868 καί
387 2804 425 2869 τὸ
448 2801 555 2886 μέσον,
580 2806 718 2893 φανερὸν
742 2806 792 2870 ὅτι
816 2805 873 2870 καί
896 2818 962 2870 τῶν
985 2804 1210 2893 εὐτυχημάτων
1233 2807 1253 2890 ἡ
1276 2817 1389 2893 κτῆσις
1410 2807 1428 2891 ἡ

307 2907 389 2996 μέση
423 2908 572 2999 βελτίστη
603 2911 751 2976 πάντων·
797 2907 899 3000 ῥηίστη
933 2913 992 2999 γάρ
1021 2910 1068 2996 τῷ
1099 2911 1183 2996 λόγῳ
1218 2915 1429 2996 πειθαρχεῖν·

307 3013 491 3099 ὑπέρκαλον
521 3017 557 3082 δὲ
586 3015 842 3105 ἢὺπερίσχυρον
872 3019 1107 3106 ἢὺπερευγενη
1135 3017 1429 3103 ἢὺπερπλοίσιον,

309 3122 329 3210 ἢ
351 3119 505 3186 τάναντία
528 3125 672 3204 τούτοις,
704 3123 919 3210 ὑπέρπτωχον
942 3125 962 3212 ἢ
985 3125 1193 3211 ὑπερασθενῆ
1220 3122 1276 3187 καί
1300 3123 1429 3211 σφόδρα

308 3227 432 3310 ἀτιμον,
455 3230 599 3310 χαλεπὸν
621 3229 669 3318 τῷ
692 3229 776 3316 λόγῳ
801 3231 1001 3296 ἀκολουθεῖν.
1027 3269 1068 3276 -
1106 3229 1211 3295 1295¹³
1237 3239 1287 3294 34.
1324 3230 1429 3316 Δῆλον

308 3333 372 3420 ἀρα
407 3335 458 3400 ὅτι
492 3335 550 3400 καί
584 3335 778 3423 ἦνοινωνία
802 3339 821 3423 ἡ
844 3337 999 3422 πολιτικὴ
1022 3332 1137 3423 ἀρίστη
1152 3337 1180 3422 ἡ
1204 3336 1260 3400 διδ
1282 3349 1348 3400 τῶν
1369 3334 1428 3418 με’-

307 3461 381 3519 σων,
405 3440 545 3520 καὶτὰς
568 3443 724 3520 τοιαύτας
748 3441 909 3524 ἐνδέχεται
939 3439 972 3507 εὖ
996 3442 1231 3506 πολιτεύεσθαι
1260 3441 1373 3518 πόλεις
1396 3440 1429 3506 ἒν

308 3537 361 3623 αἶς
384 3548 422 3635 δὴ
446 3549 532 3613 πολὺ
554 3551 592 3614 τδ
614 3548 722 3633 μέσον,
745 3548 802 3614 καί
826 3553 972 3637 κρεῖττον
994 3547 1139 3630 μάλιστα
1162 3545 1222 3629 μὲν
1244 3547 1375 3634 ἀμφοῖν,
1400 3543 1428 3610 εἰ

308 3653 344 3718 δέ
373 3656 426 3742 μή,
460 3654 602 3742 θατέρου
632 3654 765 3742 μέρους·
818 3653 1078 3742 προστιθέμενον
1107 3655 1168 3740 γὰρ
1199 3656 1291 3718 ποιεῖ
1325 3654 1428 3738 ῥοπὴν

309 3758 366 3825 καί
390 3761 505 3826 κωλύει
535 3759 705 3845 γίγνεσθαι
729 3762 788 3838 τάς
817 3758 966 3838 ἐναντίας
995 3759 1189 3847 ὑπερβολάς.
1226 3797 1267 3806 -
1302 3760 1349 3823 Ib.
1375 3768 1425 3822 12.

142 3883 277 3976 &iffi
311 3867 417 3934 1296b
442 3877 492 3933 14.
531 3871 590 3932 Δεῖ
613 3869 672 3954 γὰρ
697 3872 842 3954 κρεῖττον
864 3860 948 3932 εἶναι
971 3868 1010 3932 τὸ
1032 3865 1223 3949 βουλόμενον
1249 3863 1348 3950 μέρος
1370 3875 1427 3950 τῆς

251 4015 254 4026 ν
309 3974 436 4052 πόλεως
465 3985 522 4039 τοῦ
550 3976 595 4060 μὴ
624 3973 819 4057 βουλομένου
848 3972 954 4056 μένειν
983 3975 1041 4060 τὴν
1071 3969 1250 4038 πολιτείαν.
1297 3967 1427 4037 ἔστιδὲ

307 4091 402 4144 πᾶσα
431 4079 530 4158 πόλις
559 4076 596 4144 ἔκ
630 4104 665 4145 τε
694 4091 752 4145 τοῦ
780 4090 879 4145 ποιοῦ
908 4077 965 4144 καὶ
989 4090 1103 4145 ποσοῦ.
1150 4076 1232 4162 λέγω
1266 4075 1303 4142 δέ
1330 4077 1425 4142 ποιδν

307 4184 365 4267 μέν
381 4183 570 4272 ἐλευθερίαν
593 4187 736 4251 πλοῦτον
759 4182 916 4250 παιδείαν
929 4183 1095 4270 εὐγένειαν,
1120 4185 1224 4250 ποσὸν
1247 4182 1283 4249 δὲ
1299 4185 1356 4272 τὴν
1369 4189 1426 4246 τοῦ

305 4337 519 4347 ·-—--..-.

379 4434 404 4496 1)
423 4434 440 4500 ἢ
456 4433 571 4486 Bekker:
591 4435 609 4486 θ
627 4434 713 4502 vulgo.
