3130 4980
318 333 373 394 232
733 336 821 418 Elinoi
838 339 865 390 et
884 337 1022 393 Eretriaci.

319 501 380 586 γὰρ
404 497 482 564 αὐτὸ
506 497 712 586 σωφροσύνην
727 493 785 561 καὶ
807 493 956 583 ἀνδρείαν
979 494 1035 562 καὶ
1051 496 1257 585 δικαιοσύνην
1272 494 1439 582 λέγεσθαι,

320 605 476 691 καθάπερ
500 603 617 691 βροτὸν
640 601 697 668 καὶ
720 601 928 689 ἄνθρωπον.

390 744 418 783 a.
438 729 492 784 cio.
513 727 598 784 Aean.
618 727 648 781 II
667 729 727 782 129.
764 726 792 780 Α
811 727 971 782 Menedemo
989 733 1090 795 autem,
1110 727 1184 796 ακοά
1201 729 1226 781 ie
1245 727 1359 782 Eretria
1376 727 1439 794 fuit,

318 818 456 874 Eretriaci
474 817 607 886 appellati
613 837 622 884 ,·
647 832 760 884 ραονανι
783 832 859 870 omne
884 817 982 870 bonum
1005 817 1035 869 ιἰι
1060 822 1146 870 mente
1161 817 1282 884 poeitum
1301 821 1326 870 ει
1345 817 1441 870 mentio

318 907 384 972 acie,
403 923 459 975 quo
476 922 569 960 oerum
586 910 749 960 cerneretur.
778 932 807 942 ·-
834 905 977 974 Excipiunt
1001 904 1067 958 heeo
1092 905 1171 959 verbe
1194 904 1264 974 apud
1288 905 1440 959 Ciceronem

318 1010 358 1058 ee,
377 1010 443 1063 quae
462 1011 541 1062 supra
560 995 683 1063 apposite
701 996 765 1047 suni
782 1000 825 1046 BP
844 995 904 1057 224,
923 995 951 1047 et
969 993 1078 1047 redeunt
1096 993 1175 1048 ferme
1194 993 1281 1047 eodem
1301 993 1366 1049 haee
1383 995 1440 1062 plo·

318 1084 374 1138 cita
393 1085 473 1151 etque
492 1082 542 1136 ille
561 1082 688 1136 Euclidie.

386 1261 474 1343 Diog.
497 1261 530 1324 H
556 1268 628 1326 135.
673 1248 801 1346 ’Anien
824 1257 869 1339 δέ,
893 1257 985 1346 φασί,
1010 1258 1132 1324 καὶτὰ
1155 1259 1353 1348 ἀποφατινά
1376 1272 1485 1324 omenes

319 1365 539 1449 ἀξιωμάτων,
564 1367 777 1453 καταφατικὰ
792 1363 917 1444 τιθείς·
942 1365 999 1431 καὶ
1014 1365 1137 1432 τούτων
1159 1367 1201 1432 τά
1217 1367 1313 1431 ἁπλᾶ
1334 1353 1440 1454 προσ-

319 1472 486 1555 δεχόμενος
509 1474 550 1537 τά
573 1470 630 1552 οὐχ
653 1472 748 1536 ἁπλοῖ
770 1466 895 1560 ἀνῄρει,
919 1470 1045 1557 λέγων1
1069 1471 1253 1561 συνημμένα
1276 1471 1334 1538 καὶ
1358 1495 1440 1556 συμ-

319 1576 539 1664 πεπλεγμένα.

392 1717 420 1756 a.
440 1701 634 1770 Proposinones
653 1701 793 1770 negativae
807 1701 903 1756 ideirco
918 1701 1021 1756 videtur
1035 1702 1193 1770 repudiasse,
1212 1702 1281 1770 quod
1300 1703 1440 1756 veritatem

319 1790 371 1845 nisi
390 1789 547 1844 affirmando
565 1790 673 1858 exprimi
692 1806 743 1844 non
762 1806 836 1859 posse
855 1790 987 1845 censebat.

390 1896 419 1953 b.
440 1901 611 1970 Συνημμένα
638 1912 705 1965 quae
733 1895 856 1952 dicentur
875 1899 950 1966 petet
973 1913 1004 1950 ex
1021 1903 1064 1950 nr
1083 1897 1150 1962 228,
1180 1897 1244 1966 quid
1268 1899 1305 1952 eit
1330 1901 1440 1971 ἀξίωμα

320 1989 571 2058 συμπεπλεγμένον
595 2001 625 2038 ex
642 1986 719 2054 Diog.
739 1985 793 2038 VII
813 1985 847 2038 72
871 1991 1122 2059 σιμπεπλεγμένον
1145 1987 1180 2041 ἀέ
1201 1990 1277 2041 ἐστιν
1296 1990 1407 2060 ἀξίωμα
1427 1989 1441 2040 ὃ

320 2076 376 2128 ὑπό
400 2095 482 2128 τινων
507 2079 715 2147 συμπλεκτικῶν
740 2075 906 2147 συνάέσμων
931 2079 1155 2148 συμπέπλεκται,
1185 2071 1244 2129 οἱον
1268 2081 1325 2129 Καὶ
1353 2080 1440 2150 ἡμέρα

319 2165 443 2218 ἐστικαὶ
462 2175 520 2234 (μσς
538 2165 605 2218 ἔστί.
641 2164 698 2217 Ηοο
716 2163 866 2217 Menedemo
885 2165 1032 2232 captiosum
1051 2165 1135 2218 visum
1160 2181 1217 2224 eene
1233 2164 1344 2232 dixeris,
1369 2165 1440 2233 quia,

319 2252 343 2306 si
362 2253 431 2306 tales
450 2252 640 2321 propositiones
658 2251 732 2320 nequi
751 2251 856 2315 liceret,
882 2251 1027 2306 multitudo
1051 2269 1136 2306 rerum
1161 2253 1223 2321 poni
1245 2251 1386 2306 videretur.
1407 2284 1440 2291 —

320 2340 488 2410 Simplicius,
516 2340 584 2409 qnod
608 2339 687 2394 referi
706 2339 785 2409 Phys.
811 2341 873 2394 201.
893 2342 940 2404 91,
966 2342 1000 2395 28
1011 2341 1058 2394 D.:
1089 2345 1115 2394 οἱ
1140 2343 1172 2395 δὲ
1191 2345 1220 2395 e'x
1244 2352 1289 2410 τῆς
1306 2339 1442 2416 Ἐρετρίας

322 2433 407 2491 οὕτως
433 2432 482 2496 τὴν
506 2432 627 2504 ἀπορίαν
652 2431 831 2501 ἐφοβήθησαν
855 2433 890 2490 ὡς
914 2433 1002 2498 λέγειν
1026 2430 1115 2502 μηδὲν
1133 2433 1203 2484 κατὰ
1221 2431 1341 2502 μηάενὸς
1360 2451 1440 2496 κατη·

319 2525 474 2592 γορεῐσθαι,
494 2514 549 2572 ἀλλ’
573 2513 726 2571 αὐτὸκαθ’
750 2520 816 2570 αὐτὸ
830 2519 947 2572 ἕκαστον
966 2521 1106 2587 λέγεσθαι,
1127 2513 1186 2572 οἷον
1200 2522 1216 2571 ὁ
1231 2523 1379 2591 ἀνθρωπος
1394 2524 1440 2571 ἀν-

319 2615 432 2680 θρωπος
450 2611 497 2660 καὶ
516 2609 548 2660 τὸ
566 2609 661 2659 λευκὸν
680 2608 780 2670 λευκόν,
801 2605 904 2660 videtur
922 2605 1116 2679 Eretrieoorum
1134 2607 1280 2660 doctrinam
1294 2623 1354 2661 eum
1373 2606 1441 2660 stil-

318 2695 394 2764 ponis
412 2697 466 2762 (121²
485 2693 549 2763 232)
568 2693 725 2748 confudisse.
761 2694 900 2749 Praeterea
925 2695 990 2750 haee
1007 2695 1164 2750 Aristotelis
1183 2695 1262 2750 verba
1280 2695 1362 2764 Phys.
1381 2694 1438 2748 12.

319 2783 391 2839 1851>
410 2785 457 2837 28:
488 2788 515 2837 οἱ
542 2784 641 2848 δὲτὴν
665 2787 738 2844 λέξιν
754 2787 982 2857 μετερρύθμιζον,
1012 2787 1055 2838 ὃτι
1079 2789 1095 2838 ὁ
1118 2791 1266 2857 ἄνθρωπος
1291 2787 1324 2838 οὐ
1347 2787 1440 2844 λευκός

319 2875 395 2927 ἐστιν
414 2875 482 2926 ἀλλὰ
502 2875 670 2937 λελεύκωται,
692 2872 757 2925 οὐδὲ
775 2874 894 2940 βαδίζων
918 2877 994 2928 ἐστὶν
1013 2876 1081 2927 ἀλλὰ
1100 2875 1218 2942 βαδίζει,
1249 2876 1354 2946 ἵναμή
1372 2891 1439 2927 ποτε

319 2963 352 3013 τὸ
370 2961 428 3014 ἔστι
447 2964 655 3031 προσάπτοντες
674 2964 763 3015 πολλὰ
783 2963 853 3015 εἶναι
868 2973 969 3016 ποιῶσι
988 2965 1020 3016 τὸ
1038 2963 1074 3027 ἕν,
1095 2966 1131 3024 ὡς
1143 2973 1275 3035 μοναχῶς
1288 2965 1439 3034 λεγομένου

320 3058 371 3101 τοῦ
397 3049 456 3110 ieie
484 3053 500 3114 ἢ
528 3060 578 3102 roo
604 3053 683 3110 ὄντος
703 3051 737 3102 nd
755 3049 935 3104 Menedemum
958 3053 1113 3105 revocantur
1137 3049 1318 3120 aPhilopono
1346 3050 1437 3120 (sohel.

318 3137 391 3190 330b
410 3139 425 3190 1
441 3137 496 3199 Br.)
515 3137 549 3190 nd
568 3137 593 3190 h.
613 3137 648 3207 l.;
668 3138 713 3191 sed
731 3137 823 3192 obstat
840 3141 868 3191 ei
885 3141 1031 3207 temporum
1051 3139 1121 3193 ratio
1133 3142 1163 3192 et
1173 3140 1367 3208 Megaricorum
1380 3155 1439 3194 eum

319 3224 460 3280 Eretrieois
479 3224 634 3280 similitudo.
670 3226 711 3280 Of.
732 3227 759 3280 Z.
779 3226 808 3280 ΙΙ
829 3228 862 3280 1³
882 3227 942 3290 238,
962 3226 986 3280 7.

318 3431 321 3436 ’
390 3421 417 3488 l)
436 3425 506 3490 λέγω
525 3422 560 3474 δι’
575 3419 665 3474 Cobet.
