3156 4988
508 381 546 434 De
566 383 620 435 vita
638 386 666 435 et
686 383 774 436 schola
792 383 906 453 Epicuri,
1216 385 1271 444 3Ῑὸ
1315 348 1320 360 Ι

149 550 201 592 τοῦ
224 545 427 612 Ναυσιφάνους
450 543 602 614 Τρίποδος,
629 536 663 596 οὐ
685 548 732 597 καὶ
757 546 877 598 ἀκοῦσαί
902 563 988 616 φησιν
1013 549 1105 620 αὐτόν.
1141 547 1169 601 Is
1193 549 1270 602 modo

78 680 79 684 ,
149 628 267 682 traditur
284 629 466 684 Democriteus
484 631 573 699 fuisso,
598 631 674 686 modo
692 632 836 700 Pyrrhonis
855 633 1007 704 discipulus,
1031 635 1063 688 cf.
1081 635 1158 704 Diog.
1177 637 1216 690 IX
1235 639 1270 692 64

148 718 253 788 ἔφασκε
272 729 342 788 γοῦν
358 721 564 792 (Ναυσιφάνης)
587 727 718 791 γίνεσθαι
736 723 797 776 δεῖν
816 732 862 790 τῆς
878 725 933 796 μὲν
956 725 1108 786 διαθέσεως
1134 735 1180 793 τῆς
1194 733 1270 799 Πυρ-

149 813 270 877 ρωνείου,
290 819 344 860 τῶν
362 809 394 862 δὲ
418 811 508 878 λόγων
535 821 589 864 τῶν
615 811 722 864 ἑαυτοῦ.
758 811 791 864 V.
810 814 948 882 praeterea
964 812 1041 880 Diog.
1060 813 1086 866 X
1105 815 1129 868 7.
1149 815 1180 881 83
1199 814 1283 869 Sexi!

147 895 233 949 Mam.
253 895 310 950 12.
330 898 362 962 4;
381 895 433 952 cie.
452 898 485 952 D.
505 897 539 952 N.
558 898 633 953 193.

220 1037 243 1091 f.
262 1037 334 1092 Plut.
354 1039 411 1094 adv.
427 1039 510 1096 Coloi.
530 1042 555 1108 3,
570 1042 587 1094 3
605 1059 631 1111 p.
646 1042 717 1096 1108
734 1047 827 1096 καίτοι
846 1045 935 1098 πολύν
948 1046 1053 1119 χρόνον
1072 1047 1154 1108 αὐτὸς
1172 1047 1271 1102 ἑαυτὸν

149 1127 296 1202 ἀνηγόρευε
312 1134 512 1203 Δημοκρίτειον
531 1127 726 1203 όἘπίκουρος,
746 1135 782 1192 ὡς
796 1135 874 1186 ἀλλοι
893 1152 921 1187 τε
939 1136 1051 1204 λέγουσι
1064 1139 1111 1188 καὶ
1124 1140 1270 1202 Λεοντεύς,

148 1209 187 1275 εἷς
206 1227 260 1268 τῶν
278 1214 326 1270 ἐπ’
344 1221 428 1289 ἀκρον
443 1215 608 1290 Ἐπικούρου
620 1227 763 1292 μαθητῶν,
783 1224 851 1296 πρὸς
865 1224 1037 1294 Λυκόφρονα
1055 1227 1172 1297 γράφων
1190 1236 1271 1298 τιμᾶ-

150 1302 222 1356 σθαί
239 1309 270 1358 τί
287 1323 356 1376 φησι
371 1308 419 1359 τὸν
433 1309 609 1380 Δημόκριτον
628 1304 678 1362 ὐπ’
692 1305 858 1380 Ἐπικούρου
872 1311 922 1364 διὰ
941 1314 973 1364 τὸ
986 1314 1120 1386 πρότερον
1139 1315 1272 1382 ἅψασθαι

150 1401 197 1460 τῆς
224 1396 310 1469 ὀρθῆς
338 1397 477 1461 γνώσεως,
505 1401 552 1450 καὶ
580 1400 612 1450 τὸ
640 1400 758 1452 σύνολον
785 1401 834 1466 τήν
859 1405 1055 1474 πραγματείαν
1073 1407 1273 1476 Δημοκρίτειον

150 1486 412 1555 προσαγορεύεσθαι
436 1485 485 1539 διά
510 1488 542 1539 τό
561 1493 721 1560 περιπεσεῖν
744 1490 828 1540 αὐτὸν
854 1489 987 1561 πρότερον
1012 1496 1073 1551 ταῖς
1092 1493 1191 1563 ἀρχαῖς
1210 1497 1273 1565 περὶ

151 1573 266 1641 φύσεως.
303 1573 329 1626 4.
358 1577 373 1628 ό
398 1574 429 1628 δὲ
448 1575 638 1650 Μητρόδωρος
664 1580 789 1650 ἀντικρυς
822 1577 873 1644 (ἰν
896 1580 934 1646 τῷ
949 1577 983 1643 ¹>
1013 1582 1076 1652 περὶ
1101 1582 1273 1652 φιλοσοφίας
1315 1581 1322 1596 “

150 1665 253 1731 εἴρηκεν
272 1665 314 1726 ὡς,
334 1667 359 1716 εἰ
375 1665 416 1736 μὴ
434 1666 615 1734 καθηγήσατο
634 1667 816 1738 Δημόκριτος,
837 1667 885 1720 οὐκ
904 1669 939 1719 ἀν
957 1671 1096 1740 προῆλθεν
1111 1664 1273 1743 Ἐπίκουρος

150 1750 197 1803 ἐπὶ
225 1751 275 1816 τὴν
302 1758 414 1823 σοφίαν.
461 1751 500 1807 Cf.
528 1753 605 1822 Diog.
633 1753 659 1806 X
685 1754 711 1808 2.
756 1753 935 1808 Nihilominus
962 1755 1141 1810 Damocritum
1169 1756 1273 1812 detorto

150 1839 254 1893 nomine
272 1841 382 1894 vocabat
400 1845 580 1918 Ληρόκριτον,
599 1843 634 1896 ib.
653 1843 678 1897 8.
764 1891 765 1894 ,

101 2122 142 2162 86⁷
218 2108 310 2189 Diog.
334 2109 365 2172 X
382 2117 410 2174 9.
460 2109 515 2195 Τῷ
538 2110 598 2196 γὰρ
622 2106 715 2196 ἀνδρί
737 2107 897 2197 μάρτυρες
921 2105 1027 2176 ἱκανοί
1050 2121 1107 2198 τῆς
1131 2109 1270 2198 ἀνυπερ-

151 2213 271 2302 βλήτου
306 2215 390 2301 πρὸς
423 2214 553 2293 πάντας
586 2213 822 2304 εὐγνωμοσύνης
855 2216 876 2304 ή
909 2239 944 2281 τε
978 2215 1103 2303 πατρὶς
1134 2217 1274 2298 χαλκαῖς

151 2317 256 2386 εἰκόσι
278 2321 460 2409 τιμήσασα,
489 2321 523 2386 οἵ
544 2345 580 2387 τε
602 2319 695 2410 φίλοι
717 2332 866 2388 τοσοῦτοι
888 2323 927 2388 τὸ
950 2315 1098 2410 πλῆθός,
1123 2323 1168 2401 ὡς
1190 2313 1271 2412 μηδ’
1326 2311 1337 2328 ’

153 2427 191 2492 ἂν
213 2427 349 2494 πόλεσιν
371 2427 464 2506 ὅλαις
485 2431 682 2516 μετρεῖσθαι
705 2428 879 2509 δύνασθαι,
903 2429 937 2494 ολ
957 2451 992 2494 τε
1008 2429 1165 2515 γνώριμοι
1188 2429 1274 2494 πάν-

152 2559 205 2613 τες
227 2538 303 2612 ταῖς
325 2535 540 2619 δογματικαῖς
568 2532 669 2600 αὐτοῦ
697 2546 823 2622 σειρῆσι
845 2532 1207 2620 προσκατασχεθέντες·
1231 2574 1274 2582 -

156 2649 206 2706 10.
240 2642 261 2730 ή
293 2665 329 2706 τε
363 2642 448 2727 πρὸς
481 2642 556 2718 τούς
592 2639 705 2726 γονέας
737 2637 924 2728 εὐχαριστία
955 2638 1055 2729 καλή
1085 2642 1170 2729 πρὸς
1199 2643 1274 2720 τούς

154 2747 314 2836 ἀδελφούς
336 2744 469 2814 εὐποιία
493 2746 578 2835 πρός
600 2770 636 2814 τε
657 2748 731 2825 τούς
754 2743 883 2825 οἰκέτας
906 2745 1061 2835 ἡμερότης
1086 2783 1138 2828 -,
1166 2747 1274 2814 καθό-

154 2853 211 2920 λου
234 2878 270 2920 τε
294 2855 312 2942 ή
335 2855 420 2941 πρὸς
443 2853 573 2932 πάντας
602 2852 702 2920 αὐτοῦ
730 2850 993 2944 φιλανθρωπία..
1016 2889 1060 2900 -
1094 2851 1152 2920 καί
1178 2853 1274 2935 χαλε-

153 2959 318 3026 πωτάτων
358 2959 395 3026 δὲ
436 2973 559 3048 καιρῶν
592 2959 819 3041 κατασχόντων
854 2959 1005 3048 τηνικάδε
1038 2961 1096 3050 τ’ήν
1127 2949 1275 3026 (Ελλάδα

154 3065 275 3132 αὐτόθι
298 3072 503 3151 καταβιῶναι
525 3064 576 3144 δὶς
598 3067 619 3154 ἢ
640 3064 711 3154 τρίς
733 3067 808 3144 τοὺς
831 3063 908 3154 περὶ
930 3067 988 3154 τὴν
1002 3054 1125 3132 ’ἰωνίαν
1151 3067 1275 3146 τόπους

154 3174 240 3261 πρὸς
269 3175 343 3251 τούς
372 3171 488 3261 φίλους
520 3171 760 3260 διαδραμόντα·
795 3169 833 3238 οἳ
859 3170 917 3238 καί
949 3173 1157 3254 πανταχόθεν
1191 3175 1276 3260 πρὸς

155 3279 253 3346 αὐτὸν
274 3279 468 3369 ἀφικνοῦντο
491 3278 548 3346 καί
571 3275 735 3363 συνεβίουν
758 3276 847 3365 αὐτῷ
871 3277 904 3345 ἐν
918 3277 967 3365 τῷ
981 3279 1110 3367 κήπφ.·

227 3454 256 3495 a.
276 3439 328 3495 Cic.
347 3440 380 3494 da
397 3439 454 3494 Fin.
473 3439 500 3492 H
517 3441 566 3494 80:
585 3437 654 3508 Quia
671 3455 772 3508 quaeso
791 3440 867 3492 ilium
886 3444 968 3508 αεροι
986 3444 1011 3492 εί
1029 3439 1127 3494 bonum
1145 3411 1278 3494 νίκαν-οε
1342 3411 1360 3442 ”
1455 3435 1461 3446 ”

155 3545 253 3586 comem
276 3534 301 3583 et
319 3529 469 3583 humanum
486 3525 598 3594 fuisse?
634 3527 748 3582 Constat
772 3527 915 3598 discipulos
927 3532 968 3580 ’et
990 3526 1113 3595 magistri
1141 3527 1278 3582 observan-

156 3619 274 3672 tissimos
298 3618 379 3672 fuisse
406 3620 435 3671 et
462 3617 596 3670 artissima
620 3617 736 3670 amicitia
760 3617 927 3683 coniunctos,
955 3616 986 3670 cf.
1006 3614 1058 3671 Cic.
1077 3616 1110 3670 da
1127 3615 1184 3671 Fiu.
1203 3617 1228 3668 V
1246 3619 1276 3685 33

155 3707 269 3761 Numan.
288 3723 330 3776 ap.
349 3706 412 3760 Eus.
431 3705 475 3760 Pr.
494 3705 541 3760 Ev.
560 3705 623 3759 XIV
640 3704 666 3772 5,
685 3707 716 3772 33
741 3705 818 3774 Βίας.
837 3705 862 3758 X
881 3706 914 3759 11
941 3706 989 3758 τόν
1012 3723 1040 3760 τε
1057 3702 1220 3780 Ἐπίκουρον
1237 3708 1278 3779 μὴ

157 3799 254 3859 ἀξιοῦν
272 3800 310 3857 εἰς
328 3798 360 3849 τὸ
378 3797 471 3850 κοινὸν
484 3799 688 3849 κατατίθεσθαι
706 3796 755 3856 τὰς
770 3797 875 3859 οὐσίας,
894 3797 1023 3866 καθάπερ
1041 3795 1089 3847 τὸν
1104 3796 1279 3865 Πυθαγόραν

157 3887 236 3940 κοινὰ
264 3887 299 3939 τὰ
328 3889 417 3956 φίλων
443 3888 571 3953 λεγοντα·
601 3886 795 3938 ἀπιστούντων
812 3886 867 3955 γὰρ
892 3883 964 3937 εἶναι
983 3885 1014 3936 τὸ
1033 3893 1172 3936 τοιοῦτον·
1201 3887 1226 3936 εἰ
1244 3880 1273 3937 δ’

158 3977 292 4038 ἀπίστων,
312 3974 378 4028 οὐδὲ
397 3976 492 4045 φίλων.
521 3972 592 4027 Plut.
608 3973 655 4026 vit.
669 3973 785 4026 Damatr.
800 3973 844 4040 34,
858 3972 884 4027 2.
922 3970 1095 4026 Observantia
1113 3971 1235 4039 magistri
1248 3988 1278 4024 eo

157 4063 296 4128 alebam,
325 4062 394 4132 quod
419 4065 540 4132 excerpta
563 4061 690 4132 quaedam
714 4061 848 4115 doetrinae
876 4061 964 4132 capita
987 4060 1138 4114 memoritar
1164 4059 1278 4114 adiscere

156 4151 293 4206 solebant:
311 4151 388 4219 Diog.
406 4150 432 4203 X
450 4151 485 4204 12
503 4152 639 4224 ἐγύμναζε
658 4151 690 4204 δὲ
715 4178 749 4190 -
773 4151 838 4212 τούς
856 4155 1012 4223 γνωρίμους
1035 4154 1083 4203 καὶ
1101 4149 1150 4203 διίι
1167 4151 1279 4222 μνήμης

157 4241 231 4310 ἔχειν
250 4241 284 4293 τὰ
303 4241 405 4294 ἑαυτοῦ
424 4244 643 4314 συγγράμματα,
662 4239 692 4294 ci.
712 4237 764 4293 cio.
784 4239 816 4292 da
834 4238 891 4293 Pin.
910 4239 940 4292 11¹
955 4239 999 4306 20,
1017 4237 1121 4308 Epicur.
1140 4255 1182 4308 ap.
1201 4237 1278 4308 Diog.

231 4506 259 4571 1)
277 4507 307 4560 ἒν
325 4509 361 4576 τῷ
380 4505 439 4560 add.
458 4505 566 4561 Usener.
