3146 4982
671 357 774 411 uenia..
1228 355 1282 420 485

160 515 349 604 γράμμασιν
379 511 498 582 οἰκεῖον
527 509 612 582 εἶναι
643 521 714 594 τοῖς
736 514 932 595 σπουδαίοις
961 515 1018 582 καί
1047 518 1085 584 τὸ
1115 539 1280 604 συγκατα-

159 619 283 708 βαίνειν
311 620 368 688 καί
397 618 444 700 εἷς
467 622 571 708 γόμον
594 620 651 688 καί
674 619 721 701 είς
744 619 946 708 τεκνογονίαν
978 622 1036 689 καί
1067 625 1166 688 αὑτοῦ
1187 625 1281 713 χάριν

158 728 217 796 καί
239 741 297 816 τῆς
320 725 481 816 πατρίδος
505 727 563 794 καὶ
586 727 758 812 ὑπομένειν
776 728 854 817 περὶ
878 723 1007 818 ταότης,
1031 728 1086 795 ἐὰν
1109 715 1132 820 ᾖ
1153 728 1280 818 μετρία,

158 835 216 902 καί
239 835 359 912 πόνους
381 833 439 900 καί
462 833 637 902 θόνατονῧ.

77 962 149 1002 4²¹3
225 961 317 1043 Diogv
339 961 404 1024 VH
430 968 502 1026 124.
548 957 695 1045 Λέγουσι
725 958 762 1026 δὲ
788 957 846 1026 καὶ
875 961 932 1048 τὴν
962 957 1077 1048 φιλίαν
1106 959 1140 1026 ἐν
1166 960 1277 1044 μόνοις

158 1069 228 1144 τοῖς
257 1063 453 1146 σπουδαίοις
483 1057 583 1146 εἶναι,
620 1067 676 1131 διὰ
706 1068 763 1154 τὴν
786 1065 981 1154 ὁμοιότητα·
1020 1065 1105 1154 φασί
1128 1057 1162 1132 δ’
1183 1065 1281 1154 αὐτὴν

158 1169 329 1240 κοινωνίαν
351 1174 424 1238 τινὰ
441 1164 526 1238 εἶναι
541 1184 606 1237 τῶν
621 1175 706 1238 κατὰ
729 1173 785 1238 τόν
807 1169 888 1257 βίον,
911 1170 1079 1260 χρωμένων
1104 1176 1193 1261 ἡμῶν
1209 1177 1280 1251 τοῖς

159 1276 269 1368 φίλοις
293 1279 337 1358 ὡς
362 1276 519 1356 ἕαυτοῖςί.

4 643 7 700 ί

4 701 6 806 ῑ

4 811 6 862 ί

4 863 6 996 ί

4 1137 6 1184 i

75 1423 148 1465 ⁴²¹⁰
227 1422 313 1486 Stoi).
343 1423 409 1486 Eoi.
439 1421 473 1485 Π
505 1427 578 1486 188.
628 1416 841 1502 Οἰκονομικὸν
871 1407 904 1484 δ>
922 1411 1006 1485 εἶναι
1028 1419 1125 1503 μόνον
1149 1419 1277 1506 λέγουσι
1305 1442 1340 1472 10⁸
1355 1430 1476 1476 familiaris

158 1529 213 1593 τὸν
236 1527 417 1593 σπουδαῖον
441 1523 498 1592 καί
521 1525 649 1610 οίγαδὸν
672 1523 848 1609 οἰκονόμον,
873 1521 922 1591 ἔτι
939 1525 977 1592 δὲ
996 1527 1278 1614 χρηματιστικόνθ.

228 1684 257 1724 a.
276 1670 316 1723 De
334 1669 481 1739 republica
500 1685 657 1738 quamquam
675 1671 703 1721 et
712 1668 779 1720 Zeno
794 1671 822 1720 et
831 1667 973 1722 Cleanthes
991 1671 1019 1721 et
1033 1667 1194 1738 Chrysippus
1209 1685 1276 1722 com·

156 1759 376 1824 mutauerant,
402 1761 491 1811 tamen
517 1757 587 1811 sicut
604 1757 655 1827 ipsi
673 1757 756 1810 vitem
775 1773 848 1810 suam
867 1773 975 1826 peregre
994 1760 1022 1810 et
1039 1758 1067 1810 in
1086 1758 1140 1810 otio
1159 1760 1281 1825 egerant,

155 1847 195 1901 ita
225 1846 291 1900 nihil
319 1846 389 1916 quod
411 1847 444 1900 ad
475 1863 551 1900 usum
575 1847 726 1916 popularem
749 1848 829 1915 atque
854 1846 956 1900 civilem
981 1846 1094 1899 attinere
1124 1845 1156 1898 ab
1180 1845 1214 1898 iis
1238 1861 1279 1898 ex·

155 1936 271 2006 positum
289 1935 369 1989 fuisse
388 1937 504 1988 testatur
522 1934 574 1989 Cic.
594 1935 626 1988 de
644 1935 705 2002 Leg.
724 1934 765 1986 111
785 1933 826 2001 14,
846 1935 877 1988 cf.
897 1933 969 1988 Plut.
989 1933 1021 1987 de
1040 1933 1119 1987 Stoic.
1139 1934 1204 2004 Rep.
1221 1935 1280 2000 2,3

155 2043 180 2095 p.
191 2025 269 2080 1033.
290 2024 399 2078 Zenonis
409 2024 513 2094 quidem
522 2023 686 2093 respublica,
702 2023 736 2075 ad
750 2021 903 2090 Cynicorum
913 2022 1009 2092 placita
1028 2022 1076 2075 illa
1093 2021 1237 2091 composita
1250 2025 1280 2074 et

155 2113 288 2167 civitatem
301 2113 459 2166 mundanam
470 2113 544 2166 unice
554 2111 744 2177 commendans,
760 2111 877 2179 singulas
890 2111 1011 2164 civitates
1023 2109 1108 2179 magis
1118 2110 1281 2164 dissolvebat

155 2219 234 2272 quam
244 2202 405 2270 stabiliebat,
415 2219 438 2256 v.
448 2201 592 2255 Philodem.
604 2221 632 2254 π.
644 2212 698 2254 τῶν
708 2202 866 2272 φιλοσόφον
876 2199 917 2266 (V.
928 2199 963 2252 H.
973 2199 1038 2252 VIII
1046 2215 1068 2254 ο.
1078 2200 1129 2269 pr.)
1140 2199 1187 2253 col.
1200 2199 1279 2268 7sq.;

134 2291 231 2359 'Diog.
250 2290 301 2344 VII
318 2291 350 2356 4;
368 2291 439 2344 Plut.
456 2289 576 2358 chlex.
596 2289 668 2344 Foro.
687 2289 700 2342 Ι
719 2290 735 2343 6
754 2306 779 2359 p.
799 2289 852 2342 329
871 2293 917 2342 καὶ
935 2290 992 2361 μὴν
1008 2291 1025 2355 ἡ
1044 2291 1116 2342 πολὺ
1133 2291 1277 2361 θαυμαζο-

154 2383 224 2452 μένη
243 2383 367 2434 πολιτεία
386 2389 436 2433 τοῦ
454 2381 503 2446 τὴν
521 2385 649 2433 Στωϊκῶν
668 2381 774 2450 αἵρεσιν
796 2381 1025 2448 καταβαλομένου
1043 2379 1168 2444 Ζήνωνος
1192 2381 1230 2438 είς
1248 2376 1279 2430 ἓν

155 2479 237 2522 τοῦτο
266 2475 398 2522 συντείνει
425 2472 588 2539 κεφάλαιον,
618 2471 663 2520 ίνα
689 2469 729 2540 μὴ
755 2469 826 2520 κατὰ
855 2469 948 2528 πόλεις
974 2467 1047 2539 μηδὲ
1074 2468 1144 2520 κατὰ
1171 2466 1278 2538 δήμους

156 2561 274 2628 οἰκῶμεν
293 2559 376 2618 ἰδίοις
400 2557 511 2612 ἕκαστον
530 2558 708 2630 διωρισμένοι
727 2557 858 2620 δικαίοις,
886 2557 955 2609 ἄλλα
980 2559 1087 2616 πάντας
1111 2557 1278 2628 ἀνθρώπους

154 2649 287 2720 ἡγώμεθα
302 2648 425 2719 δημότας
442 2650 489 2700 καί
508 2650 630 2709 πολίτας,
650 2639 688 2706 εἷς
712 2645 744 2700 δὲ
768 2651 827 2711 βίος
846 2638 861 2718 ᾗ
879 2649 927 2698 καὶ
944 2646 1050 2716 κόσμος
1068 2644 1161 2714 ὥσπερ
1179 2645 1278 2712 ἀγέλης

156 2739 297 2809 συννόμου
324 2737 401 2808 νόμῳ
434 2739 515 2804 κοινῷ
543 2739 771 2807 συντρεφομένης.
821 2733 911 2787 Simile
940 2749 1029 2786 eorum
1057 2749 1123 2802 quae
1150 2747 1221 2784 more
1248 2733 1276 2783 ot

155 2824 343 2878 consuetudine
366 2824 500 2877 hominum
518 2826 623 2893 recepta
642 2826 719 2877 erant
736 2822 872 2876 fastidium
891 2838 953 2892 prae
973 2837 1000 2875 se
1018 2821 1119 2874 ferebat
1137 2819 1276 2888 Chrysippi

154 2913 186 2967 de
204 2931 232 2966 re
251 2913 355 2984 publica
373 2913 447 2978 liber,
467 2913 497 2966 οί.
516 2913 627 2980 Baguet.
647 2930 672 2982 p.
692 2913 739 2966 331
755 2928 793 2981 sq.

224 3019 254 3092 b,
280 3018 469 3074 Stob.11184
494 3021 543 3086 τήν
567 3038 595 3074 τε
615 3021 750 3092 ὁμόνοιαν
768 3019 923 3088 ἐπιστήμην
946 3017 1016 3070 εἶναι
1034 3026 1132 3070 κοινῶν
1151 3017 1276 3084 ἀγαθῶν,

154 3106 195 3164 δι’
214 3111 229 3164 ὃ
246 3114 293 3164 καὶ
313 3110 376 3169 τοὺς
395 3109 569 3168 σπουδαίους
588 3111 695 3168 πόντας
714 3111 843 3180 ὁμονοεῖν
863 3107 987 3172 ἀλλήλους
1001 3105 1049 3159 διὰ
1068 3107 1100 3158 τό
1115 3108 1277 3174 συμφωνεῖν

154 3199 184 3254 ἰν
211 3205 270 3259 τοῖς
294 3199 365 3266 κατὰ
391 3199 440 3250 τὸν
457 3203 526 3264 βίον.
563 3195 616 3250 Cic.
635 3195 668 3248 D.
688 3194 721 3248 N.
740 3194 808 3247 144
835 3191 924 3248 Stoici
948 3221 982 3230 -
1008 3197 1115 3248 ουκωνιί
1140 3192 1277 3261 sopientes

154 3286 326 3356 sapientibus
354 3285 435 3340 ctiam
462 3284 564 3354 ιἠκοίίο
592 3299 645 3338 cese
672 3283 781 3336 amieos.
818 3282 892 3335 κίλίί
916 3287 955 3336 eat
980 3282 1052 3335 σκίτκ
1078 3282 1181 3336 uirtute
1200 3297 1276 3334 ama·

154 3375 252 3443 όίίίιω,
271 3391 356 3444 quam
374 3373 423 3442 qui
442 3371 562 3440 adeptos
581 3372 646 3440 erit,
671 3371 836 3439 obicemque
855 3371 907 3424 erit
924 3371 1056 3440 pontium,
1075 3387 1094 3424 α
1111 3368 1191 3424 cobis
1210 3367 1275 3422 όίίί-

152 3469 241 3532 μείων.
279 3461 376 3516 Eodem
394 3461 458 3514 facit
477 3461 546 3530 quod
572 3461 659 3514 omnia
676 3461 747 3513 inter
772 3459 904 3530 sapientes
928 3459 1074 3512 communia
1097 3475 1154 3512 esse
1178 3457 1275 3528 praeci·

152 3552 269 3620 piabant,
289 3551 369 3604 etiam
387 3551 518 3616 mulieres,
538 3567 561 3603 v.
580 3549 657 3617 Diog.
676 3549 728 3601 VII
745 3549 781 3602 32
792 3564 830 3617 sq.
852 3547 912 3602 124.

225 3670 251 3712 c.
278 3656 448 3712 Oeconomica
465 3655 582 3726 pertinet
600 3655 635 3708 ad
653 3672 708 3708 rem
723 3655 899 3722 domesticam,
919 3654 1066 3708 oeconomia
1080 3653 1114 3706 ad
1127 3670 1182 3706 rem
1195 3652 1276 3706 ruati-

154 3763 217 3813 eam,
246 3745 441 3800 chremetistioa
468 3745 502 3797 ad
526 3747 673 3814 quaestum,
702 3761 726 3798 v.
745 3743 818 3798 Stob.
837 3742 865 3796 11
884 3743 937 3798 190
956 3745 987 3796 τὸ
1005 3743 1038 3796 δὲ
1052 3744 1277 3815 χρηματίζεσθαί

154 3855 224 3896 τινες
241 3835 295 3907 μὲν
312 3839 402 3906 μέσον
420 3835 490 3888 εἶναι
510 3833 597 3899 εἶπον,
617 3834 687 3894 τινὲς
706 3833 737 3886 δὲ
757 3835 874 3887 ἀστεῖον.
894 3833 1037 3904 -μόνον
1061 3828 1093 3884 δὲ
1118 3832 1166 3883 τὸν
1186 3847 1274 3883 σπου-

154 3925 238 3978 δαῖον
263 3923 353 3998 ίίνδρα
373 3924 595 3998 χρηματιστικὸν
618 3921 701 3986 εἶναι,
730 3922 920 3991 γιγνώσκοντα
940 3915 993 3991 ἀφ’
1017 3913 1054 3972 ὧν
1068 3922 1275 3992 χρηματιστέον

153 4017 200 4066 καὶ
220 4014 288 4065 πότε
306 4015 353 4064 καί
371 4021 429 4072 πῶς
447 4015 494 4064 καὶ
511 4014 594 4084 μέχρι
613 4011 687 4064 πότε.
707 4035 741 4049 -
759 4009 791 4062 In
809 4009 882 4062 victu
899 4011 929 4062 et
945 4007 1062 4062 moribus
1080 4007 1175 4060 mirum
1194 4022 1275 4074 quan·

153 4103 211 4154 tum
235 4100 391 4170 Cynicorum
417 4099 565 4168 praeceptis
594 4098 711 4152 obsecuti
739 4100 815 4165 eunt,
843 4115 867 4151 v.
892 4097 965 4151 Sext.
988 4095 1081 4164 Pyrrh.
1101 4094 1142 4149 111
1160 4095 1273 4163 rcaaq„

153 4189 255 4259 245eq.
281 4188 357 4256 Diog.
376 4187 431 4240 vu
444 4189 469 4242 3.
490 4187 550 4241 121.
571 4187 622 4242 187
634 4204 672 4256 eq.

606 4401 819 4412 ...μ-*ι-
