3140 4990
607 329 784 397 Empedocles.
1206 327 1259 388 139

134 488 223 554 1114,
244 489 312 543 1000
328 499 341 528 ²
359 489 394 542 32
418 487 489 557 (punt
513 488 593 542 verba
610 489 699 557 punita
717 495 760 542 a?
780 489 840 553 132,
860 489 888 556 i).
922 491 966 539 καὶ
990 491 1075 557 χωρὶς
1099 488 1131 542 δὲ
1154 483 1258 542 τούτων

135 575 236 640 δῆλον·
256 579 281 628 εἰ
303 569 357 644 γόρ
381 575 420 646 μὴ
444 565 477 640 ἦν
495 575 525 628 τό
545 583 639 634 Νεῖκος
658 573 690 627 έν
708 581 763 634 τοῖς
781 575 951 646 πράγμασιν,
976 575 1008 628 ἓν
1032 577 1067 630 όν
1093 570 1125 640 ἦν
1142 575 1257 644 ἅπαντα,

135 660 171 723 ὥς
190 679 290 734 φησιν·
310 661 380 716 όταν
397 664 451 733 γόρ
471 665 599 734 συνέλθῃ,
618 662 680 717 τότε
699 661 817 733 έσγατον
837 668 932 717 ἵστατο
947 671 1048 725 Νεῖκος.
1068 665 1113 718 unt
1126 669 1172 718 καὶ
1187 683 1257 738 συμ-

135 757 222 821 βαίνει
241 751 315 826 unicui
332 749 382 806 τόν
401 752 654 824 εόόαιμονέστατον
668 754 737 804 θεόν
756 755 828 820 (11.0.
844 754 1001 824 Sphaerum)
1020 745 1103 819 ἧττον
1117 755 1258 825 φρόνιμον

135 829 278 895 εἶναιτῶν
296 841 403 894 ἄλλων·
432 839 465 894 όό
484 839 539 912 γόρ
558 845 685 911 γνωρίζει
704 841 735 894 ui
755 849 873 910 στοιχεῖα
898 837 1007 896 πάντα·
1033 840 1065 896 τό
1090 847 1144 914 γὰρ
1164 851 1258 906 Νεῖκος

135 929 185 984 ουίι
203 927 264 998 ἔχει,
284 931 299 995 ἡ
318 931 351 984 δὲ
369 933 471 999 γνῶσις
491 936 539 984 τοῦ
558 932 654 1002 ὁμοίου
673 936 709 1001 τῷ
728 925 821 1002 ὁμοίῳ,
841 931 873 986 cf.
893 939 936 985 ΕΡ
956 934 1015 988 139.
1131 997 1135 1006 ι

207 1035 234 1076 0.
263 1021 333 1075 Male
360 1022 572 1090 interpretantur
600 1021 646 1074 hue
675 1037 765 1074 verens
793 1022 941 1090 quicunque
970 1025 1089 1076 auctores
1121 1025 1254 1089 statuunt,

135 1109 261 1164 mundum
280 1109 350 1164 hunc
368 1127 420 1164 nun
437 1125 492 1164 ense
510 1111 562 1164 nisi
577 1110 735 1178 particulam
751 1109 886 1178 quandam
898 1111 1021 1174 universi,
1039 1110 1154 1180 reliquas
1168 1115 1257 1180 partes

134 1200 245 1253 inertem
269 1215 324 1252 esse
348 1198 500 1261 materiam,
528 1199 547 1252 i.
566 1214 587 1252 c.
606 1212 710 1252 manere
728 1197 810 1251 etiam
829 1214 897 1252 nunc
922 1198 1061 1267 sphaerum
1086 1199 1171 1252 ilium.
1209 1201 1258 1254 Est

135 1286 179 1341 hic
197 1302 264 1340 error
282 1287 310 1340 in
329 1286 401 1340 Plau.
420 1286 435 1338 Ι
453 1285 478 1340 5.
498 1287 562 1340 Dox.
581 1287 652 1341 291³
669 1287 713 1340 15:
734 1284 912 1354 Ἐμπεδοκλῆς
936 1286 969 1338 cu
994 1287 1102 1356 κόσμον
1126 1291 1179 1356 μὲν
1198 1287 1257 1352 ἕνα,

135 1370 169 1426 ου’
186 1374 281 1444 μέντοι
299 1373 329 1426 τό
347 1378 403 1425 πᾶν
421 1361 490 1425 εἶναι
508 1372 556 1425 τόν
574 1374 688 1443 κόσμον,
712 1368 782 1424 α’λλιέ
807 1369 902 1441 ὀλίγον
925 1394 949 1426 τι
973 1379 1022 1427 τοῦ
1047 1375 1149 1434 παντός
1166 1379 1257 1448 μέρος,

135 1461 168 1514 τό
186 1461 219 1514 δὲ
238 1461 333 1514 λοιπόν
350 1459 439 1530 α’ργτῖν
459 1459 531 1526 ὕλην.
569 1464 653 1517 Immo
672 1465 819 1532 temporum
838 1463 941 1529 ordine,
966 1481 1018 1518 non
1043 1465 1158 1518 lucorum
1184 1468 1256 1531 serie,

135 1550 178 1604 hic
196 1550 309 1604 mundus
327 1552 466 1619 sphaerum
485 1552 563 1605 illum
581 1552 708 1620 sequitur.
746 1550 789 1606 Sic
808 1552 952 1620 accipimus
967 1551 1099 1622 Simplicii
1117 1553 1196 1608 verba
1215 1554 1257 1624 (de

135 1640 215 1694 Caele
235 1641 285 1694 139
301 1651 314 1677 v
334 1639 386 1708 16),
405 1645 449 1694 BP
469 1641 520 1694 133
531 1640 556 1694 k.

57 1826 135 1868 1351
224 1818 309 1882 Plau.
340 1818 374 1882 Π
405 1828 433 1884 6.
469 1819 547 1882 Dux.
572 1826 646 1884 334.
691 1813 898 1903 Ἐμπεδοκλῆς
936 1818 990 1884 τὸν
1027 1824 1084 1902 μέν
1122 1822 1258 1906 αἰθέραἃ
1312 1818 1363 1860 ⁰¹⁶⁰

136 1925 256 2009 πρῶτον
286 1925 498 2010 διακριθῆναι,
531 1923 674 2010 δεύτερον
705 1927 737 1988 δὲ
761 1925 795 1990 τὸ
818 1927 895 2010 πῦρ,
927 1922 981 2012 ἐφ’
1008 1916 1032 2014 ᾧ
1054 1927 1109 2012 την
1133 1929 1200 2013 γῆν,
1225 1881 1418 2005 έξ1111ἕ1101111

135 2023 170 2116 ἧς
193 2029 271 2115 ἄγαν
293 2034 566 2117 περισφιγγομένης
590 2033 630 2118 τῇ
653 2028 735 2118 ῥύμη
759 2033 813 2116 τῆς
843 2033 1007 2118 περιφορᾶς
1030 2029 1198 2116 α’ναβλόσαι
1223 2030 1258 2100 τὸ

135 2136 218 2224 Ιὕδωρ
234 2137 268 2176 b·
291 2137 322 2214 ἐξ
345 2129 382 2204 οὗ
405 2139 603 2223 θνμιαθῇναι
626 2137 679 2202 τὸν
695 2134 777 2224 ἀέρα,
801 2143 848 2204 καλ
864 2141 1007 2222 γενέσθαι
1024 2139 1076 2204 τὸν
1091 2142 1147 2222 μέν
1164 2135 1258 2226 οόρα-

135 2243 188 2309 νὸν
211 2249 242 2310 έκ
264 2245 327 2320 τοῦΙ
342 2247 484 2328 αἰθέρος,
508 2239 562 2310 τὸν
585 2249 619 2311 δέ
641 2239 724 2329 ἥλιον
748 2249 778 2308 έκ
802 2247 859 2309 τοῦ
881 2243 992 2330 πυρός,
1027 2253 1195 2332 πιληθῆναι
1224 2249 1258 2312 (λέ

135 2353 166 2415 έκ
188 2351 249 2415 τῶν
273 2348 374 2416 ἄλλων
396 2351 432 2416 τὰ
457 2355 589 2436 περίγεια
604 2361 625 2415 ⁰.

57 2517 135 2559 νιν
203 2511 342 2574 nunnus
367 2511 415 2575 au.
440 2513 529 2574 Arar.
554 2531 579 2575 ι.
604 2519 635 2574 4.
659 2531 689 2592 p.
710 2517 782 2576 αι.
813 2505 844 2574 ‘0
860 2507 1061 2596 ’παραινῇς
1084 2509 1119 2578 ιι
1146 2489 1255 2580 ποια
1309 2527 1373 2574 ι...

6 2605 8 2638 ³
134 2628 199 2690 τοῖς
222 2620 378 2700 στοιχείοις
400 2610 588 2700 ὡρισμένους
611 2614 731 2693 τόπους,
755 2613 821 2681 ἀλλ’
840 2612 1097 2703 όντιπαραχωρεῖν
1114 2615 1256 2704 ἀλλήλοις

134 2726 238 2808 φησίν,
269 2719 344 2789 ὥστε
374 2727 422 2786 καὶ
445 2722 499 2807 τὴν
522 2723 578 2807 γῆν
600 2724 754 2807 μετέωρον
779 2724 937 2809 ρέρεσθαι,
968 2728 1015 2788 καὶ
1046 2719 1080 2789 τὸ
1109 2726 1170 2810 πῦρ
1200 2752 1256 2789 τα-

134 2823 303 2915 πεινότερον
318 2827 341 2893 ⁶.

206 2949 234 2992 a.
262 2934 335 2986 Inter
353 2933 484 2986 aetherem
503 2935 530 2986 et
554 2949 637 2987 aerem
654 2933 756 3002 'parum
784 2933 907 2988 distinxit
926 2935 1103 3004 Empedocles.
1141 2935 1191 2988 Sed
1211 2952 1256 3005 ap·
1275 2951 1357 3001 aether,
1373 2962 1416 2995 ιιι.

132 3025 210 3092 paret
227 3023 276 3076 hcc
294 3021 351 3076 loco
370 3021 422 3076 dici
447 3037 532 3075 aerem
560 3023 703 3076 tenuiorem
729 3023 796 3077 caeli
815 3023 930 3088 stellati,
957 3041 1007 3092 quo
1032 3023 1144 3078 mundus
1172 3025 1256 3078 omnis

133 3111 260 3180 cingitur,
279 3109 312 3164 cf.
333 3109 408 3178 Emp.
429 3127 470 3178 ap.
490 3109 573 3165 Clem.
593 3109 688 3165 Strcm.
709 3112 733 3162 V
752 3112 805 3166 674
820 3111 849 3166 P.
1107 3174 1109 3178 ,

206 3200 258 3252 130
295 3201 321 3248 εἰ
337 3195 370 3247 δ’
387 3195 439 3265 ι’ίγε
457 3201 508 3248 νῦν
527 3216 570 3250 τοι
589 3195 645 3265 ἐγώ
665 3199 732 3262 λέξω
753 3196 851 3267 πρῶθ’
869 3197 943 3263 ἡλίου
962 3195 1058 3268 α’ρχήν,
1170 3202 1220 3255 182

294 3283 323 3342 έξ
342 3269 381 3336 τόν
400 3284 559 3353 ἐξεγένοντο
578 3285 612 3338 τό
629 3290 681 3337 νῦν
700 3283 859 3357 έσορωμενα
878 3285 979 3352 πάντα,

293 3373 362 3442 γαῖά
380 3390 410 3425 τε
428 3378 473 3424 καὶ
492 3374 590 3433 πόντος
609 3373 776 3444 πολυκόμων
795 3371 844 3439 ἠδ’
863 3372 947 3442 τῖγρός
966 3369 1025 3444 αἠρ,

297 3460 374 3517 Τιτόν
393 3460 442 3525 ἠδ’
460 3461 543 3530 αἰθήρ
562 3466 694 3530 σᾳίγγων
712 3463 775 3533 πέρι
794 3461 893 3514 κύκλον
912 3463 1028 3515 ἅπαντα.
1169 3463 1221 3518 185

134 3552 187 3606 Aer
196 3552 296 3620 primus
307 3551 456 3606 secernitur.
486 3552 666 3620 ignisevciat.
696 3553 754 3606 Duo
772 3552 974 3622 hemisphaeria.
1003 3551 1139 3606 Plutarch.
1153 3551 1257 3620 aptiu-

132 3641 186 3694 seb.
206 3641 297 3708 Praep.
317 3639 364 3694 Eu.
384 3641 397 3694 I
416 3643 441 3696 8.
467 3642 529 3694 Dux.
549 3641 610 3705 582,
630 3643 654 3694 4.
691 3636 870 3710 Ἐμπεδοκλῆς
894 3670 927 3678 -
952 3637 982 3690 έκ
1001 3639 1107 3708 πρώτης
1126 3641 1193 3708 φησὶ
1211 3643 1257 3703 τῆς

133 3733 191 3781 ταῖν
210 3733 351 3796 στοιχείων
370 3725 490 3796 κράσεως
509 3725 696 3795 ἀποκριθέντα
711 3727 760 3780 τόν
773 3725 842 3796 α’έρα
861 3732 1041 3797 περιχυθῆναι
1060 3723 1166 3801 κύκλῳ·
1185 3726 1257 3799 μετοέ

131 3817 166 3871 cu
191 3815 240 3870 τόν
265 3815 332 3884 α’έρα
357 3818 389 3870 τό
408 3821 463 3886 πῦρ
488 3815 629 3887 έκθραμόν
647 3820 692 3869 καὶ
710 3815 758 3869 οἰκ
776 3815 839 3885 έχον
858 3817 955 3887 ἑτέραν
974 3815 1072 3886 χώραν
1090 3815 1146 3869 ι’ἱνω
1166 3815 1257 3881 έκτρέ-

129 3923 192 3975 χειν
211 3905 265 3959 όπό
283 3909 331 3958 τοῦ
349 3908 412 3974 περὶ
431 3906 479 3958 τόν
497 3903 568 3977 α’έρα
587 3907 684 3976 πάγου.
704 3894 775 3958 εἶναι
794 3905 827 3959 δὲ
842 3907 930 3978 κόκλρι
949 3909 1012 3976 περὶ
1032 3905 1080 3970 τήν
1098 3910 1151 3974 γῆν
1170 3903 1258 3974 φερό-

132 4012 204 4066 μενα
224 3989 276 4046 όόο
297 3989 467 4064 ἦμισφαίρια,
487 3995 520 4046 τό
537 3993 591 4066 μὲν
609 3995 728 4046 καθόλου
747 3997 841 4064 πυρός,
860 3994 891 4046 τό
906 3995 939 4048 δὲ
953 3993 1051 4064 μικτόν
1066 3991 1095 4055 et
1113 3992 1192 4062 ιίέρος
1213 3993 1258 4044 καὶ

132 4082 229 4153 όλίγου
248 4077 342 4154 πυρός,
361 4079 429 4150 ὅπερ
449 4087 533 4136 οἴεται
551 4083 599 4146 τόν
618 4085 702 4136 αι’κτα
721 4069 798 4137 εἶναι.
836 4083 885 4144 τόν
910 4082 943 4135 δὲ
961 4079 1047 4151 α’ρχην
1066 4087 1110 4145 της
1128 4080 1258 4144 κινήσεως

132 4173 268 4242 συμβῆναι
295 4170 351 4224 α’πό
379 4175 426 4223 τοῦ
453 4173 631 4242 τετυχηκέναι
658 4172 728 4224 κατό
750 4171 799 4224 τόν
823 4168 979 4240 α’θροισμόν
1004 4169 1189 4238 ε’πιβρίσαντος
1208 4172 1258 4220 τοῦ

132 4261 226 4328 πυρός.
262 4263 301 4316 De
333 4262 394 4330 igne
427 4265 532 4316 exstant
564 4261 643 4315 verba
671 4261 836 4330 Empedoclis
865 4278 907 4329 ap.
936 4261 1062 4314 Eustath.
1091 4259 1139 4314 od.
1163 4259 1256 4322 1350,

132 4369 157 4420 p.
168 4353 247 4418 1419,
258 4353 301 4406 30.
321 4349 353 4402 τό
361 4347 480 4402 α’νόπαια
491 4381 524 4390 -
535 4349 613 4402 δοκεῖ
622 4368 692 4402 τισιν
705 4347 766 4402 ἀντὶ
776 4353 825 4402 τοῦ
837 4345 983 4417 α’νωφερὴς
997 4335 1067 4398 εἶναι
1086 4344 1258 4417 ὡρμημένοις

132 4436 163 4490 έκ
181 4444 235 4492 τῶν
252 4435 463 4510 Ἐμπεδοκλέους
474 4436 598 4498 εἰπόντος
616 4437 661 4490 ἐπὶ
680 4437 766 4508 πυρός
785 4437 816 4490 τό
836 4436 1038 4507 ,καρπαλίμως
1050 4435 1077 4488 δ’
1094 4433 1257 4492 ἀνόπαιον“.
