3146 4982
572 342 676 397 Morcus
691 344 849 400 Antoninus.
1212 345 1267 406 47⁹

144 519 216 562 ται·
241 499 282 562 τὰ
306 501 367 586 γάρ
380 497 573 589 ’διείργοντα
596 502 652 568 καί
677 503 867 588 ἐνιστάμενα
891 505 1009 571 πολλά.
1056 517 1127 585 νοῦς
1150 507 1265 573 δὲκαὶ

144 604 238 689 λόγος
261 605 317 670 διὰ
340 609 467 686 παντὸς
496 620 555 677 τοῦ
576 608 833 690 ἀντιπίπτοντος
857 615 958 691 οῦταις
983 615 1184 701 πορεύεσθαι
1209 615 1267 680 δά-

143 736 251 792 ναται,
275 713 319 790 ὡς
342 712 468 802 πέφυκε
490 715 548 781 ’καί
571 717 615 794 ὡς
637 716 739 783 θέλει.

215 835 255 890 De
278 837 313 890 M.
333 837 441 893 Aurelio
461 840 595 894 Antonino
613 845 696 910 [regn.
713 857 736 895 a.
755 843 908 909 lei-180)
933 845 1107 914 scripserunt:
1135 845 1169 900 N.
1184 845 1264 912 Bach,

141 923 177 976 de
194 925 230 978 M.
249 926 313 979 Aur.
332 925 409 994 Ant,
434 927 505 1000 Lips.
525 930 608 994 18263
636 931 731 998 zellen,
757 931 845 986 Vortr.
864 951 892 985 ιι.
912 933 982 987 Aet.
1002 934 1015 986 Ι
1033 935 1170 1001 89-116,
1194 934 1264 1004 Lipe.

144 1012 223 1066 1875.
260 1013 385 1083 Waieon,
411 1017 447 1070 M.
466 1017 530 1072 Aur.
550 1018 629 1086 Ant,
655 1019 736 1073 Lond.
757 1021 834 1074 1884.
855 1049 889 1059 —·
907 1021 1113 1076 Commentarios
1132 1023 1200 1090 eius,
1220 1023 1266 1093 qui

142 1100 252 1155 inscribi
271 1104 358 1157 solent
382 1108 416 1158 τὰ
437 1112 475 1168 εἰς
493 1108 605 1172 ἑαυτόν,
629 1107 669 1162 ed.
688 1108 713 1162 J.
732 1109 768 1163 M.
788 1109 910 1176 Schultz,
935 1111 1005 1180 Lips.
1026 1111 1109 1177 1821;
1136 1111 1161 1165 J.
1182 1111 1264 1179 Stich,

143 1189 214 1260 Lips.
235 1192 313 1246 1882.

215 1311 244 1352 a.
263 1297 302 1352 Ib.
321 1297 346 1351 V
366 1299 398 1354 19
427 1303 461 1354 τὰ
491 1305 645 1376 πράγματα
674 1306 744 1356 αὐτὰ
773 1299 837 1357 οὐδ’
856 1307 1013 1359 ὁπωστιοῦν
1038 1315 1128 1376 ψυχῆς
1148 1309 1265 1359 ίίτττεται

144 1387 209 1440 οὐδὲ
227 1387 283 1458 ἔχει
301 1391 414 1443 εἴσοδον
438 1393 507 1462 πρὸς
527 1393 620 1463 ψυχὴν
645 1393 709 1446 οὐδὲ
735 1398 836 1464 τρέψαι
854 1393 920 1448 οὐδὲ
939 1404 1048 1462 κινῆσαι
1068 1396 1161 1466 ψυχήν
1180 1395 1265 1448 δύνα-

143 1495 197 1540 ται,
227 1481 319 1550 τρέπει
350 1479 381 1532 δὲ
409 1483 456 1532 καὶ
484 1475 555 1534 κινεῖ
582 1482 650 1548 αὐτή
677 1483 777 1548 ἑαυτὴν
804 1485 888 1554 μόνη·
917 1487 964 1536 καὶ
987 1487 1053 1536 οἵων
1071 1485 1108 1536 ἀν
1126 1487 1266 1555 κριμιίτων

143 1567 299 1638 καταξιώσῃ
326 1567 432 1633 ἑαυτήν,
462 1577 577 1622 τοιαῦτα
605 1570 688 1643 ἑαυτῇ
717 1577 794 1624 ποιεῖ
819 1573 854 1624 τὰ
883 1572 1085 1643 προϋφεστῶτα
1102 1575 1119 1625 ¹.
1164 1571 1202 1626 cf.
1221 1577 1265 1626 BP

143 1651 227 1706 4682.
256 1680 290 1690 -
319 1653 393 1708 Inter
411 1660 592 1727 praeceptores
615 1675 677 1728 prce
701 1659 795 1712 ceteris
813 1660 986 1714 nominandus
1004 1665 1047 1714 est
1064 1659 1199 1727 Rusticus,
1219 1661 1264 1731 qui

144 1739 168 1793 ei
186 1739 301 1811 Epicteti
319 1743 518 1800 dissertationes
537 1747 570 1800 od
588 1745 727 1816 legendum
745 1749 875 1818 praebuit,
894 1751 926 1803 cf.
940 1747 1037 1804 Comm.
1056 1749 1070 1802 Ι
1089 1751 1154 1820 6sq.

59 1921 101 1960 ⁴²³
115 1917 135 1958 Δ
210 1903 257 1968 Ib.
280 1904 314 1967 H
338 1913 389 1987 13.
439 1903 539 1970 Otito
562 1905 764 1992 ἀθλιώτερον
786 1917 844 1972 τοῦ
866 1907 977 1971 πάντα
1001 1908 1106 1994 κύκλῳ
1129 1904 1262 1994 ἓκπερι-
1290 1907 1389 2001 θοξξήλίθ

143 2007 312 2095 ερχομένου
335 2009 392 2076 καί
415 2013 458 2076 τὰ
482 2010 595 2097 νέρθεν
618 2025 692 2098 γῦς,
716 2011 844 2102 φησίν“,
875 2012 1065 2099 έρευνῶντος
1087 2013 1145 2079 καί
1168 2017 1210 2078 τά
1233 2013 1265 2080 ἓν

143 2119 217 2194 ταῖς
253 2119 374 2202 ψυχαῖς
407 2131 472 2182 τῶν
506 2115 647 2206 πλησίον
681 2119 737 2183 διὰ
766 2118 970 2205 τεκμάρσεως
1000 2119 1185 2208 ζητοῦντος,
1219 2121 1264 2208 μή

144 2219 344 2306 αἰσθομένου
368 2223 405 2290 δέ
428 2225 478 2290 ὅτι
495 2222 587 2314 ἀρκεῖ
611 2227 695 2312 πρὸς
709 2225 798 2312 μόνην
822 2224 870 2312 τῷ
886 2221 976 2291 ἔνδον
999 2219 1117 2292 ἑαυτοῦ
1132 2223 1266 2309 δαίμονι.

143 2321 228 2396 εἶναι
252 2329 310 2394 καί
333 2341 447 2397 τοῦτον
469 2328 605 2418 γνησίως
628 2332 853 2417 θεραπεύεινῦ,
965 2422 966 2426 ¹

7 2555 9 2566 Ι
62 2489 135 2532 ⁴⁷³B
210 2473 257 2538 Ib.
288 2473 352 2537 XII
384 2483 412 2539 3.
463 2471 546 2559 Τρία
577 2471 664 2539 ἐστίν
693 2473 729 2553 ἐξ
764 2470 808 2539 ὧν
837 2472 1048 2562 συνέστηκας·
1088 2473 1260 2558 σωμάτιον,
1289 2472 1386 2578 iffi?

145 2579 352 2661 πνευμάτιον,
376 2591 457 2657 νοῦς.
489 2581 612 2646 τούτων
626 2576 731 2646 τάλλα
746 2579 840 2668 μέχρι
863 2591 921 2646 τοῦ
944 2579 1178 2664 ἐπιμελεῖσθαι
1195 2581 1262 2646 δεῖν

144 2685 187 2750 σοί
210 2681 294 2751 ἔστι·
329 2687 366 2752 τὸ
390 2685 426 2752 δὲ
448 2683 557 2773 τρίτον
578 2687 676 2772 μόνον
698 2684 817 2772 κυρίως
840 2687 905 2752 σόν.
943 2688 1021 2754 διὸ’
1045 2685 1102 2752 ἐὰν
1123 2685 1264 2776 γωρίσῃς

145 2791 214 2857 ἀπὸ
237 2803 380 2872 σεαυτοῦ,
404 2782 495 2858 τοῦτ’
514 2789 600 2858 ἐστιν
624 2793 692 2860 ἀπὸ
715 2805 773 2881 τῆς
796 2806 854 2881 σης
877 2791 1033 2872 διανοίας,
1058 2794 1120 2859 ὅσοι
1143 2793 1264 2859 ἄλλοι8

145 2909 297 2965 ποιοῦσιν
319 2899 339 2986 ή
363 2897 517 2984 λέγουσιν,
541 2901 562 2989 ή
584 2901 645 2966 ὅσα
670 2899 767 2978 αὐτὸς
791 2897 950 2988 ἐποίησας
967 2902 986 2988 ή
1001 2892 1109 2980 εἶπας,
1133 2899 1189 2966 καὶ
1205 2901 1266 2966 ὅσα

145 3007 189 3082 ὡς
211 3004 372 3088 μέλλοντα
396 3007 553 3092 ταράσσει
577 3029 613 3073 σε
636 3007 693 3072 καὶ
717 3007 779 3072 ὅσα
801 3017 860 3072 τοῦ
875 3006 1101 3093 περικειμένου
1124 3028 1177 3072 σοι
1201 3028 1267 3071 σω-

144 3109 265 3194 ματίου
296 3114 316 3200 ἢ
345 3123 403 3178 τοῦ
432 3115 600 3202 συμφύτου
630 3110 830 3196 πνευματίου
854 3110 1058 3201 ἀπροαίρετα
1082 3113 1265 3200 πρόσεστιν,

147 3217 203 3283 καὶ
228 3218 289 3283 ὅσα
313 3221 332 3306 ἡ
355 3215 480 3298 ἔξωθεν
503 3219 720 3308 περιρρέουσα
743 3216 815 3307 δίνη
839 3216 968 3300 ἑλίσσει,
1000 3222 1083 3285 ὥστε
1105 3232 1170 3284 τῶν
1193 3241 1268 3285 συν-

145 3322 345 3411 ειμαρμένων
370 3324 563 3415 ε’ξῃρημένην
582 3325 711 3410 <καὶ>4
732 3327 888 3413 καθαρὰν
915 3327 973 3414 τήν
995 3327 1106 3413 νοεράν
1129 3324 1264 3408 δύναμιν

146 3429 312 3497 ἀπόλυσον
335 3420 391 3519 ἐφ’
411 3429 527 3520 ἑαυτῆς
549 3431 613 3520 ζήν,
639 3442 799 3498 ποιοῦσαν
821 3433 863 3496 τὰ
886 3428 1001 3497 δίκαια
1024 3430 1082 3497 καί
1104 3429 1269 3497 θέλουσαν

145 3539 188 3602 τά
211 3534 430 3622 συμβαίνοντα
460 3538 516 3604 καί
547 3538 702 3624 λέγουσαν
730 3537 877 3626 τάληθή·
912 3537 968 3602 ἐὰν
989 3533 1143 3625 χωρίσῃς,
1172 3534 1266 3626 φημί,

145 3655 204 3709 τοῦ
227 3645 414 3732 ἡγεμονικοῦ
435 3645 548 3711 τούτου
570 3647 613 3710 τοί
636 3643 886 3733 προσηρτημένα
902 3642 939 3708 ἐκ
955 3640 1194 3730 προσπαθείας
1210 3642 1269 3709 καὶ

147 3760 206 3816 τοῦ
225 3750 339 3837 χρόνου
362 3753 403 3816 τά
427 3750 577 3817 ἐπέκεινα
601 3752 621 3840 ἢ
643 3753 685 3816 τὰ
701 3749 930 3839 παρῳχηκότα,
955 3750 1094 3838 ποιήσῃς
1116 3773 1151 3814 τε
1173 3772 1269 3815 σεαυ-

146 3858 203 3922 τὸν
225 3847 294 3935 οἷος
316 3857 334 3922 δ
355 3847 604 3940 Ἐμπεδάκλιιος
627 3858 697 3940 (RP
722 3858 833 3940 133A)

316 3968 464 4051 Σφαῖρος
486 3964 680 4052 κυκλοτερὴς
709 3960 804 4051 μονίῃ
829 3960 981 4050 περιηγέϊ
1001 3958 1103 4046 γαίων

147 4069 245 4151 μόνον
260 4094 295 4135 τε
318 4069 374 4158 ζήν
389 4069 600 4158 ἐκμελετήσῃς
615 4067 633 4134 ὃ
648 4069 716 4158 ζῃς,
740 4058 831 4134 τοῦτ’
849 4065 919 4134 ἔστι
942 4069 980 4134 τὸ
1003 4067 1126 4154 παρόν·
1150 4067 1267 4154 δυνήσῃ

222 4285 248 4345 1)
268 4284 471 4356 προῦφεστῶτα
489 4282 644 4348 Schneider,
674 4281 779 4336 Certis:
807 4291 1005 4356 προεφεστῶτα
1024 4279 1079 4333 eod.
1099 4278 1136 4332 A:
1165 4295 1270 4350 προσυ·

148 4383 278 4442 νφιστωτα
297 4371 383 4440 vulgo.
403 4399 437 4409 -
461 4371 489 4435 2)
507 4372 554 4426 διὸ
572 4369 702 4425 Gataker:
723 4373 738 4424 ὃ
756 4371 812 4424 cod.
832 4369 891 4423 PA:
910 4373 957 4422 καὶ
975 4368 1057 4422 Stich.
1083 4397 1117 4408 ·-
1145 4369 1173 4432 3)
1193 4371 1271 4421 ἀλλοι

148 4457 282 4514 =Getokerz
302 4463 370 4514 ἀλλα
388 4459 473 4528 vulgo.
493 4487 527 4497 -
545 4459 574 4524 4)
591 4464 638 4514 xci
657 4459 769 4514 inseruit
787 4458 893 4512 Coreee.
