3130 4980
296 335 350 397 234
812 337 899 394 Pisto.

1551 447 1552 486 i

163 516 264 568 moins
364 501 559 592 Aristnet.
586 499 604 562 I
635 508 663 565 6.
705 506 789 565 987⁸
813 508 864 564 32.
915 487 969 563 Ἐκ
999 497 1070 562 νέου
1107 521 1141 561 τε
1178 499 1238 583 γάρ
1274 497 1421 584 συνήθης
1430 513 1502 554 24οΔ
1551 509 1552 548 i

297 605 460 691 γενόμενος
482 618 615 692 πρῶτον
638 605 800 692 Κρατάλνμ
829 603 887 670 καὶ
918 607 993 682 ταῖς
1013 593 1272 689 Ἡρακλειτείοις
1295 601 1419 683 δόξαις,

297 712 341 790 ὡς
364 712 520 777 ἁπάντων
543 724 607 776 τῶν
630 707 801 799 αἰσθητῶν
823 709 874 776 det
897 710 1031 798 ῥεόντων
1052 708 1110 774 καὶ
1134 709 1318 798 ἐπιστήμης
1341 707 1421 795 περὶ

297 817 403 883 αὐτῶν
426 817 485 884 οὐκ
508 816 612 906 οίίσης,
629 827 741 887 ,ταῦτα
763 816 823 900 μέν
845 815 903 882 καί
926 819 1057 904 ὕστερον
1080 819 1181 894 οὕτως
1204 815 1376 899 ὑπέλαβεν.

362 1032 453 1114 Diog.
486 1032 537 1096 ΙΠ
568 1038 596 1096 5.
647 1027 794 1115 Λέγεται
827 1065 872 1078 —-
906 1030 957 1095 ὅτι
993 1031 1164 1118 ποιήματα
1200 1025 1341 1116 ἔγραψε·
1375 1045 1500 1086 -2408

296 1133 413 1203 ἔπειτα
440 1135 552 1220 μέντοι
582 1176 624 1184 -
656 1137 847 1225 Σωκράτους
877 1137 1018 1214 άκοάσας
1047 1134 1224 1225 κατέφλεξε
1252 1136 1295 1200 τά
1318 1135 1419 1222 ποιή-

294 1255 415 1327 ματα·.
441 1283 482 1292 -
508 1283 550 1291 -
587 1253 615 1310 6.
640 1243 829 1310 τούντεῦθεν
851 1244 891 1332 δὴ
915 1243 1059 1328 γεγονώς,
1084 1240 1194 1331 φασίν,
1217 1237 1339 1308 εἴκοσιν
1362 1238 1418 1329 έτη

296 1351 446 1439 διήκουσε
462 1349 668 1438 Σωκράτους·
697 1348 818 1416 ἐκείνου
841 1341 874 1415 δ’
892 1349 1097 1428 ἀπελθόντος
1119 1385 1164 1396 -
1186 1385 1231 1394 -
1253 1347 1419 1433 γενόμενος

297 1454 383 1522 ὀκτὼ
406 1455 464 1523 καὶ
487 1454 610 1523 ε’ίκοσιν
633 1456 714 1522 ἑτῶν
744 1495 785 1506 ·-
816 1454 863 1535 είς
885 1456 1028 1544 Μέγαρα
1059 1457 1143 1544 πρὸς
1164 1452 1339 1543 Εὐκλείδην
1361 1456 1420 1519 σὺν

297 1561 355 1628 καὶ
378 1561 490 1641 άλλοις
513 1563 582 1629 τισί
601 1567 825 1650 Σωκρατικοῖς
847 1563 1078 1652 δπεχώρησενθ,
1103 1558 1220 1627 ἔπειτα
1243 1558 1290 1639 εἰς
1305 1562 1418 1650 Κυρή-

297 1694 353 1758 νην
376 1669 510 1758 άπήλθε
532 1671 616 1757 πρὸς
643 1669 809 1758 Θεόδωρον
831 1671 887 1735 τὸν
908 1669 1160 1756 μαθηματικόν·
1195 1667 1349 1733 κάκεῖθεν
1371 1664 1419 1744 εἰς

295 1763 438 1840 Ἰταλίαν
467 1777 552 1863 πρὸς
587 1777 661 1853 τοὺς
691 1777 944 1862 Πυθαγορικοὺς
975 1775 1137 1840 Φιλόλαον
1171 1771 1229 1840 καὶ
1260 1771 1418 1861 Εὔρυτον·

297 1877 390 1948 ένθεν
412 1906 448 1948 τε
470 1879 516 1960 εἰς
539 1877 715 1967 Αἴγυπτον
738 1884 832 1970 παρὰ
854 1884 929 1960 τοὺς
952 1883 1152 1970 προφήταςῦ.

367 2039 396 2082 a.
420 2025 459 2078 Ex
485 2025 520 2091 iis
549 2041 615 2094 quae
643 2024 674 2078 de
692 2024 813 2078 Platonis
841 2023 997 2078 educatione
1021 2024 1116 2092 puerili
1140 2021 1249 2092 singola
1274 2020 1420 2076 traduntur

295 2113 383 2182 (Diog.
409 2113 452 2167 111
476 2114 507 2178 5,
536 2112 639 2167 Aeliae.
664 2113 696 2166 V.
722 2114 755 2166 H.
776 2112 804 2166 11
823 2114 869 2180 30)
892 2114 935 2166 vix
955 2113 1100 2181 quidquam
1127 2111 1177 2164 fide
1202 2111 1322 2179 dignum.
1368 2109 1419 2163 Sed

295 2202 413 2270 poeticen
438 2219 497 2256 eum
516 2201 587 2255 haud
611 2201 704 2255 leviter
723 2202 846 2268 attigisse
865 2203 919 2255 veri
938 2201 1032 2255 simile.
1071 2201 1238 2268 Quamquam
1260 2215 1328 2267 quoe
1347 2215 1418 2252 nuno

296 2290 353 2342 eius
368 2289 488 2343 feruntur
497 2291 692 2359 epigrammate
700 2291 798 2359 partim
808 2289 930 2343 videntur
940 2293 1029 2359 spuria
1045 2306 1101 2344 esso
1116 2289 1157 2357 (Ρ.
1168 2288 1216 2357 lyr.
1227 2287 1255 2341 11
1266 2288 1319 2343 295
1330 2287 1418 2356 ng.).

367 2411 398 2466 b.
418 2411 491 2466 Idem
509 2413 639 2480 Diogenes
658 2413 687 2466 11
707 2414 758 2467 106
777 2412 935 2466 Hermodoro
954 2415 1061 2467 auctore
1080 2413 1165 2465 refert.

366 2550 393 2591 o.
414 2537 468 2592 Cio.
488 2537 519 2590 de
538 2537 601 2605 Rep.
622 2536 636 2589 I
657 2539 697 2590 16.
736 2536 856 2590 Audisse
875 2543 899 2590 te
923 2537 1002 2590 eredo
1021 2537 1160 2591 Platonem
1180 2536 1289 2590 Socrate
1312 2542 1417 2590 mortuo

293 2625 410 2694 primurn
428 2627 459 2678 e'n
478 2625 634 2694 Aegyptum
655 2625 780 2680 discendi
804 2641 904 2691 oense,
936 2633 1000 2694 post
1018 2627 1050 2679 in
1068 2625 1178 2680 Itottnm
1203 2631 1228 2680 et
1245 2627 1277 2678 in
1295 2623 1418 2678 Siciliane

296 2715 475 2782 contendisse,
494 2721 526 2768 nt
540 2715 714 2783 Pytieoqoroe
731 2715 843 2768 inventa
857 2715 1031 2782 perdisceret,
1050 2732 1160 2783 enmqne
1179 2721 1204 2768 et
1223 2730 1282 2767 enm
1291 2714 1418 2782 Archyta

297 2801 446 2856 Tarentino
465 2809 490 2857 et
509 2820 568 2856 ενοι
583 2802 690 2858 Timaeo
699 2803 788 2857 Locro
807 2804 918 2857 mnttnm
936 2803 1024 2868 fnisse
1043 2811 1069 2858 et
1077 2803 1198 2857 Philoleo
1216 2803 1418 2856 commentarios

296 2908 353 2946 esse
372 2898 489 2958 nocturn,
509 2908 619 2960 enmqne
638 2908 668 2946 eo
685 2898 802 2960 tempore
821 2893 850 2944 in
865 2893 908 2946 in's
924 2893 989 2946 loe-is
999 2893 1174 2961 Pythagorae
1192 2907 1288 2945 nomen
1306 2888 1417 2959 vigeret,

296 2978 371 3032 sitnm
399 2996 427 3032 se
455 2986 479 3033 et
498 2980 651 3034 hominibus
668 2980 851 3050 Pythagoreis
879 2987 904 3035 et
931 2981 1032 3035 studiis
1058 2981 1114 3034 iltis
1137 2979 1251 3034 dedisse.
1293 2979 1367 3032 idem
1386 2979 1417 3032 de

239 3115 244 3123 .
297 3065 355 3120 Pin.
384 3067 466 3122 vot.
495 3097 529 3106 -
557 3068 708 3122 Philoleum
736 3068 900 3138 exploratum
927 3073 968 3122 est
995 3073 1127 3122 mortuum
1151 3069 1234 3122 fuisse
1258 3085 1318 3122 enin
1337 3068 1417 3122 Plato

296 3152 407 3208 Italiam
425 3155 547 3210 visitaret
565 3156 688 3226 (Boeekh,
707 3158 846 3211 Philotnos
865 3175 890 3226 p.
909 3157 945 3225 5).
983 3160 1020 3212 De
1039 3159 1095 3212 eius
1112 3157 1180 3210 libro
1198 3163 1241 3210 Re
1260 3157 1304 3212 50.

363 3350 454 3432 Diog.
477 3351 529 3415 HI
554 3361 603 3417 18.
654 3350 731 3439 Τρίς
754 3351 790 3417 δέ
813 3350 995 3418 πέπλευκεν
1018 3347 1065 3430 εἷς
1089 3350 1254 3418 Σικελίαν·
1284 3365 1466 3439 scodriensem

296 3454 356 3538 μὲν
379 3459 465 3521 κατά
488 3455 573 3522 θέαν
596 3471 653 3544 τῆς
676 3459 770 3546 νήσου
794 3457 851 3524 καὶ
874 3472 939 3524 τῶν
961 3459 1145 3546 κρατήρων,
1178 3458 1231 3523 ὅτε
1254 3457 1313 3523 καὶ
1335 3461 1415 3524 Διο-

295 3563 403 3639 νύσιος
426 3563 443 3627 δ
464 3553 701 3652 Ἑρμοκράτους
723 3565 874 3652 τύραννος
897 3566 941 3629 ὢν
957 3564 1133 3652 ἠνάγκασεν
1158 3567 1241 3630 ὥστε
1255 3564 1415 3647 συμμῖξαι

298 3665 402 3754 αὐτῷ·
437 3668 515 3734 ὁδὲ
545 3670 768 3756 διαλεγόμενος
796 3670 874 3756 περὶ
903 3668 1155 3758 τυραννίδος-
1179 3669 1415 3758 προσέκρουσεν

298 3772 412 3860 adegit
442 3814 486 3824 -
521 3785 572 3841 21.
608 3777 752 3863 δεύτερον
773 3778 858 3864 πρὸς
890 3778 947 3842 τὸν
976 3777 1126 3865 νεώτερον
1160 3773 1215 3864 ἧκε
1246 3778 1415 3842 Διονύσιον

298 3876 399 3946 αἰτῶν
426 3894 482 3970 μήν
511 3881 568 3947 καί
591 3882 789 3969 ἀνθρώπους
818 3884 893 3963 τοὺς
922 3885 1008 3948 κατὰ
1038 3879 1289 3972 τὴνπολιτείαν
1318 3882 1416 3949 αὐτοῦ

297 3986 504 4075 ζησομένους·
537 3989 554 4053 ὁ
578 3987 613 4054 δέ
628 3985 748 4076 καίπερ
772 3989 987 4073 ὑποσχόμενος
1010 3988 1068 4055 οὐκ
1091 3988 1252 4078 ἐποίησεν.
1277 3985 1358 4056 ἔνιοι
1381 3987 1416 4055 δέ

296 4115 381 4180 φασι
415 4093 473 4160 καὶ
507 4095 707 4160 κινδυνεῦσαι
742 4094 838 4162 αὐτὸν
871 4096 915 4174 ὡς
950 4093 1177 4162 ἀναπείθοντα
1213 4094 1323 4162 Δίωνα
1359 4094 1415 4162 καὶ

301 4200 489 4266 Θεοδόταν1
512 4200 571 4267 ἐπὶ
594 4201 633 4290 τῇ
656 4215 713 4291 τής
735 4203 830 4290 νήσου
854 4199 1052 4292 έλευθερίηιλ).
1071 4243 1111 4251 -
1130 4214 1181 4270 23.
1206 4201 1317 4292 τρίτον
1332 4201 1415 4293 ήλθε

370 4446 396 4513 1)
418 4449 559 4502 Θεοδόταν
577 4449 673 4506 Cobet:
696 4453 807 4506 Θεώταν
824 4451 897 4520 vulg.
