3148 4984
282 327 337 390 θόθ
709 331 898 401 Nsoplstonioi.

283 490 341 558 καί
370 501 429 558 τοῦ
457 501 573 579 νοητοῦ
601 490 782 574 διακόσμου
812 489 905 569 ἐκτὸς
927 489 985 556 οάκ
1012 491 1051 556 ἀν
1073 487 1124 578 εἴη
1146 492 1185 556 τό
1208 489 1328 577 νοητόν.
1369 487 1409 554 or}

284 594 390 664 τοίνυν
412 597 493 664 όλλο
515 595 575 680 μὲν
597 597 636 664 τό
657 597 827 680 μεθεκτόν,
850 597 931 664 ἀλλο
955 596 992 663 όὲ
1013 599 1052 664 τό
1074 595 1275 680 ἀμὲθεκτον·
1310 589 1407 682 συνῄ-

284 729 382 794 ρηται
412 705 473 792 γάρ
503 727 561 769 και
591 727 674 769 αντα
704 703 760 770 όόο
791 700 870 769 όντα
906 703 1023 792 πλήθη
1046 699 1093 782 είς
1115 698 1149 770 ἓν
1170 703 1210 768 τὸ
1232 701 1348 779 ἁπλῶς
1371 723 1409 766 τε

283 811 341 878 καί
364 808 524 899 ἡνωμένον
550 810 684 898 πλῆθος
706 809 857 876 ὁπωσοῦν
879 811 1057 896 λεγόμενον.
1098 811 1220 897 τὸγὰρ
1244 805 1408 874 αὐτὸκαὶ

284 929 387 984 πᾶσιν
411 916 579 998 ἐποχεῖται
602 914 659 982 καὶ
682 915 816 982 πόντων
831 909 997 1005 ἐξῄρηται.
1032 915 1070 982 οὐ
1092 917 1153 1002 γὰρ
1176 909 1409 1004 ἀντιόιῄρηται

283 1027 322 1092 τό
343 1023 503 1108 μεθεκτόν
524 1020 572 1109 τῷ
594 1020 762 1109 ἀμεθόνφ,
793 1021 877 1088 ἀλλὰ
900 1023 967 1110 πρὸ
988 1035 1047 1110 τῆς
1069 1019 1330 1106 ἀντιθιαιρέσεως
1351 1043 1407 1085 τε-

284 1129 441 1216 ταγμένον
475 1130 533 1218 τὴν
566 1126 809 1216 συναμφότερον
841 1123 905 1210 ἔχει
939 1127 1090 1212 δύναμιν,
1125 1129 1192 1215 πρὸ
1215 1127 1338 1215 ἀμφοῖν
1361 1125 1410 1203 ὡς

284 1235 402 1304 ταάτὸν
425 1233 470 1316 όν,
493 1234 550 1301 καί
573 1235 733 1318 μεθεκτόν
756 1226 840 1301 εἶναι
863 1233 922 1300 καί
944 1233 1143 1318 ἀμὲθεκτον·
1178 1232 1325 1300 καθόσον
1346 1229 1411 1315 μὲν

284 1347 345 1432 γάρ
367 1341 451 1430 ὑπὲρ
467 1343 506 1408 τό
520 1340 689 1425 μεθικτόν,
713 1339 896 1424 ἀμέθεκτον
918 1333 1003 1408 εἶναι
1026 1340 1236 1430 φαντάζεται,
1259 1339 1408 1406 καθόσον

285 1449 322 1517 όί
344 1447 494 1530 ἀποίουᾱ,
516 1447 574 1514 καὶ
596 1449 757 1531 μεθεκτόν
778 1439 862 1514 εἶναι
885 1448 982 1514 δοκεῖ.
1006 1485 1050 1495 -
1080 1458 1144 1516 118
1167 1468 1198 1532 p.
1222 1456 1296 1514 366.
1329 1441 1408 1532 τρία

285 1555 344 1641 μὲν
366 1551 420 1622 οὖν
435 1552 542 1620 οάκέτι
565 1551 699 1641 κλητέον
719 1552 804 1620 αὐτὰ
826 1553 984 1622 παθόντα
1008 1553 1120 1633 αὐτοῖς
1142 1555 1180 1620 τό
1203 1545 1286 1620 εἶναι
1301 1549 1411 1639 τρισίν

286 1661 413 1740 οάόενὸς
435 1660 534 1726 ἀλλον
557 1659 742 1748 πεφηνότος
765 1659 865 1726 our·
900 1661 987 1750 πλὴν
1009 1662 1102 1750 ἡμεῖς
1130 1683 1165 1746 γε
1187 1655 1409 1746 ἀνθρωπίνως

286 1768 508 1854 διαλεγόμενοι
548 1764 626 1854 περὶ
666 1779 731 1832 τῶν
763 1767 1032 1855 όπιρθειοτοίτων
1065 1766 1170 1854 ἀρχῶν
1203 1763 1262 1832 οάκ
1295 1761 1411 1848 ἔγαμεν

286 1877 392 1953 ἄλλως
407 1872 479 1941 οὔτε
494 1872 612 1940 ἐννοεῖν
626 1871 699 1940 οίίτε
721 1870 889 1957 ὀνομάζειν
910 1874 931 1962 ἢ
953 1874 1064 1952 οὕτως,
1087 1874 1131 1951 ὡς
1154 1871 1408 1957 ἀναγκαζόμεθα

284 1987 430 2071 χρῆσθαι
461 1983 531 2057 τοῖς
561 1979 669 2064 λόγοις
698 1977 782 2067 ὑπὲρ
811 1993 876 2045 τῶν
906 1976 953 2058 εἰς
984 1982 1027 2045 τά
1059 1976 1210 2046 ἐπέκεινα
1233 1978 1410 2062 ἀνεχόντων

286 2099 344 2155 τοῦ
366 2088 489 2164 παντὸς
512 2085 574 2168 καίΙ
593 2085 677 2174 ζωῆς
699 2084 757 2152 καί
781 2083 894 2164 οάσίοις
917 2085 1129 2174 πραγμάτων.

358 2244 386 2284 κ.
405 2229 437 2282 Id
455 2228 525 2298 quod
543 2245 601 2282 oum
619 2227 678 2282 Uno
696 2228 864 2282 oouiunotum
882 2232 931 2282 ost.

358 2335 390 2390 b.
409 2334 585 2404 Impugnatur
602 2333 775 2400 somarium,
804 2333 875 2403 quod
892 2337 1016 2403 posuerat
1035 2334 1161 2388 Prooulus
1178 2338 1233 2401 (BP
1252 2335 1316 2399 5383
1336 2333 1410 2398 539).

287 2425 412 2496 Sequitur
431 2426 519 2476 autom
537 2421 692 2476 Dama-seius
710 2422 738 2476 iu
756 2422 799 2476 his
817 2422 966 2488 Plotinum,
990 2423 1065 2476 ouius
1083 2423 1242 2490 doctrinam,
1267 2421 1337 2493 quod
1356 2425 1409 2476 soa·

288 2514 382 2569 tusbst
406 2528 458 2566 non
483 2513 568 2564 torum
586 2511 699 2564 animum
717 2511 745 2566 iu
763 2511 889 2566 mundum
909 2511 1059 2566 sensibilem
1077 2511 1249 2579 dssoeudisss,
1269 2511 1315 2566 ssd
1333 2511 1409 2566 rosti-

288 2604 354 2658 tisss
377 2603 406 2656 in
430 2617 461 2655 sa
486 2599 586 2670 aliquid
604 2601 721 2666 ἀπαθὲς,
745 2600 905 2654 Iambh'ohus
923 2603 977 2668 (ΒΡ
996 2601 1060 2666 528)
1078 2609 1106 2655 ot
1124 2601 1250 2655 Proculus
1275 2600 1410 2671 aspernari

288 2695 371 2747 orant.
408 2691 437 2744 In
458 2689 544 2744 Parm.
568 2689 596 2743 iu
619 2689 675 2743 ood.
693 2689 794 2744 Monac.
819 2690 954 2745 r01.308v
978 2707 1019 2760 ap.
1040 2690 1157 2745 Crouzsr.
1181 2691 1215 2744 ad
1238 2690 1322 2744 Prool,
1340 2689 1408 2743 Iust.

288 2781 377 2836 Theol.
395 2797 421 2850 p.
441 2779 494 2834 315
513 2778 582 2832 ὥστε
601 2781 731 2846 ἀληθινός
750 2782 765 2832 ό
784 2782 929 2833 Πλωτίνου
947 2783 1029 2849 λόγος
1048 2784 1083 2842 ὡς
1102 2783 1135 2834 οὐ
1153 2791 1232 2835 πᾶσα
1251 2782 1412 2846 κοίτεισινη

289 2872 372 2941 φυγή.
382 2897 419 2907 -
429 2868 556 2943 Πρόοόος
566 2865 708 2921 seeundum
717 2867 884 2922 Damusoium
893 2885 945 2922 uon
954 2885 1013 2922 voro
1027 2869 1173 2939 progressio
1187 2872 1238 2932 est,
1253 2868 1299 2922 sod
1308 2868 1411 2921 mansio

288 2960 316 3013 in
330 2957 476 3028 superiore:
494 2955 534 3010 De
547 2956 633 3010 Prino.
649 2955 684 3010 74
703 2967 761 3011 πᾶν
777 2957 831 3029 μὲν
849 2955 899 3010 οὗν
917 2960 949 3011 τό
968 2961 1154 3029 προεληλυθός
1171 2962 1218 3012 καὶ
1236 2960 1266 3012 ίν
1279 2959 1311 3032 τῇ
1326 2959 1410 3028 φύσει

288 3052 335 3102 καὶ
354 3048 383 3102 ίν
401 3051 459 3106 τοῖς
477 3045 550 3118 ὅροις
567 3049 645 3116 μένει
670 3055 724 3098 τῶν
744 3048 850 3100 οἰκείων
869 3049 971 3100 αίτίων.
1008 3045 1047 3100 Ib.
1068 3046 1101 3100 75
1126 3048 1197 3101 ἔστω
1221 3051 1316 3100 τοίνυν
1342 3047 1412 3111 αὐτὴ

288 3137 341 3207 μὲν
369 3133 524 3207 πρόοδος
552 3134 620 3200 αὐτὴ
647 3133 679 3187 ἀὲ
706 3135 723 3200 ἡ
749 3134 849 3204 μονὴ,
878 3137 925 3188 καὶ
951 3139 1154 3208 συμπεφυκότα
1177 3137 1221 3188 ἀεὶ
1244 3135 1358 3209 ἑκατέρα
1377 3137 1410 3208 τῇ

289 3224 373 3296 ἑτέρη.
401 3251 433 3260 -
459 3231 610 3293 τοιγαροῦν
635 3223 712 3293 ψυχὴ
735 3224 783 3288 τὴν
808 3223 905 3291 ἑαυτῆς
930 3223 1054 3296 πρόοόον
1078 3225 1191 3277 ἀναλύει
1216 3223 1265 3277 διὰ
1284 3231 1331 3290 τῆς
1349 3224 1410 3277 lm·

290 3321 423 3387 στροφῆς·
448 3307 507 3364 ἀλλ’
525 3315 550 3365 εί
569 3321 658 3376 τοῦτο,
679 3312 728 3364 οὐκ
747 3311 787 3364 ἔτι
805 3311 883 3366 ἕσται
902 3314 1101 3386 προεληλυθός·
1130 3314 1230 3366 ἀπολεῖ
1247 3313 1301 3384 γὰρ
1319 3320 1410 3375 τοῦτο,

289 3405 314 3458 ελ
331 3403 528 3473 ἐπιστρέψειεν.
1132 3475 1136 3480 1

328 3492 330 3496 ’
361 3521 388 3562 o.
407 3505 465 3560 Hoc
491 3506 587 3575 ubique
616 3505 736 3576 sequitur
753 3506 921 3572 Damasum,
950 3506 978 3560 id
1006 3507 1075 3576 quod
1099 3505 1280 3576 proficisostur
1304 3521 1334 3558 ox
1359 3505 1413 3559 ulio

289 3611 393 3651 manere
407 3595 434 3648 iu
448 3597 545 3648 natura
557 3594 614 3648 sius
627 3593 697 3648 undo
712 3594 899 3664 proficiscatur,
918 3595 944 3650 h.
956 3612 977 3649 o.
993 3588 1109 3649 eiusdsrn
1128 3598 1208 3665 atquo
1225 3593 1292 3648 illud
1306 3595 1412 3663 gousris

290 3699 354 3738 soso.
391 3683 430 3736 Ib.
450 3683 498 3748 743
516 3700 540 3736 v.
559 3685 614 3737 not.
629 3683 654 3736 b.
691 3683 785 3754 Itaque
803 3683 826 3737 sl
845 3687 877 3738 τὸ
894 3687 1030 3758 μεθεντὸν
1054 3683 1228 3754 proficiscitur
1252 3699 1283 3738 ex
1307 3686 1411 3757 ἀμεθέ-

289 3792 363 3838 κτου,
383 3772 503 3842 soquitur
521 3774 553 3825 ut
571 3771 608 3825 sit
625 3771 705 3826 otium
719 3772 768 3826 hoo
784 3775 928 3844 μεθεκτόν.

361 3877 391 3933 ἀ.
411 3877 473 3932 Tria
490 3878 618 3948 principia
635 3878 719 3946 igitur
736 3895 795 3932 voro
808 3877 895 3932 Unum
915 3883 980 3932 suut
997 3882 1026 3932 so
1038 3879 1126 3932 Unum
1145 3896 1203 3932 voro
1222 3879 1288 3932 tris:
1306 3879 1342 3932 ib.
1358 3879 1411 3934 117

290 3969 360 4022 ἔστω
379 3969 433 4038 γάρ
452 3969 483 4020 τό
503 3969 595 4027 ἁπλῶς
613 3967 642 4020 ἓν
663 3970 701 4036 τῷ
720 3971 778 4020 όντι
797 3969 829 4020 τό
847 3970 1014 4042 ἀνάριθμον,
1037 3973 1082 4020 καὶ
1102 3972 1127 4021 εἰ
1140 3969 1196 4039 χρὴ
1215 3971 1303 4039 φόνοι
1322 3973 1411 4038 σαφέ-

211 4053 220 4068 “
291 4074 393 4126 στερον,
414 4057 565 4130 ἀτρίαστον
588 4059 635 4108 καὶ
661 4055 860 4128 ἀμονάόιστον.
896 4055 939 4108 Ita
958 4055 1086 4125 quidquid
1105 4057 1212 4125 ponitur
1230 4073 1246 4108 a
1263 4055 1411 4123 Damasoio,

289 4144 317 4197 in
337 4144 558 4214 subsequentibus
577 4143 690 4198 tollitur.

145 4333 228 4375 veteris
356 4323 472 4404 Agath.
495 4322 578 4386 Hist.
601 4321 635 4386 Π
665 4330 707 4388 30
737 4343 767 4405 p.
799 4322 981 4388 231Diud.
1035 4321 1082 4388 Οά
1112 4321 1227 4408 πολλῷ
1255 4325 1316 4408 γὰρ
1351 4317 1458 4405 &fia-⁶⁴²

109 4385 263 4481 mmm
292 4432 439 4513 προσθεν
462 4427 652 4509 Δαμάσκιος
675 4427 692 4491 ὁ
717 4428 817 4513 Σύρος
840 4427 896 4492 καί
921 4425 1119 4511 Σιμπλίκιος
1142 4429 1160 4494 ό
1179 4426 1281 4507 Κίλιξ
1304 4427 1409 4494 Εὐλαί-

42 4613 61 4656 k
