3156 4988
409 371 448 424 De
467 370 631 440 philosophia
649 370 676 423 in
695 367 790 438 genere
807 369 914 440 eiusque
932 370 1061 438 partibus.
1245 363 1298 424 ὅθί

178 531 308 599 agendum
333 533 477 601 pertinere;
505 534 665 602 quapropter
688 531 828 596 virtutem,
854 533 971 600 atquae
996 531 1054 582 tnta
1078 527 1165 598 posita
1182 530 1254 581 essct
1271 527 1298 580 in

178 621 324 690 sapientia,
348 621 438 674 eadem
461 628 516 691 qua
539 620 730 690 philosophiam
753 619 856 673 ratione
879 619 1077 689 partiebantur:
1105 617 1157 672 Cic.
1183 616 1240 672 lin.
1258 616 1299 669 ΠΙ

178 710 263 779 raso.
300 709 467 780 Consequens
485 714 544 764 erat
560 713 595 763 ut
611 709 800 779 Theophrasti,
826 709 872 778 qui
889 707 1107 777 contemplativae
1131 706 1201 758 vitae
1219 705 1299 775 pluri·

178 815 250 852 mum
268 799 421 865 tribuerat,
446 799 567 852 doctrina
591 799 687 852 aeriter
711 815 727 851 a
751 797 896 866 Chrysippo
920 798 1121 867 impugnaretur
1147 795 1189 848 his
1212 795 1299 849 verbis

176 905 220 958 ap.
238 889 311 942 Plut.
331 889 410 942 Sinin.
429 889 494 958 Rep.
519 890 544 954 2,
563 889 581 942 3
599 905 625 958 p.
645 889 714 942 1033
739 889 801 942 ὅσοι
825 888 857 940 δὲ
883 889 1112 958 ὑπολαμβάνουσι
1132 887 1299 956 (φιλοσόφοις

176 981 335 1046 ἐπιβάλλειν
353 981 479 1052 μάλιστα
498 982 547 1031 τὸν
561 980 745 1048 σχολαστικὸν
762 983 824 1044 βίον
839 972 895 1030 ’ἀπ’
913 978 1004 1050 ἀρχῆς,
1024 967 1101 1028 οὗτοί
1117 993 1169 1046 μοι
1183 975 1299 1028 δοκοῦσι

178 1069 380 1142 διαμαρτάνειν
404 1071 586 1128 ὑπονοοῦντες
610 1068 751 1137 διαγωγῆς
775 1085 848 1128 τινος
872 1067 959 1120 ἕνεκεν
984 1066 1044 1119 δεῖν
1068 1074 1150 1118 τοῦτο
1175 1065 1299 1127 ποιεῑνη

178 1158 264 1210 ῖίλλου
282 1159 363 1218 τινὸς-
375 1159 463 1226 τούτῳ
478 1160 675 1228 παραπλησίου
692 1160 739 1208 καὶ
759 1158 808 1208 τὸν
826 1157 891 1208 ὅλον
909 1161 971 1223 βίον
986 1156 1057 1206 οὑτω
1071 1174 1129 1214 πως
1144 1153 1298 1206 διελκύσαι·

178 1245 262 1300 τοῦτο
281 1242 309 1298 δ’
328 1247 410 1309 ἔστιν,
431 1249 466 1298 εῖν
484 1255 581 1316 σαφῶς
599 1249 735 1317 θεωρηθῇ,
754 1245 853 1310 ἡδέως·
888 1246 921 1296 οὑ
943 1245 998 1315 γὰρ
1023 1243 1068 1296 δεῖ
1084 1244 1233 1295 λανθάνειν
1252 1241 1300 1306 τὴν

178 1335 315 1388 ὑπόνοιαν
341 1337 443 1400 αὐτῶν,
473 1338 585 1387 πολλῶν
605 1335 658 1406 μὲν
683 1345 780 1404 σαφῶς
803 1343 885 1386 τοῦτο
904 1335 1051 1402 λεγόντων,
1081 1333 1130 1384 οὐκ
1148 1332 1248 1399 ὀλίγων
1266 1324 1297 1382 δ’
1337 1375 1338 1378 ,
1410 1353 1412 1358 ’

177 1424 350 1495 ἀδηλότερον.

128 1600 180 1648 aas,
245 1584 336 1666 Diog.
352 1583 416 1646 VH
432 1591 484 1648 40.
531 1579 706 1663 Εἱκάζονσι
729 1580 765 1648 δὲ
787 1577 861 1668 {qim
884 1582 942 1668 τήν
956 1577 1164 1669 φιλοσοφίαν,
1188 1576 1298 1655 δοιοῖς
1311 1576 1510 1681 pffiffiffiffi

176 1688 237 1773 μὲν
260 1687 317 1754 καῖ
340 1691 461 1775 νεύροις
489 1690 527 1754 τό
550 1689 679 1774 λογικόν
701 1699 973 1776 προσομοιοῦντες
980 1729 991 1768 ,-
1018 1691 1088 1765 τοῖς
1111 1685 1147 1752 δὲ
1164 1707 1298 1772 Ισαρκω-
1370 1685 1393 1727 θ*
1406 1685 1457 1727 ⁰¹⁶⁰

178 1793 340 1882 δεστέροις
363 1797 401 1861 τὸ
424 1795 551 1884 ἠθικόν,
575 1794 618 1886 τῇ
642 1795 678 1862 δὲ
702 1795 792 1884 ψυχῇ
811 1798 853 1861 τό
876 1793 1021 1883 φυσικόν.
1068 1795 1087 1885 ἢ
1112 1793 1214 1887 πάλιν
1230 1791 1299 1880 dipl·
1353 1807 1355 1812 '

177 1905 219 1968 τά
249 1903 309 1986 μὲν
336 1904 396 1990 γάρ
425 1902 518 1980 ἐκτὸς
548 1895 631 1968 εἶναι
661 1905 699 1969 τὸ
730 1903 873 1988 λογικόν,
904 1904 947 1967 τά
971 1900 1007 1967 δὲ
1029 1888 1239 1984 μετάτάὑτα
1262 1901 1300 1966 τὸ

178 2010 305 2099 ἠθικὸν,
329 2012 370 2076 τά
394 1999 428 2075 δ’
447 2009 599 2075 ἐσωτάτω
622 2012 660 2077 τὸ
683 2011 828 2098 φυσικόν.
867 2007 998 2098 ἢάγρῷ
1021 2009 1206 2097 παμφόρῳ·
1245 1997 1300 2074 τόν

167 2114 237 2199 ’μὲν
260 2115 533 2205 περιβεβλημένον
556 2119 707 2205 φραγμὸν
730 2118 768 2182 τὸ
792 2116 937 2200 λογικόν,
968 2117 1023 2182 τὸν
1052 2114 1089 2180 δὲ
1112 2116 1241 2204 καρπὸν
1262 2116 1301 2180 τὸ

178 2223 305 2312 ἠθικόν,
337 2226 395 2311 τὴν
418 2223 454 2289 δὲ
477 2237 533 2312 γῆν
556 2224 576 2311 ἢ
599 2226 641 2288 τά
664 2222 779 2311 δένδρα
803 2225 841 2289 τὸ
865 2221 1029 2310 φυσικόνῦ.
1076 2222 1215 2311 ἢπόλει
1239 2247 1299 2286 κα-

180 2331 245 2408 λῶς
278 2329 495 2418 τετειχισμένῃ
526 2330 582 2395 καὶ
612 2333 698 2396 κατὰ
728 2331 823 2416 λόγον
852 2328 1064 2418 διοικουμένῃ.
1111 2327 1167 2394 καὶ
1202 2327 1300 2394 οὐθὲν

177 2435 277 2524 μέρος
303 2449 361 2504 τοῦ
392 2435 500 2525 ἑτέρον
516 2421 766 2526 προκεκρίσθαι
783 2442 803 2518 ¹,
839 2437 932 2503 καθά
955 2461 1038 2515 τινες
1061 2435 1167 2502 αὑτῶν
1190 2459 1299 2524 φασιν,

131 2550 133 2578 ³
179 2525 264 2609 άλλά
287 2549 449 2628 μεμῖχθαι
474 2543 566 2610 αὑτά.
606 2544 663 2610 καὶ
686 2547 743 2633 τὴν
767 2545 953 2632 παράδοσιν
975 2547 1093 2632 μικτὴν
1116 2539 1276 2608 ἔποίουνῦ.

251 2701 280 2744 a.
307 2686 344 2741 cf.
364 2687 440 2740 Philo
459 2687 491 2740 ue
509 2687 638 2754 Agricola.
652 2687 674 2741 ἐ
693 2705 718 2757 p.
738 2689 792 2742 soa
804 2661 929 2754 'nangae

177 2779 182 2784 Ι
250 2792 281 2847 l).
307 2792 345 2847 Cf.
366 2793 436 2848 Scit.
455 2793 541 2847 Math.
555 2793 607 2846 VH
621 2795 655 2847 19
676 2797 797 2865 τὰμέρη
817 2804 862 2861 τῆς
882 2798 1052 2865 φιλοσοφίας
1071 2795 1211 2866 ἀχώριστά
1225 2795 1301 2846 ἐστιν

180 2884 316 2950 ariera,
343 2883 412 2952 quon
432 2883 511 2936 etiem
530 2883 749 2936 similitudinibus
767 2883 822 2936 nus
841 2900 872 2936 ex
890 2883 1123 2953 paraeneseos.
1161 2865 1236 2934 huin
1253 2873 1301 2949 igi-

178 2974 225 3024 tur
244 2971 325 3026 trium
343 2973 449 3024 illarum
468 2971 648 3042 philosophiae
666 2972 783 3042 partium
802 2973 842 3024 ita
860 2973 1037 3042 principatum
1056 2971 1225 3026 tribuendum
1243 2977 1300 3024 ess'o

177 3061 331 3127 censebant,
346 3065 382 3114 ‘ut
400 3061 470 3114 idem
490 3079 592 3130 semper
609 3062 636 3117 iu
656 3061 785 3116 tradenda
803 3061 969 3132 philosophia
986 3063 1102 3132 partium
1121 3065 1197 3115 tenor
1215 3061 1301 3117 obser·

177 3153 299 3216 veretur,
324 3150 355 3204 cf.
375 3151 451 3226 Diog.
476 3150 596 3216 vl141;
622 3151 693 3204 Sext.
711 3151 797 3204 Math.
825 3151 876 3204 VII
895 3135 992 3222 22sq.;
1024 3153 1050 3206 Z.
1070 3152 1110 3206 III
1130 3152 1164 3204 1³
1179 3154 1221 3206 61.
1257 3152 1301 3206 lte

157 3291 160 3298 Α
176 3237 342 3320 Chrysippus
362 3256 402 3308 ap.
422 3240 494 3292 Plut.
514 3239 546 3292 de
565 3239 643 3293 Stolo.
662 3241 727 3310 Rep.
747 3242 774 3306 9,Ι
791 3242 808 3294 2
827 3259 852 3310 p.
874 3241 943 3294 1035
963 3244 1142 3316 πρῶτονμὲν
1162 3239 1210 3294 οὑν
1224 3243 1301 3318 δοκεῖ

177 3350 228 3400 μοι
246 3329 317 3382 κατὰ
337 3331 370 3381 τά
390 3331 480 3400 ὀρθῶς
501 3331 553 3382 ὑπό
569 3341 622 3382 τῶν
641 3332 764 3403 ἀρχαίων
782 3335 910 3399 εἰρημένα
926 3337 987 3400 τρία
1002 3335 1065 3398 γένη
1085 3341 1139 3381 τῶν
1157 3341 1206 3383 τοι)
1222 3336 1299 3401 φιλο·

176 3420 271 3488 ’σόφου
289 3421 477 3490 θεωρημάτων
496 3419 573 3482 εἶναι,
599 3421 632 3472 τά
650 3402 704 3491 μὲὺ
722 3422 828 3488 λογικά,
853 3421 887 3472 τὰ
906 3419 936 3472 δὲ
957 3421 1046 3486 ἠθικά,
1071 3419 1105 3471 τά
1130 3419 1161 3471 δὲ
1181 3418 1299 3490 φυσικά

176 3489 238 3560 'elsa
266 3511 372 3560 τούτων
400 3509 460 3562 δεῖν
488 3511 638 3561 τάττεσθαι
666 3517 773 3580 πρῶτα
788 3511 841 3580 μὲν
868 3509 902 3560 τά
930 3511 1039 3577 λογικά,
1068 3507 1182 3579 δεύτερα
1211 3509 1300 3561 δὲτὰ

174 3597 274 3662 ἠθικά,
294 3602 372 3667 τρίτα
392 3598 422 3650 δὲ
443 3598 484 3650 τὰΔ
496 3599 614 3668 φυσικά
642 3605 694 3650 τῶν
711 3597 744 3650 δὲ
764 3608 889 3668 φυσικῶν
908 3597 1025 3667 ἔσχατος
1043 3596 1113 3650 εἶναι
1132 3599 1148 3648 ό
1167 3601 1301 3668 περὶτῶν

178 3692 252 3744 θεῶν
280 3687 379 3753 loyor,
401 3685 497 3754 quibus
520 3685 596 3738 addit
619 3685 792 3739 Plutarchus:
819 3687 864 3739 διὸ
889 3691 935 3739 καὶ
955 3687 1062 3746 τελετὰς
1081 3687 1234 3758 ἠγόρενσαν
1252 3687 1301 3746 τὰς

179 3776 286 3826 τούτων
300 3775 478 3844 παραδόσεις.
512 3773 725 3844 ¹Quamquamin
744 3774 857 3827 docendo
876 3775 955 3827 etiam
974 3773 1148 3844 aChrysippo
1167 3773 1299 3843 physicam

179 3866 241 3920 ante
259 3861 374 3914 ethicam
392 3862 548 3931 explicatam
568 3879 625 3915 esse
644 3865 756 3929 constat,
776 3881 799 3917 v.
819 3863 894 3932 Diog.
914 3863 1019 3918 v1140
1043 3868 1121 3917 άλλοι
1140 3865 1170 3918 δὲ
1191 3875 1299 3935 πρῶτον
1320 3863 1323 3868 “

177 3953 231 4022 μὲν
249 3953 281 4004 τὸ
300 3954 411 4019 λογικὸν
430 3956 568 4014 τάττουσι,
589 3952 717 4023 δεύτερον
735 3953 767 4006 δὲ
782 3938 814 4006 τὸ
829 3937 948 4024 φασικόν
966 3960 1012 4006 καὶ
1031 3961 1123 4028 τρίτον
1143 3956 1173 4006 τὸ
1188 3947 1297 4020 ἠθικόν·

177 4035 217 4092 ὧν
234 4043 293 4094 ἐστὶ
314 4043 410 4106 Ζήνων
424 4043 453 4093 ἰν
472 4044 509 4108 τηῖ
529 4045 590 4114 περὶ
609 4043 695 4110 λόγον
712 4045 759 4094 καῖ
782 4045 957 4113 Χρύσιππος.
1001 4042 1038 4096 Cf.
1058 4043 1141 4112 ipsius
1159 4041 1299 4110 Chrysippi

177 4129 257 4181 verba
272 4145 316 4198 ap.
336 4129 408 4182 Plut.
428 4129 446 4182 l.
465 4129 483 4182 l.
503 4130 528 4194 9,
546 4129 578 4182 4:
607 4132 640 4184 ού
668 4132 722 4201 γάρ
746 4131 822 4187 ἔστιν
845 4132 933 4201 εὑρεῖν
957 4141 1003 4197 τῆς
1022 4131 1199 4197 δικαιοσύνης
1217 4133 1299 4197 άλλην

177 4220 265 4290 Ιἀρχὴν
294 4214 357 4286 οὐδ’
381 4223 464 4284 άλλην
491 4224 598 4288 γε’νεσιν
626 4221 709 4286 lirim
736 4222 764 4273 la
792 4229 841 4272 τοὺ
860 4223 928 4280 Διὸς
954 4225 1001 4274 καῖ
1026 4222 1074 4286 την
1098 4223 1127 4274 ἐκ
1145 4231 1191 4288 της
1209 4230 1299 4288 κοινῆς

178 4311 296 4392 φύσεως.
317 4337 351 4345 -
379 4311 412 4361 οὑ
431 4311 485 4380 γάρ
501 4310 580 4378 Ιἔστιν
599 4311 685 4390 άλλως
705 4303 768 4362 οὐδ’
788 4310 950 4382 οἰκειότερον
968 4311 1096 4363 ἐπελθεῖν
1114 4311 1161 4362 ἐπὶ
1180 4311 1228 4362 τόν
1246 4319 1299 4363 τῶν

176 4421 391 4434 ——n———nn—

253 4505 279 4569 1)
299 4509 497 4578 προκεκρίσθαι
515 4503 593 4556 libri:
613 4507 812 4578 ἀποκεκρίσθαι
831 4503 920 4558 Cobet
973 4546 974 4550 ,
