3148 4984
514 345 673 398 Iambiiehus
692 347 798 416 eiusque
817 347 946 417 discipuli.
1235 347 1289 407 551

119 520 159 562 ιιι
236 503 284 566 Ι)ε
307 503 440 586 Mysten.
463 507 540 586 Aeg.
562 505 580 568 I
605 514 645 572 17
669 526 699 588 p.
726 515 767 573 50
791 507 826 571 P.
873 508 1121 592 Μεταλόβωμεν
1144 506 1198 576 σόν
1217 509 1289 577 ἀντὶ
1317 509 1453 616 ξοζξρξζξξθ

168 609 290 697 ταύτης
306 612 375 698 (της
391 609 614 699 διαιρέσεως)“
639 613 725 696 δ’περ
741 612 911 701 ἠπόρηοας
933 615 1018 701 πρὸς
1041 617 1098 703 τὴν
1119 627 1290 704 παροῦσαν

170 715 276 795 δόξαν.
301 730 375 794 πῶς
398 719 459 804 γὰρ
483 718 522 806 δὴ
546 717 636 806 ἥλιός
659 718 775 784 τεκαὶ
798 721 913 808 σελήνη
937 723 1023 786 κατὰ
1045 725 1102 788 τόν
1124 725 1180 820 agia
1195 724 1290 810 λόγον

169 821 226 888 καί
256 819 288 890 οῖ
317 822 351 888 ἐν
381 823 505 912 οὐρανῷ
536 823 690 913 ἐμφανεῖς
719 822 849 892 ἔσονται
871 825 957 909 θεοί,
981 825 1010 893 εί
1033 827 1204 912 όσώματοί
1225 827 1289 898 εἰσι

168 929 273 1013 μόνως
303 927 334 996 οῖ
364 927 457 1012 θεοῖς
489 932 542 998 ότι
572 933 611 1020 δη
641 931 679 998 οδ
707 932 914 1017 περιέχονται
942 935 1009 1002 ὑπὸ
1032 949 1097 1000 τῶν
1120 936 1288 1020 σωμάτων,

169 1035 277 1124 φαμέν
300 1039 408 1125 ἡμεῖς,
440 1036 523 1102 ἀλλὰ
552 1041 627 1116 ταῖς
649 1036 763 1117 θείαις
791 1039 892 1120 ζωαῖς
915 1039 973 1106 καὶ
996 1039 1170 1129 ἐνεργείαις
1192 1067 1289 1131 περι-

169 1141 277 1224 έχουσι
296 1145 502 1226 τὰσώματα,
525 1143 584 1210 καί
607 1145 658 1210 ότι
681 1144 826 1232 οδπρὸς
841 1148 879 1212 τὸ
902 1159 998 1230 σῶμα
1022 1146 1287 1238 ἐπιστρέφονται,

169 1249 252 1314 ἀλλὰ
275 1251 313 1316 τὸ
335 1263 431 1332 σῶμα
454 1246 579 1331 ἐχουσιν
603 1250 876 1340 ἐπιστρεφόμενον
899 1249 946 1331 είς
968 1255 1026 1342 την
1047 1251 1145 1320 θείαν
1168 1253 1287 1338 αἰτίαν,

169 1355 226 1420 καί
249 1356 301 1422 ότι
323 1358 381 1445 τὴν
403 1359 513 1443 νοεράν
536 1355 721 1424 αὐτῶνκαὶ
744 1357 918 1442 ἀσώματον
940 1359 1126 1450 τελειότητα
1150 1361 1207 1428 οὐκ
1230 1362 1288 1446 ἐμ-

170 1461 300 1544 ποδίζει
322 1465 360 1528 τὸ
383 1477 479 1546 σῶμα
503 1462 577 1530 οὐδὲ
598 1464 722 1548 μεταξὺ
745 1469 985 1552 παρεμπῖπτον
1008 1467 1188 1554 πράγματα
1205 1468 1289 1558 αὐτῇ

169 1568 322 1656 παρέχει·
345 1570 424 1636 ὅθεν
440 1569 480 1658 δὴ
495 1569 570 1636 οὐδὲ
593 1571 700 1638 δεῖται
723 1569 873 1650 πλείονος
896 1571 1093 1656 ἐπιμελείας,
1118 1573 1289 1664 αὐτοφυῶς

169 1674 206 1742 δέ
227 1674 286 1740 καί
308 1676 433 1763 τρόπον
455 1676 547 1742 ταδί
563 1673 980 1765 αὐτοκινήτωςσυνέπεται
993 1677 1054 1745 οὐκ
1077 1679 1289 1770 αότουργικης

170 1782 316 1866 δεόμενον
346 1781 560 1864 ἐπιστασίας,
591 1778 635 1872 τῇ
664 1783 702 1849 δέ
735 1785 820 1870 πρὸς
848 1787 886 1850 τὸ
920 1781 954 1850 ἐν
987 1799 1053 1851 τῶν
1087 1793 1175 1853 θεῶν
1209 1789 1289 1854 α’να-

169 1891 256 1978 γωγῇ
278 1887 335 1954 καί
366 1888 445 1955 αὐτὸ
468 1880 527 1978 όφ)
547 1886 663 1958 ἑαυτοῦ
684 1891 859 1974 μονοειδῶς
881 1893 1162 1980 συνεπαιρόμενον.
1200 1891 1229 1960 εί
1252 1894 1289 1960 δὲ

169 1997 219 2061 δεῖ
234 1995 292 2062 καὶ
307 2007 402 2062 τοῦτο
419 1993 532 2078 εἰπεῖν,
556 1998 594 2062 τὸ
610 1995 758 2084 οὐράνιον
780 2010 876 2081 σῶμα
901 1999 985 2086 πρὸς
1008 1997 1107 2086 αὐτὴν
1128 2001 1186 2088 τὴν
1201 1999 1287 2064 ἐσιό-

169 2126 272 2186 ματον
301 2099 414 2169 οὐσίαν
443 2116 508 2167 τῶν
539 2109 627 2168 θεῶν
650 2101 720 2168 ἐστι
743 2101 1007 2188 συγγενέστατον·
1043 2115 1123 2187 μιᾶς
1144 2104 1205 2187 μὲν
1226 2107 1287 2193 γὰρ

169 2207 291 2298 ἐκείνης
325 2207 421 2298 α’όσης
452 2199 531 2275 αὐτὸ
561 2209 687 2274 ἁπλοῦν
709 2206 812 2290 ἐστιν,
847 2207 1021 2296 ἀμερίστου
1045 2209 1083 2276 δέ
1104 2209 1288 2296 ἀδιαίρετον

169 2315 226 2382 καὶ
249 2315 413 2404 δτρέπτου
438 2316 592 2394 ὡσαύτως
615 2313 842 2381 ἀναλλοίωτον.
878 2354 920 2364 -
956 2316 1071 2404 διόπερ
1095 2307 1166 2384 οὐδ’
1186 2320 1230 2396 ὡς
1253 2317 1289 2398 ἐξ

170 2419 321 2488 ἐναντίων
343 2421 400 2488 καί
424 2421 643 2510 διαφερόντων
666 2420 737 2488 οότε
759 2423 797 2487 τὸ
812 2435 908 2506 σῶμα
932 2421 1038 2488 αὐτῶν
1060 2422 1287 2512 συγκέκραται,

169 2531 280 2618 ὥσπερ
304 2529 343 2618 δὴ
366 2530 404 2594 τδ
427 2527 579 2616 ἡμέτερον
602 2525 795 2594 συνίσταται
817 2542 925 2612 σῶμα,
957 2526 1029 2595 οότε
1051 2531 1180 2618 ἡψυχὴ
1203 2532 1288 2618 πρὸς

169 2638 207 2702 τὸ
229 2649 324 2720 σῶμα
348 2635 510 2724 συνεπάγη
534 2631 581 2714 εἷς
595 2631 629 2702 ἓν
644 2635 681 2701 ἐκ
697 2635 753 2700 δόο
776 2634 867 2722 ζηῖον,
891 2625 966 2700 ἀλλ’
985 2635 1084 2719 δ’μοια
1107 2636 1215 2726 πάντη
1230 2635 1288 2702 καί

169 2741 372 2832 συνηνωμένα
403 2730 452 2807 δι’
470 2741 553 2808 δ’λων
582 2765 617 2807 τε
640 2741 701 2807 ὅλα
724 2740 783 2806 καί
804 2742 954 2830 μονοειδῆ
976 2739 1035 2807 καί
1058 2741 1223 2808 ἀσύνθετα
1245 2743 1288 2808 τδι

169 2839 247 2916 κατ’
267 2848 399 2936 οὐρανόν
422 2861 486 2914 τῶν
507 2853 595 2914 θεῶν
618 2846 688 2914 ἐστι
712 2847 808 2934 {siat
848 2861 913 2913 τῶν
934 2846 994 2931 μὲν
1015 2851 1076 2936 γὰρ
1100 2849 1288 2936 κρειττόνων

169 2955 202 3023 ἐν
219 2955 331 3033 αὐτοῖς
354 2953 405 3022 ἀεὶ
427 2954 645 3044 ὑπερεχόντων
667 2954 829 3036 ὡσαότως,
853 2967 918 3019 τῶν
941 2952 977 3019 δέ
1000 2953 1179 3020 ἐλαττόνων
1194 2953 1288 3043 ἐξηρ-

169 3061 312 3151 τημένων
334 3074 391 3150 της
414 3075 479 3127 τῶν
501 3060 718 3148 κρειττόνων1
741 3060 839 3149 ἀρχῆς
861 3059 920 3126 καί
943 3057 1102 3127 οὐδέποτε
1124 3059 1223 3150 αὐτὴν
1242 3057 1289 3140 εἷς

170 3166 270 3236 ἐαυτδι
304 3168 572 3248 κατατεινόντων,
608 3181 672 3232 τῶν
695 3155 732 3232 δ’
750 3167 834 3232 ὅλων
867 3163 914 3244 εἰς
941 3163 1022 3251 μίαν
1051 3167 1202 3246 σύνταξιν
1230 3166 1289 3234 καὶ

167 3275 248 3361 μίαν
271 3273 454 3342 συντέλειαν
476 3272 697 3359 συναγομένων
723 3271 782 3340 καὶ
804 3272 927 3362 τρόπον
949 3275 1022 3338 τινὰ
1045 3271 1177 3339 πόντων
1199 3273 1288 3340 ἀσω-

168 3382 280 3467 μάτων
309 3379 408 3446 όντων
437 3379 495 3446 καί
523 3386 611 3447 θεῶν
634 3369 680 3446 δι’
700 3380 774 3446 ὅλου
781 3431 790 3461 ,
826 3379 942 3464 [διότι]
971 3380 1009 3446 τὸ
1032 3382 1126 3446 θεῖον
1147 3371 1232 3458 εἶδος
1254 3377 1289 3446 ἐν

169 3489 282 3566 αὐτοῖς
299 3487 508 3575 ἐπικρατοῦν
531 3476 579 3552 δι’
598 3487 682 3552 ὅλων
711 3489 769 3575 τὴν
792 3485 892 3575 αὐτὴν
921 3495 1090 3567 πανταχοῦ
1112 3484 1189 3574 όλην
1208 3483 1289 3569 μίαν

169 3593 281 3662 οόσίαν
310 3591 486 3682 ἐντίθησιν.
523 3594 607 3658 οὕτω
636 3592 695 3676 μὲν
725 3589 780 3658 οὖν
809 3588 841 3658 οῖ
864 3579 940 3658 κατ’
969 3590 1103 3678 οὐρανὸν
1132 3590 1287 3679 ἐμφανεῖς

168 3699 245 3768 θεοί
267 3699 305 3767 τέ
327 3697 391 3767 εἶσι
415 3700 536 3778 πάντες
559 3698 617 3764 καί
639 3699 764 3786 τρόπον
786 3700 860 3764 τινὰ
877 3697 1081 3782 Ιδσιόματοιᾱ.

240 3840 269 3880 ιι.
289 3823 426 3894 Superiora
445 3823 530 3893 capita
555 3815 782 3876 demonstraverat
805 3823 1002 3876 distinctionem
1020 3822 1091 3876 intsr
1109 3821 1241 3892 corporale
1259 3823 1288 3874 st

167 3914 328 3984 incorporale
346 3929 399 3966 non
416 3929 492 3982 posse
511 3912 545 3965 ad
564 3911 739 3966 differentiam
757 3911 865 3966 deorum
883 3914 911 3964 st
930 3910 1084 3964 daemonum
1102 3909 1200 3976 referri,
1226 3909 1288 3978 quia

167 4004 217 4056 hac
241 4003 342 4056 ratione
366 4001 398 4055 ab
417 4001 501 4054 altera
518 4003 595 4071 parts
619 4000 647 4054 di
665 4003 694 4054 at
711 4001 781 4053 linea
804 4003 832 4052 st
850 4003 968 4069 tompus,
996 3999 1029 4052 ab
1048 3997 1132 4052 altera
1150 3997 1287 4052 daemonas

168 4094 196 4144 st
213 4091 283 4159 ignis
302 4093 330 4143 st
347 4105 415 4160 aqua
433 4089 467 4142 ad
485 4090 555 4143 idam
573 4105 657 4158 genus
676 4089 761 4142 redire
778 4089 938 4142 viderentur.

238 4195 270 4252 b.
289 4195 358 4250 Nam
376 4198 453 4265 patet
470 4195 607 4249 materiam
625 4211 677 4250 non
695 4212 772 4266 possa
790 4212 839 4249 sua
857 4197 950 4266 sponte
968 4193 1073 4248 moveri.

238 4316 265 4356 a.
284 4301 445 4370 Porphyrius
459 4301 501 4368 (ef.
516 4307 559 4354 a?
573 4301 659 4368 basa)
678 4301 740 4354 deos
758 4303 833 4354 ratus
852 4317 908 4354 essa
927 4300 1091 4354 substantias
1108 4315 1188 4368 puras
1207 4301 1287 4368 atqua

239 4461 268 4526 1)
284 4464 445 4535 κρειττόνων
462 4461 516 4514 sod.
535 4461 629 4514 Bam:
648 4465 787 4541 προτέρων
804 4460 890 4528 vulgo.

1016 4547 1073 4601 36*
