3156 4988
676 326 777 380 Ethica.
1232 323 1285 384 357

89 519 91 522 ·
165 487 262 553 πόλει
285 485 342 552 καί
365 489 435 565 τοῖς
457 495 662 551 κοινωνοῦσιν
685 484 792 574 αότης.
840 485 917 552 ὅταν
940 485 977 552 δέ
999 487 1037 552 τδ
1053 487 1185 575 πλῆθος
1201 487 1285 575 πρὸς

165 595 203 659 τὸ
227 594 335 659 κοινὸν
358 592 571 681 πολιτεύηται
594 591 772 680 συμφέρον,
809 593 959 658 καλεῖται
988 594 1027 658 τὸ
1054 593 1161 659 κοινὸν
1183 589 1285 676 ὄνομα

165 712 283 765 πασῶν
311 712 376 764 τῶν
406 699 596 780 πολιτειῶν,
632 697 841 765 πολιτεία.
887 696 1056 784 συμβαίνει
1080 690 1112 764 δ’
1132 698 1285 784 εόλόγως·

166 804 222 871 ἕνα
255 804 315 889 μὲν
351 807 411 893 γάρ
446 803 612 894 διαφέρειν
646 795 724 871 κατ’
751 805 864 894 ἀρετὴν
899 807 919 894 ἢ
954 802 1081 891 ὀλίγους
1115 801 1285 888 ἐνδέχεται,

166 909 301 990 πλείους
335 900 368 977 δ’
387 910 447 1000 ἤδη
480 912 624 993 χαλεπὸν
658 911 868 1001 ἠκριβῶσθαι
903 914 987 999 πρὸς
1021 923 1134 977 πᾶσαν
1163 911 1286 1001 ἀρετήν,

166 1018 251 1084 ἀλλά
273 1018 419 1102 μάλιστα
442 1019 500 1106 τὴν
522 1018 719 1108 πολεμικήν·
748 1020 829 1107 αὕτη
854 1020 914 1106 γὰρ
938 1017 971 1084 έν
986 1019 1112 1107 πλήθει
1135 1015 1285 1104 γίγνεται.

167 1123 284 1212 διόπερ
308 1126 393 1190 κατὰ
415 1125 535 1213 ταύτην
559 1126 615 1213 τὴν
638 1122 812 1190 πολιτείαν
835 1125 1035 1211 κυριώτατον
1057 1126 1095 1190 τδ
1118 1125 1286 1212 προπολε-

165 1241 256 1314 μοῦν,
279 1229 337 1296 καὶ
358 1229 544 1314 μετέχουσιν
567 1229 666 1318 αότης
689 1227 720 1297 οἱ
744 1230 932 1319 κεκτημένοι
955 1233 996 1296 τά
1020 1231 1135 1296 ὅπλαλ.
1162 1255 1286 1318 παρεκ-

166 1335 279 1420 βάσεις
302 1335 338 1402 δὲ
360 1349 425 1402 τῶν
448 1333 620 1424 εἰρημένων
642 1336 790 1425 τυραννίς
811 1336 871 1421 μέν
892 1334 1077 1421 βασιλείας,
1113 1334 1283 1423 ὀλιγαρχία
1310 1353 1433 1404 decenum
1505 1359 1506 1364 ’

166 1441 204 1509 δέ
238 1439 505 1530 ἀριστοκρατίας,
541 1440 744 1531 δημοκρατία
779 1442 816 1510 δέ
850 1441 1030 1522 πολιτείας.
1082 1445 1100 1531 ἡ
1134 1442 1194 1527 μὲν
1227 1445 1287 1530 γάρ

167 1545 362 1637 τυραννίς
392 1547 462 1614 ἐστι
484 1546 645 1636 μοναρχία
669 1551 753 1637 πρὸς
775 1551 814 1616 τὸ
836 1548 1000 1638 συμφέρον
1028 1551 1066 1616 τὸ
1088 1559 1146 1616 τοῦ
1166 1575 1288 1637 μοναρ-
1372 1602 1382 1625 ,

166 1665 308 1736 χοῦντος,
332 1657 352 1744 η
375 1643 410 1720 δ’
429 1651 650 1743 ὀλιγαρχία
674 1657 759 1743 πρὸς
781 1657 819 1721 τδ
842 1668 907 1721 τῶν
929 1655 1091 1743 εὐπόρων,
1115 1658 1134 1744 ἦ
1158 1654 1195 1722 δὲ
1217 1657 1288 1744 δη-

167 1758 349 1848 μοκρατί
356 1785 378 1826 α
402 1762 487 1847 πρὸς
509 1763 547 1826 τὸ
570 1760 735 1850 συμφέρον
756 1763 794 1827 τὸ
817 1775 882 1826 τῶν
897 1761 1046 1850 ἀπόρων·
1093 1764 1177 1849 πρὸς
1200 1761 1288 1828 δὲτὸ

167 1867 216 1954 τῷ
238 1867 336 1953 κοινῷ
360 1868 543 1933 λυσιτελοῦν
567 1865 700 1950 οὐδεμία
724 1867 837 1933 αὐτῶν.

85 2062 158 2103 ³⁴4ss
235 2046 282 2110 Ib.
305 2045 352 2109 IV
378 2055 407 2111 8.
438 2053 544 2111 1294³
569 2053 596 2110 9.
642 2047 741 2110 Δοκεῖ
775 2043 812 2110 δέ
844 2042 1079 2132 ἀριστοκρατία
1113 2043 1172 2128 μὲν
1205 2037 1289 2110 εἶναι
1316 2063 1450 2113 temporum

168 2151 314 2238 μάλιστα
337 2151 375 2216 τὸ
397 2151 457 2228 τὰς
480 2151 578 2232 τιμὰς
601 2155 795 2238 νενεμῆσθαι
819 2139 897 2216 κατ’
915 2151 1046 2238 ἀρετήν·
1093 2150 1289 2237 ἀριστοκρα-

169 2254 244 2335 τίας
265 2255 408 2344 μὲνγὰρ
432 2255 507 2343 ὅρος
530 2255 642 2344 ἀρετή,
674 2253 862 2342 ὀλιγαρχίας
884 2255 921 2324 δέ
944 2258 1102 2336 πλοῦτος,
1126 2255 1228 2345 δήμου
1252 2246 1285 2322 δ’

170 2359 351 2450 ἐλευθερία.
373 2401 412 2408 -
437 2361 510 2427 ἐπεὶ
533 2361 570 2427 δέ
592 2359 668 2448 τρία
692 2361 762 2428 ἐστὶ
784 2364 826 2427 τὰ
848 2361 1115 2451 ἀμφισβητοῦντα
1139 2374 1196 2450 της
1219 2359 1290 2428 ίσό·

170 2493 267 2558 τητος
290 2480 348 2556 της
370 2465 549 2547 πολιτείας,
574 2465 753 2556 ἐλευθερία,
778 2469 928 2548 πλοῦτος,
952 2468 1048 2557 ἀρετή
1080 2470 1130 2553 (τὸ
1154 2471 1214 2557 γάρ
1237 2466 1292 2535 τέ-

170 2599 304 2663 ταρτον,
328 2571 347 2639 ὃ
369 2575 525 2640 καλοῦσιν
547 2572 719 2659 εὐγένειαν,
744 2573 922 2640 ἀκολουθεῖ
944 2578 1015 2653 τοῖς
1038 2572 1143 2640 δυσίν·
1189 2577 1208 2663 ἦ
1231 2560 1291 2663 γάρ

169 2679 310 2767 εόγένειά
333 2678 421 2746 ἐστιν
444 2679 577 2765 ἀρχαῖος
605 2671 747 2758 πλοῦτος
770 2679 827 2746 καί
850 2681 968 2769 ἀρετή),
999 2683 1137 2769 φανερὸν
1160 2681 1212 2747 ὅτι
1235 2683 1292 2770 τὴν

170 2787 231 2872 μέν
252 2791 323 2854 τοῖν
346 2786 437 2852 δυοῖν
460 2786 557 2870 μῖξιν,
582 2800 646 2851 τῶν
668 2785 815 2873 εὐπόρων
838 2786 895 2852 καί
918 2801 982 2852 τῶν
1004 2787 1148 2875 ἀπόρων,
1172 2788 1292 2853 πολι-

171 2891 236 2960 τεί
246 2919 292 2958 αν
315 2892 451 2973 λεκτέον,
474 2896 532 2980 τὴν
555 2892 591 2958 δέ
606 2907 671 2958 τῶν
686 2907 785 2980 τριῶν
800 2893 1133 2981 ἀριστοκρατίαν
1146 2895 1292 2978 μάλιστα

172 3013 237 3065 τῶν
261 2998 368 3064 ὀίλλων
391 3001 485 3085 παρὰ
509 3001 565 3087 τὴν
588 2999 747 3088 ἀληθινὴν
771 2999 826 3064 καὶ
851 3001 1012 3089 πριότηνᾱ.

247 3173 275 3213 8.
294 3159 351 3212 Pol,
370 3158 408 3210 IV
428 3160 469 3212 14.
490 3158 578 3212 12971‘
598 3159 632 3212 37
658 3162 716 3212 ἔστι
741 3160 775 3225 δη
803 3165 863 3231 τρία
887 3163 973 3234 μόρια
999 3173 1052 3214 τῶν
1071 3167 1215 3215 πολιτειῶν
1239 3183 1293 3214 πα·

174 3259 236 3301 σῶν.
254 3277 288 3286 -
307 3249 416 3302 ἔστιδὲ
437 3259 490 3300 τῶν
509 3258 590 3318 τριῶν
609 3251 713 3300 τούτων
732 3248 762 3300 ἓν
778 3249 832 3320 μὲν
851 3254 879 3300 τί
896 3252 927 3302 τὸ
940 3252 1140 3322 βουλευόμενον
1158 3253 1221 3320 περὶ
1240 3261 1294 3302 τῶν

172 3347 278 3400 κοινῶν,
298 3337 427 3410 δεύτερον
446 3337 477 3390 δὲ
496 3337 527 3389 τὸ
546 3341 608 3410 περὶ
627 3338 676 3396 τὰς
696 3339 782 3406 ἀρχάς
800 3339 892 3402 (τοῦτο
908 3339 926 3392 δ
930 3335 938 3354 ’
955 3341 1031 3392 ἐστὶν
1049 3338 1081 3398 ίίς
1096 3339 1141 3391 δεῖ
1152 3342 1198 3391 καὶ
1213 3343 1295 3390 τίνων

173 3426 245 3478 εἶναι
268 3429 376 3496 κυρίας,
396 3429 443 3478 καὶ
462 3430 548 3478 ποίαν
566 3427 628 3478 τινὰ
647 3425 692 3478 δεῖ
710 3432 860 3494 γίγνεσθαι
879 3429 928 3493 τὴν
946 3430 1051 3499 αἵρεσιν
1070 3426 1182 3489 αὐτῶν),
1203 3432 1295 3498 τρίτον

174 3514 206 3566 δὲ
234 3519 262 3565 τί
285 3515 317 3565 τὸ
342 3514 466 3576 δικάζον,
492 3516 587 3586 κύριον
605 3510 634 3566 δ’
652 3515 711 3567 ἐστὶ
736 3517 768 3567 τὸ
790 3517 990 3587 βουλευόμενον
1014 3521 1076 3586 περὶ
1101 3518 1225 3585 πολέμου
1248 3519 1294 3568 καὶ

174 3603 279 3674 εἰρήνης
297 3605 343 3654 καὶ
363 3607 527 3673 συμμαχίας
544 3605 590 3654 καὶ
610 3602 773 3664 διαλύσεως,
792 3607 836 3655 καί
859 3608 920 3674 περὶ
939 3605 1039 3672 νόμων,
1058 3608 1104 3657 καὶ
1124 3608 1185 3676 περὶ
1205 3607 1294 3656 δανεί-

175 3709 225 3743 του
243 3694 290 3742 καὶ
310 3699 398 3760 φυγῆς
416 3694 461 3742 καὶ
482 3689 646 3761 δημεύσεως,
666 3695 710 3742 καὶ
732 3701 785 3742 τῶν
803 3692 933 3743 εὐθυνῶν,

246 3811 278 3868 b.
307 3812 482 3866 Necessitudo
510 3813 638 3882 quaedam
667 3813 808 3866 intereedit
835 3814 905 3867 inter
932 3815 1041 3868 formam
1065 3813 1181 3867 civitatis
1206 3818 1234 3867 et
1257 3815 1295 3868 in-

165 3889 281 3970 'genium
299 3901 397 3970 plebis:
422 3901 597 3954 P01.11117.
618 3901 741 3957 128838
766 3905 928 3968 βασιλευτὸν
953 3905 1007 3976 μὲν
1035 3900 1083 3956 οὖν
1106 3905 1142 3955 τὸ
1169 3905 1296 3956 τοιοῦτόν

175 3992 236 4044 ἐστι
264 3993 371 4057 πλῆθος
399 3990 414 4042 ὃ
442 3995 546 4060 πέφυκε
573 3994 665 4060 φέρειν
690 3994 769 4058 γένος
796 3992 928 4064 ὑπερέχον
952 3988 1013 4044 κατ’
1032 3993 1091 4062 ἀρετ
1099 3992 1129 4055 ην
1148 3993 1216 4062 πρὸς
1234 3993 1295 4060 ἡγε-

176 4085 282 4151 μονίαν
302 4079 450 4144 πολιτικήν,
471 4079 696 4151 ἀριστοκρατικὸν
719 4079 751 4131 δὲ
775 4081 881 4145 πλῆθος
900 4081 915 4131 ὃ
934 4086 1038 4151 πέφυκε
1061 4084 1156 4151 Ιφέρειν
1175 4080 1224 4144 τὴν
1242 4089 1296 4130 τῶν

175 4169 326 4238 ἐλευθέρων
341 4168 427 4239 ἀρχὴν
444 4167 496 4218 ὑπὸ
511 4177 564 4218 τῶν
577 4161 640 4219 κατ’
660 4167 758 4239 ἀρετὴν
771 4168 940 4238 ἡγεμονικῶν
959 4170 1027 4238 πρὸς
1040 4167 1181 4232 πολιτικὴν
1201 4168 1294 4236 ἀρχήν,

177 4256 319 4308 πολιτικὸν
338 4255 369 4307 δὲ
389 4257 494 4321 πλῆθος
513 4256 543 4307 ἐν
560 4241 582 4322 ᾧ
601 4258 704 4324 πέφυκε
724 4255 905 4322 ἐγγίγνεσθαι
921 4261 1026 4322 πλῆθος
1046 4256 1197 4324 πολεμικὸν
1211 4256 1296 4309 δυνά·

175 4363 262 4413 μενον
281 4347 418 4416 ἀρχεσθαι
436 4347 482 4395 καὶ
502 4347 596 4414 ἀρχειν
614 4343 684 4394 κατὰ
703 4345 791 4414 νόμον
809 4344 857 4394 τὸν
874 4341 936 4396 κατ’
954 4347 1036 4405 ἀξίαν
1054 4343 1224 4414 διανέμοντα
1240 4349 1299 4402 τοῖς

176 4434 304 4506 εόπόροις
322 4433 371 4491 τὰς
390 4433 481 4504 ἀρχάς.

216 4535 365 4584 ,σεπτεμ
381 4535 420 4576 τε.
432 4534 480 4576 vn.
1048 4517 1084 4570 24
