3130 4980
308 297 362 358 212
797 302 938 371 Cyrenaici.

308 460 481 550 ἀνάληψιν.
520 462 576 527 τὸν
598 463 700 550 σοφὸν
722 463 802 551 μήτε
831 464 1011 552 φθονήσειν
1032 465 1113 552 μήτε
1135 460 1385 554 ἐρασθήσεσθαι
1408 467 1431 558 ἢ

309 567 610 656 δεισιδαιμονήσειν·
648 565 819 654 γίγνεσθαι
848 571 909 657 γὰρ
938 556 1042 636 rutra
1078 572 1172 659 παρὰ
1189 573 1288 660 κενήν
1318 571 1429 651 δόξαν.

308 674 522 762 λυπήσεσθαι
538 673 650 758 μέντοι
669 674 727 740 καὶ
743 676 966 764 φοβήσεσθαι·
989 690 1135 765 φυσικῶς
1151 679 1210 765 γὰρ
1227 675 1428 763 μίγνεσθαιί).

310 790 360 848 92.
384 781 441 847 καὶ
464 783 519 847 τὸν
542 783 686 848 πλοῦτον
709 781 746 847 δὲ
770 785 942 872 ποιητικὸν
965 785 1077 872 ήδονής
1099 777 1192 864 εἶναι,
1217 783 1253 851 οὐ
1269 774 1311 850 δι’
1330 785 1430 850 αὑτὸν

236 897 240 908 ’
308 883 435 976 αἱρετὸν
456 885 560 954 άνταθ.
609 899 660 955 72.
684 890 725 954 τὰ
748 889 867 977 άριστα
890 888 1065 958 ὑπετίθετο
1088 892 1120 978 (ὁ
1133 881 1368 980 Ἀρίστιππος)
1383 890 1429 979 τῇ

306 993 450 1082 θυγατρὶ
473 984 600 1084 Ἀρήτῃ,
639 1009 807 1061 συνασκῶν
837 995 936 1084 αι’·τήν
958 998 1180 1086 ὑπεροπτικὴν
1204 1008 1267 1064 τοῦ
1289 995 1429 1076 πλέονος

306 1093 397 1166 εἶναι.

139 1275 260 1370 Ἥζξήζιξξ
375 1280 460 1344 stou.
484 1281 565 1344 Fler.
592 1290 648 1356 17,
682 1288 730 1346 18.
775 1270 1007 1368 Ἀριστίππου·
1039 1287 1165 1370 Κρατεῖ
1193 1283 1305 1372 ήδονής
1329 1283 1384 1366 οὐχ
1408 1285 1511 1351 ‹5²⁰⁹ss

307 1384 517 1469 ἀπεχόμενος,
554 1374 629 1450 aar
656 1387 673 1451 ὁ
701 1387 862 1474 χρώμενος
889 1386 968 1473 μία,
997 1390 1041 1477 μή
1073 1390 1349 1479 προεκφερόμενος
1380 1390 1427 1474 δέ,

307 1493 417 1578 ὥσπερ
441 1491 497 1557 καὶ
519 1492 596 1570 νεὼς
619 1491 676 1558 καὶ
690 1495 800 1560 ἵππου
825 1493 879 1576 οὐχ
903 1495 920 1560 ὁ
942 1497 988 1584 μὴ
1002 1493 1172 1584 χρώμενος,
1196 1486 1266 1562 ἄλλ’
1292 1497 1427 1580 ὁμετά-

307 1622 370 1683 γιον
392 1599 471 1664 δ’ποι
493 1600 672 1683 posterae

378 1755 406 1795 8.
426 1742 501 1810 Diog.
520 1742 547 1794 Π
565 1744 607 1797 68.
644 1743 803 1818 Ἐρωτηθείς
823 1765 888 1798 ποτε
907 1748 933 1811 (ὁ
949 1743 1146 1820 Ἀρίστιππος),
1167 1753 1195 1800 τί
1210 1751 1293 1800 πλέον
1312 1749 1429 1818 ἔχουσιν

308 1833 334 1882 οί
344 1832 503 1903 φιλόσοφοι,
524 1833 590 1902 ἔφη·
606 1833 654 1884 ἐάν
669 1836 769 1894 πάντες
785 1837 812 1886 οἱ
826 1836 908 1906 νόμοι
923 1836 1114 1906 ἀναιρεθῶσιν,
1136 1839 1239 1908 ὁμοίως
1252 1839 1427 1910 βιωσόμεθα.

306 1919 345 1972 De
363 1920 465 1990 patriae
484 1937 570 1973 amere
589 1939 611 1973 v.
630 1920 665 1974 ib.
685 1923 728 1976 89.

376 2043 405 2102 t.
431 2045 452 2098 I.
481 2063 503 2100 e.
532 2049 639 2116 propter
670 2048 870 2116 perversitatem
903 2048 989 2102 animi.
1042 2049 1150 2118 Sapiens
1182 2049 1293 2117 invidia,
1328 2068 1428 2120 amors,

306 2135 492 2203 superstitione
516 2135 621 2188 laborat
647 2153 796 2206 nunquam,
822 2137 948 2206 penderet
966 2138 1035 2190 enim
1061 2138 1088 2191 in
1106 2139 1178 2192 hisce
1197 2155 1213 2191 a
1231 2139 1286 2195 sula
1304 2140 1429 2210 opinione

304 2222 389 2276 inani:
410 2223 455 2276 sed
473 2225 570 2277 metuit
588 2229 616 2278 et
634 2225 713 2292 delet,
733 2227 828 2296 quippe
846 2227 874 2279 in
893 2226 987 2296 quibus
1006 2227 1119 2296 pendeat
1137 2245 1152 2280 a
1170 2231 1273 2281 natura.
1294 2257 1328 2266 —
1353 2229 1430 2284 Haec

305 2311 337 2364 de
356 2313 472 2381 sapiente
492 2313 612 2366 doctrina
630 2315 734 2367 videtur
753 2316 786 2367 ad
805 2319 885 2385 caput
904 2320 966 2388 περὶ
985 2328 1039 2370 τῶν
1058 2321 1183 2390 πράξεων
1201 2318 1340 2388 pertinere.

376 2449 402 2490 e.
422 2435 507 2489 Etiam
528 2455 611 2492 mores
630 2442 657 2491 et
675 2440 789 2492 virtutes
808 2457 859 2493 non
878 2459 923 2510 per
942 2459 969 2496 se
988 2442 1170 2508 aestimantur,
1191 2443 1236 2496 sed
1254 2443 1293 2495 ita
1311 2443 1429 2511 demum,

306 2523 328 2576 si
346 2525 495 2594 voluptates
514 2526 573 2580 inde
592 2527 746 2581 efficiuntur.

376 2632 406 2686 (l.
426 2633 541 2686 Virtutis
569 2633 652 2702 igitur
675 2651 779 2704 compes
807 2639 822 2688 ὁ
850 2638 892 2689 ἀεὶ
920 2639 951 2688 τὸ
979 2640 1139 2706 προσπεσὸν
1164 2634 1194 2691 εὖ
1221 2639 1427 2713 διατιθέμενος,

306 2721 390 2789 qualis
410 2725 467 2775 erat
485 2723 541 2791 ipse
560 2722 713 2792 Aristippus
741 2726 794 2790 (ΒΡ
813 2724 891 2790 204),
920 2725 965 2793 qui
983 2725 1114 2794 voluptati
1139 2743 1196 2778 esse
1214 2744 1266 2779 nen
1284 2727 1430 2782 inservien-

306 2809 367 2862 dum
404 2811 539 2880 discipulis
573 2812 749 2881 praecipiebat
782 2813 1036 2882 temperantiamque
1068 2814 1185 2883 apprime
1217 2816 1429 2884 commendabat,

305 2916 328 2951 r.
347 2899 422 2967 Diog.
442 2900 528 2952 1169.
549 2901 596 2965 753
616 2901 687 2954 Plut.
708 2901 739 2954 de
759 2901 849 2970 Cupid.
868 2901 948 2954 Divit.
968 2903 998 2968 33
1018 2901 1111 2956 Horat.
1130 2901 1177 2972 Ep.
1197 2904 1253 2970 11,
1273 2905 1315 2958 18.

121 3167 223 3197 sensuum
240 3157 294 3198 fides
375 3113 459 3177 Sext.
475 3115 575 3178 Math.
593 3115 657 3178 VII
675 3126 746 3182 191.
789 3113 895 3180 (δυσὶν
918 3112 972 3180 οὖν
995 3112 1027 3181 oi
1048 3117 1249 3204 Κυρηναικοὶ
1272 3119 1428 3207 κριτήρια
1437 3147 1478 3189 mo

306 3210 389 3284 εἶναι
412 3221 454 3284 τά
478 3221 577 3307 πάθη
607 3221 664 3286 καὶ
686 3221 768 3305 μόνα
793 3221 1111 3306 καταλαμβάνεσθαι
1134 3223 1191 3288 καὶ
1214 3225 1428 3312 άδιάφευστα

306 3327 484 3412 τυγχάνειν,
508 3341 572 3392 τῶν
595 3327 631 3394 δὲ
654 3329 883 3418 πεποιηκότων
905 3333 946 3394 τά
970 3331 1068 3418 πάθη
1090 3330 1190 3419 μηδὲν
1213 3324 1295 3396 εἶναι
1319 3357 1427 3398 κατα-

306 3435 430 3522 λήπτδν
452 3433 535 3522 μηδὲ
557 3433 802 3520 οίδιάψευσιονί.
827 3437 878 3502 ὅτι
901 3435 961 3518 μὲν
983 3439 1042 3524 γὰρ
1060 3437 1305 3521 λευκαινάμεθα,
1330 3437 1427 3526 φασί,

306 3541 363 3606 καὶ
394 3542 639 3626 γλυκαζάμεθα,
678 3543 812 3608 δυνατὸν
842 3541 943 3628 λέγειν
971 3543 1202 3632 ἀδιαψεύστοις
1230 3544 1288 3609 καὶ
1315 3546 1391 3627 άνεξ
1409 3589 1427 3597 -

218 3693 224 3704 .
307 3646 463 3732 λέγκτιος·
492 3649 543 3713 ὅτι
567 3647 603 3713 δὲ
625 3650 663 3714 τὸ
686 3648 900 3738 ἐμποιήτικὸν
923 3660 981 3714 τοῦ
1003 3650 1137 3728 πάθους
1160 3651 1270 3716 λευκόν
1293 3651 1382 3718 ἐστιν
1405 3655 1428 3743 ή

307 3755 405 3840 γλυκύ
427 3754 522 3835 ἐστιν,
546 3753 601 3835 οὐχ
623 3746 689 3820 οἷόν
711 3745 738 3819 τ’
765 3753 1022 3844 ἀποφαίνεσθαι.
1071 3765 1143 3822 192.
1167 3755 1253 3836 εἰκὸς
1276 3759 1336 3848 γάρ
1354 3760 1427 3826 ἑστι

306 3861 363 3928 καὶ
387 3863 452 3927 ὑπὸ
474 3863 518 3950 μή
543 3863 656 3927 λευκοῦ
677 3886 750 3927 τινα
774 3863 987 3940 λευκαντικῶς
1009 3864 1202 3953 διατεθῆναι
1219 3865 1276 3930 καὶ
1299 3867 1365 3932 ὑπὸ
1379 3870 1425 3956 μή

306 3968 438 4055 γλυκέος
462 3969 694 4056 γλυκανθήναι.
730 3971 822 4034 καθὰ
845 3971 907 4056 γὰρ
931 3970 948 4034 ὁ
970 3969 1028 4052 μὲν
1051 3970 1233 4049 σκοτωθεὶς
1256 3971 1313 4038 καὶ
1336 3970 1426 4040 ἰκτε-

307 4090 385 4164 ριῶν
420 4077 625 4164 ιίιχραντικῶς
658 4076 724 4140 ὑπὸ
759 4075 891 4139 πάντων
913 4080 1069 4157 κινεῖται,
1103 4078 1120 4142 ὁ
1154 4077 1190 4143 δὲ
1224 4076 1427 4166 ὀφθαλμιῶν

307 4181 532 4271 ἐρυθαίνεται,
563 4183 581 4246 ὁ
605 4181 641 4247 δὲ
663 4180 878 4270 παραπιὲσας
901 4184 957 4248 τὸν
979 4181 1155 4271 ὀφθαλμὸν
1178 4185 1222 4262 ὡς
1244 4185 1309 4250 ὑπὸ
1334 4185 1427 4252 δυοῖν

307 4293 459 4371 κινεῖται,
501 4289 519 4354 ὁ
554 4288 591 4355 δὲ
630 4289 778 4377 μεμηνὼς
812 4289 926 4367 δισσὰς
960 4290 1023 4378 δρᾷ
1056 4293 1115 4369 τὰς
1154 4291 1265 4379 Θήβας
1303 4293 1426 4377 (Eurip.

307 4397 422 4460 Baeeh.
453 4397 529 4480 946)
565 4393 622 4462 καὶ
657 4397 766 4462 δισσὸν
798 4397 998 4484 φαντάζεται
1033 4400 1088 4464 τὸν
1118 4399 1222 4487 ήλιον,
1265 4408 1340 4466 193.
1366 4398 1427 4467 ἐπὶ
