3148 4984
654 358 788 412 Proculus.
1135 358 1137 362 ’
1232 357 1286 417 libii

163 515 206 604 τῇ
240 517 354 604 πρώτη
387 516 512 604 τριάδι,
548 527 606 583 τοῦ
635 514 703 595 ὑνδς
733 516 792 592 καὶΙ
820 529 878 583 τοῦ
908 516 1013 599 όντος,
1048 517 1106 584 καὶ
1141 529 1199 586 τοῦ
1226 519 1285 602 μέν

163 634 332 706 γεννῶντος
355 633 413 688 τοῦ
435 621 472 689 δὲ
494 621 686 708 γεννωμένου
709 622 767 690 καὶ
790 623 928 707 τοῦμὲν
950 625 1146 703 τελειοῦντες
1169 637 1227 692 τοῦ
1250 627 1285 692 δε

79 787 82 794 .
163 726 392 816 τελειουμένου,
417 731 467 796 δεῖ
482 731 521 819 δη
537 729 594 797 καὶ
609 732 667 820 τὴν
688 729 790 819 μέσην
813 729 938 820 ἀμφοῖν
960 731 1116 819 ὑπάρχειν
1139 733 1284 816 δύναμιν,

164 825 213 900 δι’
230 830 268 922 ἧς
297 834 354 902 καὶ
377 825 459 918 μεθ’
484 831 522 925 ἧς
545 838 582 904 τὸ
607 833 641 902 ἓν
663 833 883 904 ὑπσστατικόν
911 836 1061 904 ἐστικαὶ
1084 838 1286 905 τελειωτιιιδν

105 946 108 952 ’
163 951 221 1006 τοῦ
243 937 343 1020 όντος.
378 944 399 1031 ἥ
429 967 464 1008 τε
492 945 553 1028 γὰρ
582 942 725 1030 πρόοδος
756 941 825 1010 άπὸ
847 954 905 1010 τοῦ
927 941 996 1023 ἑνὸς
1018 943 1076 1010 καὶ
1098 945 1118 1033 η
1141 947 1225 1032 πρὸς
1247 947 1285 1012 τὸ

163 1041 198 1110 ἓν
232 1045 418 1137 ἐπιστροφὴ
452 1048 500 1136 τῷ
530 1047 598 1116 brea
628 1051 683 1116 διδ
713 1063 770 1138 τῆς
793 1051 1017 1133 δυνάμεως.
1064 1048 1098 1118 τί
1120 1053 1182 1138 γάρ
1205 1051 1285 1118 ἄλλο

164 1152 322 1220 συνάπτει
349 1153 398 1242 τῷ
425 1151 472 1222 bt
502 1157 540 1222 τὸ
569 1157 606 1222 δν
635 1156 883 1246 ἢμετεχόμενον
910 1161 1001 1222 ποιεῖ
1023 1158 1061 1224 τὸ
1083 1153 1118 1222 ἓν
1139 1158 1205 1224 ὑπὸ
1228 1167 1286 1224 τοῦ

162 1255 255 1338 όντος
284 1261 371 1350 πλὴν
400 1275 457 1350 της
486 1262 668 1346 δυνάμεως;
702 1263 845 1351 πρόοδος
873 1263 934 1351 γάρ
958 1262 1028 1329 ε’στι
1055 1274 1113 1330 τοῦ
1136 1259 1205 1342 ἑνὸς
1227 1263 1285 1330 καὶ

164 1361 295 1446 έκτασις
320 1366 380 1434 ε’πὶ
403 1370 441 1434 τὸ
463 1366 515 1435 όν·
550 1369 629 1436 ὅθεν
652 1370 691 1458 δὴ
714 1368 773 1435 καὶ
796 1369 829 1435 έν
851 1380 938 1435 πᾶσι
960 1373 1030 1449 τοῖς
1053 1367 1160 1450 θείοις
1182 1369 1285 1457 γένεσι

163 1473 314 1560 προόδων
344 1473 403 1540 καὶ
433 1475 604 1564 γεννήσεων
633 1473 670 1542 αὶ
698 1475 850 1560 δυνάμεις
872 1476 1151 1564 προκατάρχουσι·
1191 1479 1285 1562 τριὰς

163 1575 218 1644 οὖν
240 1579 331 1646 ἐστιν
354 1583 436 1670 αὑτη
458 1595 523 1648 τῶν
544 1596 667 1671 νοητῶν
689 1582 837 1672 ἀκρότης,
862 1584 900 1650 τδ
923 1579 957 1648 ἓν
979 1585 999 1671 ἡ
1022 1584 1157 1667 δύναμις
1179 1586 1217 1650 τὸ
1240 1580 1284 1665 όν,

161 1687 200 1751 τὸ
233 1685 293 1769 μέν
321 1687 472 1774 παράγον
506 1689 544 1754 τὸ
567 1688 604 1755 δέ
630 1689 872 1777 παραγόμενον,
907 1691 927 1777 ἡ
951 1688 987 1755 δέ
1010 1688 1205 1780 ἐξηρτημένη
1227 1689 1286 1774 μέν

163 1803 220 1858 τοῦ
243 1789 311 1871 ὑνδς
333 1793 556 1883 συμφερομένη
581 1793 618 1861 δὲ
640 1795 689 1882 τῷ
712 1793 812 1862 basil.

234 1915 262 1954 a.
281 1899 351 1954 Nam
369 1902 482 1971 primum
501 1919 590 1969 unum,
610 1902 680 1972 quod
698 1903 802 1956 Platon.
821 1902 910 1956 Theol.
929 1903 970 1955 111
989 1903 1005 1956 7
1023 1921 1049 1974 p.
1070 1905 1120 1958 131
1131 1903 1160 1957 P.
1172 1919 1220 1972 sq„
1239 1902 1285 1956 ubi

164 1989 197 2041 ad
214 1990 311 2042 bonum
329 1989 449 2044 Platonis
469 1994 606 2044 revocatur
623 1993 677 2058 (BP
697 1991 769 2058 259),
789 1991 887 2044 dicitur
905 2008 961 2044 esse
981 2009 1082 2045 summe
1106 2007 1185 2044 causa
1204 1995 1284 2064 ἰίρρη-

162 2077 209 2138 τ’σς
227 2080 279 2148 μὲν
298 2084 383 2132 παντὶ
401 2082 474 2150 λόγῳ
492 2084 538 2133 καὶ
558 2084 709 2154 ἄφραστος,
730 2084 871 2150 δίγνωστος
889 2081 921 2134 δὲ
941 2083 1017 2153 πάση
1036 2083 1136 2150 γνώσει
1154 2083 1201 2132 καὶ
1221 2082 1284 2144 άλη-

163 2169 243 2232 πτος,
273 2167 351 2220 sicuti
378 2167 494 2222 omnium
521 2185 608 2221 rerum
630 2168 788 2238 principium
811 2171 866 2235 est,
894 2169 934 2222 ita
957 2170 1071 2239 primum
1096 2167 1239 2220 effunditur
1257 2166 1285 2220 in

162 2255 261 2308 multas
280 2256 412 2324 unitates,
439 2273 505 2327 quas
525 2257 635 2310 tetidem
655 2255 717 2310 deos
736 2273 793 2310 essc
810 2257 894 2326 ponit,
913 2257 940 2310 h.
959 2274 981 2311 e.
1000 2257 1079 2327 primi
1097 2256 1196 2310 ordinis
1214 2255 1284 2321 deos,

162 2361 222 2396 nam
251 2345 349 2398 statuit
376 2349 404 2398 et
430 2345 564 2400 infinitum
591 2361 728 2399 numerum
756 2349 785 2398 et
811 2345 989 2399 diversissima
1015 2362 1112 2414 genera
1135 2347 1164 2398 et
1188 2345 1284 2398 classes

162 2432 283 2487 deorum:
309 2434 340 2487 cf.
360 2435 430 2489 Plat.
449 2434 538 2488 Thecl.
557 2434 632 2488 1111
661 2453 686 2504 p.
706 2435 758 2489 118
786 2437 858 2508 μετὰ
882 2436 914 2489 δὲ
939 2437 987 2502 τὴν
1010 2437 1165 2508 άμέδεκτον
1184 2437 1285 2500 ταύτην

161 2527 208 2574 καὶ
235 2527 351 2597 άρρητον
374 2528 421 2578 καί
441 2527 476 2585 ὡς
501 2527 609 2592 άληθῶς
634 2527 800 2599 ὑπερούσιον
825 2529 918 2578 αἰτίαν
943 2527 1001 2578 άπὸ
1020 2527 1111 2591 πάσης
1130 2529 1221 2584 αἰτίας
1238 2527 1285 2576 καὶ

163 2615 254 2678 πάσης
268 2612 413 2683 δυνάμεως
426 2617 473 2666 καὶ
488 2615 578 2680 πάσης
597 2615 733 2686 ἐνεργείας
751 2618 955 2686 κεχωρισμένην
969 2615 1084 2686 συνεχής
1102 2615 1179 2666 ἔστιν
1192 2615 1208 2665 ὁ
1222 2617 1285 2685 περὶ

163 2711 218 2752 τῶν
240 2707 313 2754 θεῶν
336 2704 422 2770 λόγος.
461 2707 489 2754 τί
512 2703 566 2771 γὰρ
586 2705 652 2754 ἄλλο
676 2705 713 2771 τῷ
737 2703 778 2755 ἑνὶ
804 2705 998 2756 συνάπτεσθαι
1022 2705 1076 2774 πρὸ
1100 2712 1154 2754 τῶν
1178 2701 1285 2755 ἑνάδων

164 2791 282 2860 θεμιτὸν
300 2793 315 2855 ἢ
334 2795 363 2842 τί
380 2794 417 2858 τῷ
436 2791 528 2858 ἑνιαίῳ
552 2795 608 2859 θεῷ
628 2793 780 2856 συνήνωται
797 2793 905 2862 μᾶλλον
923 2802 977 2842 τῶν
996 2793 1105 2843 πολλῶν
1122 2797 1208 2854 θεών;
1244 2788 1283 2842 Ib.

165 2894 190 2946 p.
210 2877 262 2930 122
286 2882 311 2932 εἰ
334 2879 366 2932 δὲ
392 2883 438 2932 καὶ
464 2881 495 2932 τὸ
514 2882 645 2952 παράγων
669 2881 703 2932 τὰ
723 2882 816 2932 πάντα
836 2881 948 2951 πρώτως
967 2881 998 2932 τδ
1017 2879 1046 2932 ἓν
1063 2883 1111 2932 καὶ
1129 2881 1145 2946 ἡ
1164 2878 1285 2948 πρόοδος

162 2967 261 3030 ἑνιαία,
282 2967 327 3021 δεῖ
344 2968 379 3034 δή
394 2988 450 3020 που
463 2973 509 3020 καὶ
524 2971 556 3021 τὸ
570 2970 770 3040 παραγόμενον
783 2970 890 3022 ἐκεῖθεν
908 2971 1015 3036 πλῆθος
1032 2968 1121 3022 ἕνάδ
1128 2987 1166 3028 ας
1181 2970 1283 3020 αὑτο-

163 3059 277 3116 τελεῖς
297 3059 432 3128 ὑπάρχειν
449 3061 487 3125 τῴ
507 3060 664 3129 παράγοντι
684 3061 905 3128 συγγενεστέρας.
943 3057 983 3110 ἔτι
1002 3057 1034 3112 δὲ
1053 3061 1077 3110 εἰ
1102 3067 1181 3110 πᾶσα
1197 3057 1285 3115 αονάς

164 3145 286 3216 ἀριθμὸν
305 3147 438 3216 ὑφίστησι
458 3147 526 3216 πρὸς
544 3145 645 3210 ἑαυτὴν
664 3150 779 3210 οἰκεῖον,
807 3147 842 3206 ὡς
861 3145 1000 3198 δέδεικται
1019 3147 1165 3218 πρότερον,
1192 3146 1284 3212 πολλῷ

163 3233 198 3300 δή
217 3253 273 3286 που
292 3236 426 3306 πρότερον
444 3236 476 3286 τό
494 3235 523 3288 ἓν
542 3235 685 3303 άπογεννᾷ
704 3237 753 3286 τὸν
772 3243 898 3286 τοιοῦτον
917 3235 1046 3306 ἀριθμόν.
1076 3231 1147 3298 Quae
1166 3233 1284 3286 unitates

163 3312 194 3373 ab
214 3339 265 3375 uno
284 3339 343 3375 cum
361 3339 469 3376 numero
488 3323 614 3376 (lifferunt
633 3325 690 3376 tum
709 3339 739 3375 ec
758 3322 863 3375 distant
880 3321 949 3392 quod
968 3325 1032 3374 sunt
1049 3327 1197 3395 μεθεκταίι
1215 3320 1283 3374 Inst.

161 3409 250 3464 Thecl.
270 3411 322 3464 116
340 3429 366 3481 p.
385 3413 438 3466 463
452 3411 490 3474 P„
511 3411 563 3466 170
578 3410 619 3466 Cr.
646 3421 702 3472 πᾶς
725 3413 790 3472 θεὸς
813 3413 946 3485 μεθεκτός
971 3413 1030 3466 ἐστι
1054 3412 1126 3478 πλὴν
1150 3420 1199 3464 τοῦ
1217 3411 1283 3471 ἑνός.

163 3500 205 3552 ὅτι
222 3501 275 3570 μὲν
293 3503 347 3572 γάρ
365 3503 451 3555 έκεῖνο
466 3502 621 3571 άμέθεκτον
640 3501 731 3568 δῆλον,
751 3503 797 3553 ἵνα
815 3501 855 3572 μὴ
869 3502 1056 3574 μετεχόμενσν
1073 3505 1122 3552 καί
1139 3519 1213 3559 τινος
1235 3499 1283 3552 διὰ

162 3599 244 3642 τοῦτο
267 3592 419 3662 γενόμενον
441 3595 539 3661 μηκέτι
567 3591 679 3642 πάντων
707 3593 811 3662 ὁμοίων
839 3583 854 3661 ᾗ
874 3599 929 3642 τῶν
953 3608 981 3642 τε
1006 3591 1148 3662 προόντων
1165 3593 1211 3641 καὶ
1231 3599 1285 3640 τῶν

162 3680 250 3730 ὄντων
268 3683 365 3732 αἴτιον.
403 3677 528 3747 Sequitur
552 3680 584 3730 ut
602 3677 690 3730 omnia
713 3677 907 3746 intelligibilia,
935 3693 1025 3730 omncs
1053 3677 1169 3742 animae,
1198 3675 1284 3730 omnia

162 3781 270 3834 corpora
283 3766 335 3819 nisi
344 3766 567 3820 intercedentibus
581 3766 731 3819 unitatibus
741 3766 795 3819 illis
805 3765 956 3835 cumprime
967 3781 1018 3818 unc
1033 3782 1085 3818 non
1103 3767 1283 3830 conectuntur,

162 3871 185 3906 v.
204 3853 273 3908 Plat.
293 3853 382 3908 Thecl.
401 3854 419 3907 l.
439 3855 457 3908 l.
476 3871 502 3924 p.
523 3853 574 3908 122
601 3859 648 3908 καὶ
673 3857 727 3926 γὰρ
752 3851 788 3908 αὑ
805 3860 852 3908 καὶ
873 3851 935 3908 κατ’
954 3857 1037 3908 ἄλλον
1055 3856 1160 3926 τρόπον
1179 3855 1284 3922 ἀνάγκη

162 3945 197 3995 τά
222 3945 334 4017 πρώτως
358 3947 426 3996 όντα
451 3943 499 3996 διὰ
525 3955 579 3996 τῶν
605 3955 749 4018 προσεχῶν
769 3946 859 3997 αὐτῶν
877 3943 984 3997 ἑνιίδων
1001 3948 1127 4016 μετέχειν
1145 3951 1192 4010 τῆς
1210 3961 1283 4013 πρω-

162 4037 255 4099 τίστης
274 4037 375 4092 αἰτίας·
401 4033 504 4086 ἕκαστα
528 4035 582 4107 γάρ
606 4031 660 4086 τῶν
684 4032 819 4106 δευτέρων
842 4033 892 4086 διά
912 4042 966 4085 τῶν
991 4035 1096 4104 ὁμοίων
1115 4034 1283 4085 συνάπτεται

162 4127 220 4182 τοῖς
247 4123 302 4195 πρὸ
331 4123 431 4186 αὐτῶν,
460 4123 495 4174 τά
518 4123 572 4192 μὲν
595 4124 712 4192 σώματα
737 4123 788 4174 θεά
807 4131 861 4174 τῶν
880 4125 1039 4175 καθέκαστα
1058 4130 1158 4190 ψυχῶν
1176 4123 1208 4190 τῇ
1227 4119 1282 4192 δίη,

163 4213 254 4280 ψυχαὶ
279 4211 311 4264 δὲ
330 4210 379 4264 διὰ
399 4220 453 4263 τῶν
471 4221 571 4283 νοερῶν
588 4211 723 4284 μονάδων
741 4213 778 4279 τῷ
798 4214 883 4263 παντὶ
901 4214 953 4278 νῷ,
982 4211 1016 4262 τά
1035 4209 1068 4263 δὲ
1086 4211 1153 4261 όντα
1173 4209 1208 4274 δή
1228 4227 1284 4261 που

163 4299 326 4370 actitabant
345 4301 527 4353 reviventem
547 4302 689 4368 ὑπάρξειεν
712 4303 749 4368 τῷ
768 4299 815 4352 ἑνί.
853 4297 929 4351 Unde
953 4300 1063 4368 apparat
1086 4297 1230 4367 proximum
1250 4297 1283 4350 ab

162 4386 310 4440 unitatibus
329 4386 383 4440 illis
402 4386 511 4454 divinis,
535 4403 601 4456 quas
619 4387 779 4456 interponunt
796 4386 931 4453 Proculus,
950 4403 1007 4440 esse
1026 4389 1057 4439 τὸ
1075 4388 1187 4453 νοητόν,
1214 4386 1284 4455 quod

162 4477 191 4527 et
207 4475 308 4544 ipsum,
333 4477 365 4528 ut
388 4491 436 4544 per
461 4492 563 4528 omnem
587 4475 733 4528 docuinam
752 4475 915 4544 tripertitum
934 4475 1064 4528 rationem
1090 4475 1224 4545 sequitur,
1249 4474 1283 4527 ad
