3140 4990
274 289 327 356 132
744 291 921 361 Empedocles.

273 450 416 505 iunctione.
452 449 479 508 Z.
498 450 530 504 1⁴
550 452 609 516 683,
629 450 721 516 ifin.;
740 451 774 505 ef.
794 451 979 512 Penerbieter
997 452 1084 510 Beer.
1106 454 1130 518 7,
1149 451 1288 511 Steinhart
1306 469 1331 521 p.
1351 453 1396 516 94,

275 538 350 599 Siein
368 556 393 608 p.
412 541 455 594 38.

344 627 374 682 i).
403 633 497 685 Νεῖκος
515 621 670 682 α’τάλαντον
690 626 823 697 άπάντῃῙ
843 629 1007 698 significaret
1025 627 1143 701 undique.
1159 629 1314 698 aequalibus
1333 645 1398 698 pon·

273 714 378 770 denibus
405 715 531 770 libratum
560 733 580 770 s.
610 717 680 770 omni
708 733 737 770 ex
764 719 841 786 perte
867 717 992 787 aequale;
1019 718 1107 787 aptius
1126 717 1206 769 Φιλία
1230 717 1328 773 dieitur
1352 720 1397 781 ion

272 804 359 874 μῆκός
377 821 408 856 τε
425 803 525 864 πλάτος
542 821 582 878 τε.

343 894 425 948 Amor
442 896 469 950 et
487 893 625 950 discordia„
645 922 679 934 ·-
708 893 802 964 simpl.
821 894 901 963 Phys.
923 896 976 950 6v.
995 896 1038 960 25,
1058 895 1092 950 21
1112 897 1144 950 D.
1180 893 1213 948 τά
1230 899 1284 966 μὲν
1303 912 1396 965 σωμα-

272 980 331 1034 τικά
350 988 471 1052 στοιχεῖα
490 989 564 1036 ποιεῖ
579 984 707 1052 τέτταρα,
724 987 781 1050 πῦρ
794 986 841 1034 καὶ
859 980 928 1050 α’έρα
943 985 988 1036 καί
1007 978 1084 1051 ὕδωρ
1103 986 1148 1036 καὶ
1167 989 1231 1052 γῆν,
1249 980 1326 1036 α’ίδια
1344 983 1398 1054 μὲν

273 1067 341 1124 ἰόντα
364 1069 465 1136 πλήθει
489 1074 535 1123 καί
557 1067 708 1140 ὀλιγότητι,
733 1069 940 1141 μεταβάλλοντα
965 1070 998 1124 δὲ
1021 1071 1089 1124 κατά
1113 1073 1163 1136 τήν
1187 1070 1332 1141 σύγκρισιν
1350 1075 1399 1124 καὶ

273 1157 419 1228 διάκρισιν,
442 1154 488 1218 τάς
513 1158 546 1212 δὲ
568 1165 666 1228 κυρίως
690 1157 791 1228 α’ργιίς,
820 1155 868 1229 ὑφ’
893 1144 933 1212 ιδν
957 1167 1070 1214 κινεῖται
1095 1165 1198 1224 ταῦτα,
1231 1160 1328 1232 φιλίαν
1352 1162 1399 1212 καὶ

271 1253 367 1308 νεῖκος.
390 1249 437 1301 δεῖ
452 1247 508 1316 γάρ
527 1248 666 1301 διατελεῖν
684 1245 801 1310 ἐναλλάξ
820 1247 971 1316 κινούμενα
990 1247 1023 1300 τά
1042 1256 1168 1315 στοιχεῖα,
1188 1248 1255 1302 ποτὲ
1272 1249 1325 1318 μὲν
1344 1247 1400 1302 ὑπό

271 1339 320 1402 τῆς
339 1337 431 1405 φιλίας
450 1335 664 1405 συγκρινόμενα,
688 1337 756 1390 ποτε
774 1337 807 1390 δὲ
826 1332 880 1390 eino*
898 1341 948 1389 τοῦ
966 1341 1071 1396 νείκονς
1089 1337 1304 1408 διακρινόμενα·
1325 1333 1399 1390 ὥστε

272 1426 317 1485 καὶ
335 1423 367 1488 ἕξ
383 1412 454 1482 εἶναι
466 1424 532 1480 κατ’
545 1421 631 1478 αδτδν
642 1425 697 1486 ,τός
715 1423 812 1496 α’ργός.
831 1427 876 1477 καὶ
893 1423 951 1496 γάρ
969 1422 1041 1478 einen
1058 1426 1111 1496 μὲν
1135 1425 1274 1490 ποιητικὴν
1297 1425 1400 1480 δίδωσι

272 1511 397 1583 δύναμιν
421 1517 457 1584 τῷ
480 1516 561 1566 νείκει
579 1517 626 1566 καὶ
644 1511 675 1582 τῇ
690 1513 787 1584 φιλίᾳ,
808 1513 875 1566 ὅταν
893 1514 959 1583 λέγῃ
983 1515 1047 1583 (seq.
1066 1532 1105 1568 vs·
1126 1517 1167 1570 67.
1189 1519 1223 1572 68
1242 1517 1306 1586 Si),
1330 1518 1400 1572 ποτὲ

272 1601 306 1654 δὲ
328 1608 384 1662 τοῖς
406 1603 552 1672 τέτταρσιν
576 1605 613 1664 τός
638 1597 775 1672 ίσόστοιχα
800 1601 1014 1656 σνντάττειοκαλ
1031 1606 1131 1668 ταῦτα,
1159 1601 1230 1658 ὅταν
1255 1605 1319 1674 λέγη
1346 1607 1399 1676 (sq.

272 1707 310 1746 ve.
331 1693 447 1746 76-79
467 1691 525 1756 Sei
564 1691 800 1762 (Τ,1ιεορ1π.’;ίι.3,
821 1693 884 1746 Dox.
904 1693 977 1762 477.)

344 1795 371 1835 ο.
399 1780 482 1835 Arist,
497 1780 562 1835 Gen.
582 1784 609 1834 ei
627 1770 1017 1851 ΟοειΙῙΙ.,Ἑμπεδοκλῗηςτιὶ
1036 1781 1089 1851 μὲν
1108 1782 1251 1853 σωματικά
1269 1783 1399 1854 τέσσαρα,
1417 1837 1421 1842 ,

272 1867 306 1921 τά
334 1867 366 1922 δὲ
392 1868 481 1921 πάντα
508 1867 578 1938 μετά
605 1865 838 1921 τῶν’··κινοάντων
866 1868 896 1932 ἓξ
923 1870 973 1920 τόν
998 1867 1128 1940 άριθμόν,

325 1957 440 2012 Aeterne
464 1960 534 2012 suni.
573 1957 613 2012 Of.
632 1957 771 2027 Hipp'olyi.
793 1958 849 2012 Rei.
870 1959 924 2012 VII
944 1960 979 2014 29
998 1959 1107 2025 (emend.
1127 1959 1307 2015 Schneidewin
1325 1961 1343 2015 l.
1362 1963 1398 2030 ο.)

344 2046 397 2101 110
434 2029 450 2109 ἦ
468 2044 525 2115 γάρ
544 2047 589 2098 καὶ
608 2049 696 2112 πάρος
714 2035 746 2109 ἧν
764 2062 796 2098 τε
813 2048 858 2098 καλ
877 2044 993 2114 ἔσσεται,
1013 2044 1081 2098 ου’δέ
1099 2045 1168 2114 ποτ’,
1188 2051 1246 2113 οῒιο,

432 2134 535 2186 τούτων
552 2133 721 2204 α’μφοτέρων
740 2133 898 2188 κεινιόσεται
916 2132 1035 2194 ἄσπετος
1054 2134 1133 2200 αἰνόν,

272 2226 300 2277 ei
317 2239 375 2277 eum
394 2239 498 2282 versum
517 2225 565 2294 qui,
582 2227 740 2280 memoratur
759 2241 801 2293 ap.
821 2224 940 2293 Simplie.
959 2225 1040 2294 Phys.
1059 2227 1096 2279 81
1115 2225 1160 2292 (34
1171 2226 1200 2294 r).
1220 2227 1262 2292 33,
1283 2229 1316 2282 19
1336 2229 1368 2282 D.

344 2313 396 2376 112
433 2309 464 2362 ἐν
483 2310 516 2364 δὲ
534 2311 613 2382 μέρει
631 2311 774 2380 κρατέουσι
792 2313 1005 2382 περιπλομένοιο
1024 2306 1131 2364 κόκλοιο
1147 2317 1172 2368 ².

273 2399 356 2453 Varia
374 2400 482 2454 nomina
501 2401 598 2456 amoris
617 2400 713 2468 φιλία,
736 2399 858 2469 φιλότης,
877 2397 1013 2472 ἁρμονία,
1030 2397 1185 2472 Ἀφροδίτη,
1204 2401 1319 2472 στοργή,
1344 2423 1398 2473 γη-

272 2488 386 2552 θοσύνη,
405 2486 518 2557 Κάπρις,
538 2488 682 2544 discordiae
702 2495 802 2554 Νεῖκος,
823 2487 917 2554 Νότος,
936 2493 1023 2558 Δῆρις,
1035 2486 1121 2558 Ἥρης.

344 2587 373 2642 d.
402 2586 443 2640 Ad
460 2586 523 2640 boni
542 2591 570 2640 et
588 2587 653 2640 meli
671 2588 805 2640 notionem
824 2591 985 2642 revocantur.
1019 2588 1101 2642 Arist.
1117 2589 1180 2642 Met.
1196 2587 1249 2642 14.
1265 2589 1396 2643 9841232:

272 2673 331 2728 ἐπεὶ
350 2675 382 2726 δὲ
401 2671 537 2727 τοῖναντία
555 2681 612 2734 τοῖς
631 2673 750 2741 α’γαδοῖς
770 2673 868 2727 ἐνόντα
887 2673 1048 2744 ἐνεφαίνετο
1067 2673 1097 2728 έν
1120 2681 1151 2744 τῇ
1174 2676 1273 2746 φύσει,
1300 2679 1345 2730 καὶ
1364 2673 1399 2730 ου’

271 2764 360 2838 μόνον
377 2761 452 2822 τάξις
470 2765 515 2816 καὶ
534 2761 566 2814 τό
584 2762 669 2814 καλόν
687 2757 756 2814 σῖλλά
775 2765 820 2816 καὶ
843 2761 940 2824 α’ταξία
959 2765 1004 2816 καὶ
1022 2762 1052 2816 τό
1071 2762 1211 2833 αίσγρόν.
1232 2809 1237 2820 .
1258 2806 1264 2821 .
1284 2807 1291 2820 .
1311 2763 1398 2826 οὕτως

272 2850 351 2924 Ιιἰὶλλος
361 2871 401 2912 τις
412 2851 508 2922 φιλίαν
519 2849 660 2919 εἰσήνεγκε
670 2855 716 2902 καὶ
726 2857 823 2913 νεῖκος,
841 2851 973 2920 ἑκάτερον
983 2851 1120 2922 ἑκατέραν
1130 2856 1218 2906 αἴτιον
1227 2852 1347 2908 τούτων.
1372 2857 1400 2908 εἰ

272 2939 328 3011 γάρ
342 2961 381 3000 τις
394 2938 555 3002 ιῖκολοοθοίη
569 2943 615 2992 καὶ
634 2937 769 3010 λαμβάνοι
780 2940 848 3008 πρδς
860 2941 908 3004 την
920 2939 1046 2994 διάνοιαν
1064 2943 1110 2992 καὶ
1122 2935 1160 3011 μη
1177 2940 1248 3012 πρός
1265 2940 1284 2992 δι’
1301 2941 1399 3009 ψελλί-

273 3032 345 3090 ζεται
372 3029 461 3098 λέγων
487 3027 680 3098 Ἐμπεδοκλῆς,
709 3023 816 3095 εδρησει
843 3028 893 3092 τήν
919 3030 971 3098 μὲν
999 3029 1095 3082 Φιλίαν
1119 3031 1209 3080 αἰτίαν
1236 3020 1321 3081 οιλσαν
1340 3033 1398 3082 τῶν

272 3117 403 3187 οἶγαθαῖν,
431 3116 463 3168 τό
487 3117 521 3170 δὲ
547 3123 639 3175 Νεῖκος
658 3115 716 3169 τῶν
740 3123 847 3172 κακοῖν·
876 3113 945 3169 ὥστ’
964 3120 990 3169 εἲ
1008 3137 1046 3176 τις
1065 3121 1132 3186 φαίη
1151 3117 1255 3186 τρόπον
1273 3116 1334 3170 τινά
1352 3121 1400 3172 καὶ

273 3207 363 3275 λέγειν
382 3209 425 3258 καὶ
444 3211 555 3275 πρῶτον
574 3206 665 3276 λέγειν
683 3205 714 3258 τό
732 3205 816 3258 κακόν
836 3211 882 3258 καὶ
907 3206 938 3257 τό
961 3203 1073 3274 α’γαδόν
1097 3203 1189 3276 α’ργδς
1208 3205 1399 3276 Ἐμπεδοκλέα,

272 3379 327 3436 θόν
355 3381 412 3436 ἐστι
440 3387 485 3435 καὶ
512 3389 567 3436 τῶν
590 3386 683 3435 κακῶν
700 3382 732 3434 τό
751 3383 842 3437 κακόν.
880 3383 1008 3438 Similiter
1026 3383 1099 3437 Plut.
1119 3383 1150 3438 de
1173 3383 1244 3437 Iside
1267 3386 1312 3448 48,
1335 3385 1398 3440 370.

270 3457 345 3542 Ἐμπ
365 3471 465 3536 δὲτὴν
484 3471 667 3540 α’γαθοοργδν
686 3471 775 3541 α’ρχήν
794 3469 930 3534 Φιλότητα
949 3475 993 3522 καὶ
1014 3472 1119 3540 Φιλίαν,
1143 3469 1273 3532 πολλάκις
1291 3472 1324 3524 δὲ
1340 3471 1399 3542 Σίρ-

272 3565 372 3631 μονίαν
400 3561 480 3612 καλεῖ
505 3564 674 3630 θεμερῶπιν,
699 3559 749 3622 τήν
774 3559 807 3614 δὲ
827 3565 942 3629 χείρονα
966 3566 1059 3618 Νεῖκος
1084 3556 1235 3630 ον’λόμενον
1253 3562 1298 3612 καὶ
1316 3566 1399 3632 Δηριν

273 3647 465 3718 αἱματόεσσαν.

277 3736 279 3740 ’
344 3750 371 3792 e.
400 3737 521 3802 Quatuor
539 3739 724 3818 elementorum
743 3737 832 3791 eadem
852 3741 893 3790 est
911 3738 950 3792 vis
966 3740 1045 3806 eique
1060 3738 1143 3807 eopia.
1180 3739 1219 3792 De
1238 3739 1288 3793 hae
1302 3755 1398 3808 aeque·

272 3826 350 3886 litate
369 3825 490 3894 disputat
509 3825 591 3882 Arist.
612 3825 675 3879 Gen.
695 3828 722 3878 ei
741 3826 811 3879 Corn.
831 3825 860 3878 II
881 3827 904 3879 6.
925 3825 977 3880 333
992 3837 1005 3864 n
1024 3827 1066 3880 20.

344 3921 367 3979 f.
396 3921 516 3978 Vaeuum
537 3939 592 3976 esse
611 3923 715 3976 omnino
733 3926 822 3992 negat.
843 3952 876 3960 —
902 3922 984 3976 Arist.
1004 3922 1034 3976 (le
1054 3924 1133 3977 Caelo
1152 3924 1192 3977 IV
1211 3925 1235 3978 2.
1255 3925 1398 3979 390219.

272 4005 339 4068 ἔνιοι
357 4014 410 4080 μὲν
429 3995 478 4062 οὖν
497 4015 553 4062 τῶν
572 4005 611 4080 μη“
629 4009 792 4079 φασκόντων
811 3997 882 4062 εἶναι
901 4015 980 4062 κενόν
999 4009 1083 4063 οὐδὲν
1101 4005 1234 4080 διώρισαν
1253 4014 1316 4081 περὶ
1334 4004 1399 4064 κοά-

272 4117 327 4168 φοο
354 4101 398 4150 καὶ
416 4099 512 4168 βαρέος
532 4091 591 4152 οἷον
609 4083 786 4168 Ἀναξαγόρας
813 4101 859 4150 καὶ
877 4094 1064 4167 Ἐμπεδοκλῆς.
1111 4100 1238 4170 Theophr.
1268 4102 1398 4156 sens.13,

273 4227 486 4240 ·—-—····—=·—-

345 4313 371 4380 1)
389 4281 439 4368 Pre
459 4331 514 4368 voe,
533 4311 637 4380 ἁπάντη
665 4311 770 4366 faciunt
796 4311 873 4364 Arai.
892 4311 927 4364 22
951 4311 1011 4380 ε”γει
1035 4307 1067 4362 δ’
1085 4305 1240 4364 άτάλαντον
1258 4308 1368 4381 ἁπάντη
1391 4312 1394 4381 i

271 4399 408 4472 μεσσηγδς
417 4407 510 4470 γαῖαν,
523 4402 676 4458 eiPer-men.
685 4401 735 4456 103
746 4399 874 4458 ίσοπιιλὲς
887 4395 1025 4466 πάντρ-
1035 4400 1063 4469 2)
1073 4400 1166 4470 Simpl.
1174 4401 1220 4456 fol.
1227 4403 1263 4456 34
1273 4398 1401 4470 χρόνοισι
