3156 4988
560 386 713 439 Aristotelis
732 385 860 454 discipuli.
1217 380 1269 441 361

150 547 207 615 καὶ
237 550 282 636 μὴ
313 549 368 613 τὸν
398 545 496 612 αι’τδν
524 545 658 632 τρόπον.
694 585 736 594 -
772 547 903 610 δίπασαι
933 542 992 628 μέν
1019 544 1271 630 ποιοῦνταιτὴν

149 653 288 743 μίμησιν
310 649 343 719 ἓν
365 651 483 740 ῥυθμῷ
505 650 563 718 καὶ
586 651 671 738 λόγῳ
694 650 751 718 καί
767 649 915 740 ἁρμονίᾳ,
938 651 1066 728 τοίτοις
1089 639 1122 715 δ>
1140 647 1272 738 ἣχωρίς

151 761 172 848 ἢ
193 757 410 846 μεμιγμένοις.

218 937 265 1002 Ib.
290 947 317 1003 6.
345 935 525 1002 1449124.
563 923 676 1001 ἨΕστιν
700 931 754 1002 οὖν
774 932 942 1022 ’τραγῳδία
965 931 1103 1023 μίμησις
1119 934 1270 1022 πράξεως
1297 959 1413 1009 tragoedia

53 1029 57 1034 x
152 1040 337 1120 σπουδαίας
369 1041 427 1108 καί
456 1039 591 1122 τελείας,
625 1041 767 1127 μέγεθος
801 1041 942 1131 ἐχούσης,
977 1039 1143 1130 ἡδυσμένην
1177 1041 1271 1128 λόγῳ,

149 1149 249 1238 χωρίς
272 1145 408 1215 ἑκάστου
432 1162 497 1214 τῶν
519 1145 613 1215 είδῶν
636 1148 670 1215 ἐν
686 1152 755 1228 τοῖς
777 1145 915 1236 μορίοις,
939 1149 1087 1237 δρώντων
1102 1147 1158 1214 καὶ
1175 1147 1212 1215 οδ
1228 1137 1269 1214 δι’

151 1254 370 1342 ἀπαγγελίας,
403 1244 449 1322 δι’
468 1255 558 1322 ε’λέου
589 1255 645 1322 καί
671 1257 776 1346 φόβου
801 1253 1001 1343 περαίνοιτο
1031 1258 1088 1344 τὴν
1116 1267 1180 1320 τῶν
1202 1278 1272 1320 τοι·

151 1364 254 1429 οδτων
276 1361 488 1452 παθημάτων
510 1362 702 1451 *adeamne

223 1537 251 1577 κ.
280 1521 317 1577 Cf.
345 1522 391 1576 Ar.
420 1540 463 1576 ars
491 1523 560 1578 rhet.
588 1541 610 1578 ε.
638 1540 728 1577 comm.
757 1524 797 1580 ed.
826 1524 854 1577 L.
883 1523 1009 1594 Spengel,
1036 1521 1107 1592 Lips.
1133 1523 1211 1576 1867.
1238 1551 1271 1560 -

149 1614 179 1666 L.
208 1611 333 1682 Spengel,
361 1618 389 1665 el.
420 1613 446 1665 δ.
474 1611 555 1666 Βλεί.
584 1611 610 1665 δ.
640 1611 706 1679 An,
735 1612 807 1666 Αδίι.
836 1612 862 1666 δ.
887 1612 1003 1666 Μδκελ.
1026 1610 1079 1665 Ae.
1113 1611 1164 1677 VI,
1193 1609 1273 1665 1851.

150 1701 184 1754 H.
204 1700 286 1767 Diels,
305 1707 333 1755 τί.
354 1701 380 1755 δ.
401 1701 481 1755 dritta
500 1700 582 1754 Βυελ
601 1701 627 1754 δ.
647 1701 734 1756 Arist.
753 1700 843 1768 Βίου,
863 1700 933 1755 Αδλι.
953 1700 979 1754 δ.
998 1699 1074 1756 Berl.
1094 1699 1157 1767 Alc,
1176 1700 1254 1754 1886.

222 1842 252 1897 b.
282 1842 319 1897 cf.
338 1841 383 1896 Ar.
413 1843 444 1896 de
472 1847 529 1897 arte
557 1846 626 1914 poet.
654 1844 721 1897 liber
748 1843 788 1897 ed.
812 1842 841 1898 F.
866 1843 997 1897 Susemihl
1025 1843 1201 1914 Lips.1865;
1230 1843 1272 1896 ed.

149 1933 179 1988 F.
198 1923 340 2001 llberweg,
368 1931 556 2000 Ber01.1871;
584 1932 609 1986 J.
628 1933 746 1999 Vahlen,
774 1931 860 1986 Berol.
880 1933 958 1987 1874.
979 1962 1012 1972 -
1038 1929 1270 1998 8.Τείο11υυ”111οῐ,

149 2021 291 2076 Aristotel.
301 2021 500 2089 Ρουεολκκφικ
519 2020 541 2075 Ι.
560 2021 594 2088 Π,
613 2021 674 2074 Hal.
690 2022 769 2075 1867.
791 2021 869 2075 1869.
880 2049 914 2060 -
928 2020 953 2074 J.
962 2021 1088 2088 Bernays,
1108 2025 1135 2073 il.
1147 2019 1173 2072 δ.
1185 2018 1272 2074 Arist.

151 2111 265 2166 Τλεανίε
285 2110 310 2164 δ.
330 2111 452 2178 Drama,
475 2111 561 2164 Berol.
582 2111 659 2166 1880.
687 2138 720 2148 -·
746 2110 777 2164 A.
797 2109 912 2178 Dllring,
932 2109 958 2162 d.
978 2108 1146 2163 Kunstlelere
1165 2107 1192 2162 d.
1211 2108 1273 2176 Ar,

149 2201 209 2254 Jen.
230 2201 309 2256 1876.
346 2199 469 2266 BrandiS,
488 2199 563 2254 Hdb.
582 2199 617 2266 II,
637 2199 824 2254 1683-1714.
861 2196 1273 2265 1111‚156-178.Z.112⁸

151 2289 301 2344 763-787.

519 2860 710 2935 Aristotelis
738 2859 901 2956 dineipnli.

72 3225 142 3266 ³⁴⁸1
219 3212 310 3294 Ding.
334 3211 363 3273 V
390 3220 440 3277 35.
490 3217 555 3277 Τοῦ
584 3211 623 3299 δὴ
647 3208 858 3296 Σταγειρίτου
888 3210 1034 3296 γεγόνασι
1063 3209 1123 3294 μὲν
1153 3210 1272 3277 πολλοὶ
1301 3212 1449 3266 Tl⁶⁰1>l¹⁸¹²¹

16 3401 17 3412 η
111 3345 116 3358 ·
154 3319 317 3405 γνώριμοι,
341 3314 508 3404 διαφέροιεν
530 3315 567 3382 δὲ
588 3317 735 3400 μάλιστα
762 3317 999 3406 Θεόφραστοςῆ
1031 3355 1072 3366 ·-
1114 3327 1164 3386 36
1192 3319 1272 3386 Θεό

150 3445 299 3542 φραστος
304 3423 499 3488 Μελάντα
520 3413 740 3511 Ερίσιοςπ-
769 3418 861 3502 οὗτος
890 3438 1022 3512 πρῶτον
1050 3423 1109 3508 μέν
1140 3423 1273 3513 ηκοισεν

150 3517 343 3594 ’Λλκίπποι
374 3539 433 3595 τοῦ
462 3527 645 3596 πολίτου
629 3555 662 3596 εν
689 3529 732 3619 τῇ
755 3527 903 3617 πατρίδι,
933 3519 995 3596 εἶτ
1013 3529 1155 3610 δκοίσας
1176 3532 1272 3597 Πλά-

153 3658 295 3718 τωνοςρ
282 3634 419 3724 μετέστη
457 3637 541 3721 πρὸς
568 3625 814 3724 Ἀριστοτέλην
860 3633 1069 3702 κάκείνου
1042 3661 1088 3715 εις
1118 3635 1271 3704 Χαλκίδα

154 3742 424 3829 ὑποχωρήσαντος
452 3741 549 3820 αὐτὸς
580 3741 746 3821 διεδέξατο
776 3744 832 3830 τὴν
863 3743 979 3830 σχολὴν
993 3731 1196 3825 Ολυμπιάδι
1218 3769 1271 3810 τε-

153 3847 254 3934 τάρτη
278 3847 334 3912 καί
358 3847 475 3936 δεκάτη
491 3847 548 3914 καί
573 3844 734 3936 ἑκατοστῇ
757 3851 798 3933 (a.
817 3849 1017 3932 324-320).
1036 3887 1077 3897 -—
1102 3859 1154 3916 38.
1168 3849 1272 3932 χᾶπε-

154 3953 275 4042 δήμησε
306 3956 390 4039 πρὸς
420 3952 527 4040 ὀλίγον
556 3953 613 4019 καί
637 3948 729 4033 οὗτος
758 3951 815 4020 καί
839 3953 960 4034 πάντες
983 3951 1013 4021 οἱ
1038 3954 1150 4021 λοιποί
1175 3955 1271 4044 φιλό-

153 4081 250 4146 σοφοι
277 4058 482 4149 Σοφοκλέους
503 4071 562 4126 τοῦ
584 4051 817 4149 Ἀμφικλείδου
840 4060 937 4144 νόμον
959 4058 1187 4148 εἰσενεγκόντος
1207 4087 1271 4150 μη-

153 4163 230 4231 δένα
259 4180 324 4232 τῶν
353 4167 543 4257 φιλοσόφων
572 4168 687 4256 σχολῆς
715 4167 934 4256 ἀφηγεῖσθαι,
969 4169 1008 4232 δν
1030 4171 1075 4257 μὴ
1104 4167 1147 4258 τῇ
1168 4168 1273 4258 βουλῇ

153 4271 210 4339 καί
240 4281 289 4359 τηῑ
318 4274 408 4362 δήμῳ
432 4274 526 4362 δόξῃ·
572 4271 600 4339 εἰ
624 4273 660 4340 δέ
682 4275 743 4362 μή,
774 4272 921 4340 θάνατον
944 4265 1026 4340 εἶναι
1056 4275 1113 4363 τὴν
1143 4273 1270 4364 ζημίαν.

154 4369 227 4444 ἀλλ’
254 4376 355 4457 αὖθις
389 4379 577 4467 ἐπανῆλθον
610 4377 657 4458 εἷς
691 4379 794 4444 νέωτα
831 4377 978 4458 Φίλωνος
1011 4381 1067 4445 τὸν
1101 4380 1271 4470 Σοφοκλέα

154 4485 366 4574 γραψαμένου
396 4486 603 4573 παρανόμων.
628 4524 670 4533 —-
702 4496 755 4552 40.
780 4482 946 4552 έτελείταθ
962 4488 1001 4576 δὴ
1025 4489 1158 4577 γηραιὸς
1180 4490 1271 4573 βιοὺς
