3150 4996
267 315 303 375 14
655 389 658 398 ¹
779 319 870 376 Ionici.

187 505 225 534 cur
338 492 366 535 a.
394 477 474 531 Vides
501 493 530 530 ex
557 477 641 547 ipsius
668 477 735 533 libro
758 479 837 534 verba
861 480 990 550 quaedam
1014 481 1103 536 referri
1122 484 1149 538 et
1167 482 1211 539 hic
1229 485 1257 537 et
1275 489 1318 538 ar
1337 485 1380 540 13.

159 548 254 642 1¹5}ssssss
264 565 295 619 ld
322 567 409 635 ipsum
436 565 504 635 qnod
531 567 652 636 singulae
678 584 720 622 res
747 583 791 638 per
815 585 843 623 se
871 586 988 639 quaeque
1006 572 1171 626 exstitissent
1189 572 1265 642 quasi
1282 573 1382 630 iniuria

266 655 380 724 quadam
412 655 513 710 facturn
540 672 596 710 csse
623 655 704 725 dicit,
735 658 840 728 eiusque
868 660 1034 729 arrogantiae
1061 677 1158 730 poenes
1184 660 1284 716 dandas
1312 662 1382 732 ipsa·

264 762 324 798 rum
357 747 475 800 interitu.
524 744 579 800 Gur
611 746 719 800 infinita
751 749 850 802 natura
880 748 999 818 putanda
1037 750 1087 816 sit,
1128 750 1230 806 addunt
1265 750 1339 807 Plac.
1367 751 1382 805 Ι

265 836 290 888 3.
309 835 334 889 3.
352 835 462 904 Doxogr.
481 836 542 889 277.
579 830 793 906 Ἀναξίμανδρος
811 835 845 889 δὲ
869 836 1034 904 ὁΜιλήσιός
1058 855 1126 908 φησι
1148 843 1204 893 τῶν
1226 838 1315 892 ὄντων
1333 835 1381 904 τὴν

264 919 349 991 cippis
367 910 437 975 εἶναι
455 923 488 976 ro*
506 921 631 993 ἄπειρον.
667 922 698 976 ἐκ
721 924 776 995 γαρ
801 925 899 978 τούτου
923 925 1014 980 πάντα
1036 931 1165 997 γίνεσθαι
1182 934 1226 980 καὶ
1244 930 1283 988 εἰς
1301 933 1381 982 τοῦτο

263 1011 351 1064 πάντα
369 1015 553 1082 φθείρεσθαι·
572 1009 616 1064 διδ
628 1015 671 1064 καὶ
689 1017 842 1080 γεννᾶσθαι
859 1010 989 1085 α’πείροας
1006 1014 1127 1087 κόσμους
1141 1020 1184 1068 καὶ
1197 1017 1278 1070 πάλιν
1297 1019 1381 1088 φθεί-

264 1103 361 1169 ρεσθαι
385 1104 423 1160 εἰς
447 1100 478 1152 τὸ
500 1099 529 1162 ἐξ
553 1091 588 1152 οὗ
612 1105 757 1169 γίνεσθαι·
777 1102 851 1172 λέγει
874 1109 944 1172 γοῦν
961 1103 1034 1157 διότι
1052 1103 1209 1175 ἀπέραντόν
1228 1103 1312 1171 ἐστιν,
1337 1109 1381 1158 ἵνα

262 1189 352 1260 μηδὲν
377 1187 484 1259 ἐλλείπῃ
508 1189 650 1257 ἤγένεοις
669 1191 683 1254 ἡ
702 1186 878 1262 ὑφισταμένη.
915 1195 1019 1248 Ultima
1042 1196 1175 1250 sententia
1198 1199 1238 1250 est
1262 1194 1381 1250 delibata

263 1295 292 1333 ex
310 1279 421 1333 Aristot.
440 1278 519 1348 Phys.
538 1279 625 1336 1118.
645 1281 755 1349 20888,
785 1282 830 1350 qui
849 1283 953 1351 quidem
971 1283 1113 1349 infitiatur,
1133 1284 1183 1339 hac
1197 1299 1278 1338 causa
1296 1285 1380 1338 evinci

263 1369 290 1423 id
309 1367 378 1438 quod
396 1367 446 1422 An.
466 1369 590 1426 voluerit:
622 1366 685 1421 οὔτε
709 1369 762 1438 γάρ
789 1372 832 1422 ἵνα
851 1366 866 1436 ἦ
883 1372 989 1440 γένεσις
1006 1371 1045 1442 μή
1064 1371 1198 1442 ἐπιλείπῃ,
1227 1368 1380 1441 ἀναγκαῖον

264 1455 388 1526 ἐνεργείᾳ
415 1455 528 1526 ἄπειρον
555 1444 627 1510 εἶναι
651 1461 733 1528 σῶμα
760 1459 911 1522 αἰσθητόν·
940 1458 1081 1530 ἐνδέχεται
1107 1461 1162 1531 γᾰρ
1187 1460 1234 1524 τὴν
1261 1461 1380 1532 θατέρου

264 1543 379 1616 φθοροέν
401 1547 522 1618 θατέρου
546 1533 618 1598 εἶναι
639 1547 757 1616 γένεσιν,
781 1551 993 1619 πεπερασμένου
1015 1547 1096 1610 ὄντος
1117 1553 1166 1603 τοῦ
1189 1543 1300 1609 παντός.
1337 1550 1379 1605 cf.

262 1635 325 1690 ibid.
345 1635 417 1691 203¹)
432 1637 474 1691 18.

183 1801 223 1832 nec
333 1768 364 1823 λ).
392 1768 484 1837 Simpl.
503 1768 539 1822 ib.
558 1769 577 1824 f.
596 1769 658 1840 32³3
670 1787 695 1839 p.
707 1770 765 1835 149,
777 1771 810 1825 13
820 1771 852 1824 D.
872 1771 888 1822 ὁ
901 1771 994 1841 μέντοι
1012 1771 1169 1843 Πορφύριος
1183 1801 1216 1810 -
1230 1776 1312 1843 σῶμα
1325 1772 1378 1843 μὲν

155 1845 250 1939 milfflgm
262 1849 293 1908 τό
312 1858 491 1928 ὑποκείμενον
508 1852 670 1927 ἀδιορίστως
689 1855 902 1929 Ἀναξίμανδρον
920 1859 1011 1929 λέγειν
1029 1864 1114 1930 φησὶν
1132 1859 1254 1931 ἄπειρον,
1273 1859 1306 1914 οὐ
1318 1861 1377 1914 διο·

154 1952 246 1994 mixtum
264 1949 378 2016 ρίσαντα
405 1943 435 1997 τό
458 1932 533 2004 εἶδος
557 1948 610 1998 εἴτε
632 1950 687 2016 πῦρ
712 1949 768 1999 εἴτε
792 1943 868 2018 ὕδωρ
887 1951 942 2000 εἴτε
959 1945 1019 2016 οἱῆρ.
1055 1951 1106 2005 Eos
1134 1952 1302 2020 interpretes,
1331 1953 1378 2022 qui

261 2035 372 2090 tradunt
389 2035 524 2089 inlinitum
533 2035 722 2090 Anaximandri
740 2053 795 2090 esse
809 2037 922 2092 medium
937 2040 1006 2092 inter
1020 2055 1116 2108 aquam
1130 2043 1157 2094 et
1171 2056 1264 2105 aerem,
1277 2040 1377 2095 refutat

261 2123 482 2180 Schleiermacher
499 2123 548 2195 Op.
567 2125 660 2194 philos.
680 2127 705 2180 Π
725 2127 785 2180 174.
822 2127 893 2181 Nam
918 2145 981 2182 sane
1009 2145 1068 2183 cum
1087 2129 1136 2183 alii
1155 2131 1214 2182 tum
1232 2129 1377 2184 Alexander

261 2213 294 2267 ad
304 2214 420 2282 Metaph.
431 2214 502 2268 988⁸
514 2215 557 2268 11.
581 2213 667 2269 Schol.
681 2215 754 2270 5531>
766 2216 812 2269 22:
832 2215 879 2276 τὴν
898 2212 1112 2287 Ἀναξιμάνδρου
1132 2216 1226 2282 δόξαν,
1246 2216 1276 2276 ὃς
1291 2211 1378 2286 α’ρχὴν

261 2298 339 2358 ἔθετο
357 2301 406 2366 τήν
419 2301 524 2372 μεταξῦ
538 2301 623 2372 φύσιν
641 2301 720 2374 οἷέρος
738 2319 768 2354 τε
786 2306 829 2354 καὶ
843 2303 941 2374 πυρός,
960 2301 1067 2375 ἢᾶέρος
1085 2307 1177 2358 τεκαὶ
1195 2302 1315 2364 ὕδατος·
1335 2305 1379 2357 λέ-

260 2406 339 2458 γεται
356 2389 411 2458 γαρ
429 2388 601 2462 α’μφοτέριος.
639 2393 796 2461 Appellatur
816 2393 897 2446 etiam
911 2394 996 2462 ipsius
1007 2395 1154 2448 auctoritas
1163 2395 1322 2460 Aristotelis,
1345 2394 1376 2448 de

261 2480 340 2534 Caelo
358 2479 438 2534 1115
457 2476 595 2548 ἔνιοιγᾰρ
616 2478 645 2531 ἓν
664 2479 752 2550 μόνον
770 2479 950 2532 ὑποτίθενται
972 2483 1016 2532 καλ
1041 2483 1145 2533 τούτων
1168 2483 1193 2531 οἱ
1217 2485 1270 2551 μὲν
1288 2480 1374 2550 ὕδωρ,

260 2571 286 2620 οἱ
304 2565 331 2618 δ’
349 2566 429 2637 α’έρα,
449 2573 474 2620 οἱ
492 2568 525 2622 δὲ
543 2572 613 2638 πῦρ,
636 2571 663 2620 οἱ
681 2565 707 2619 δ’
722 2564 824 2628 ’ὕδατος
841 2569 895 2638 μὲν
913 2568 1084 2639 λεπτότερον,
1112 2565 1191 2638 α’έρος
1215 2569 1248 2621 δὲ
1272 2570 1375 2621 πυκνό-

259 2673 348 2728 τερον,
367 2655 382 2708 ὃ
400 2659 531 2727 περιέχειν
550 2660 621 2726 φασι
639 2655 743 2715 πάντας
761 2654 823 2714 τούς
841 2652 974 2726 οὐρανούς
992 2654 1106 2728 ἄπειρον
1125 2656 1164 2712 ὅν.
1202 2658 1252 2712 Est
1265 2661 1333 2714 certe
1347 2659 1375 2712 in

260 2747 302 2800 his
315 2749 387 2802 locus
400 2763 468 2801 unus
482 2746 623 2800 admodum
641 2747 736 2799 similis
755 2745 840 2799 verbis
858 2762 914 2800 vere
924 2745 1147 2812 Anaximandreis,
1166 2748 1260 2816 positis
1278 2749 1374 2802 arra.

260 2835 310 2888 Sed
320 2836 475 2889 Aristoteles
489 2836 576 2904 pergit
594 2830 651 2886 ὅσοι
667 2839 720 2904 μὲν
730 2823 821 2886 οῧντό
832 2863 865 2874 -·
875 2829 976 2895 ὕδατος
992 2836 1046 2907 μὲν
1064 2834 1223 2905 λεπτότερον
1240 2831 1321 2905 α’έρος
1341 2836 1374 2890 δὲ

259 2918 438 2992 πυκνότερον,
466 2909 515 2974 εἶτ’
533 2921 563 2974 ἐκ
591 2921 689 2975 τούτου
716 2923 863 2986 πυκνότητι
890 2925 934 2974 καὶ
961 2925 1091 2995 μανότητι
1118 2914 1203 2977 τᾶλλα
1229 2928 1371 2992 γεννῶσιν.

258 3012 327 3066 Item
345 3013 424 3082 Phys.
442 3012 457 3066 I
475 3013 500 3065 4.
537 3012 620 3081 Atqui
647 3013 776 3068 diversam
803 3014 932 3067 rationem
958 3010 999 3082 (ἐκ
1025 3017 1074 3065 τοῦ
1100 3012 1162 3072 ἑνὸς
1188 3011 1300 3073 &rohone
1325 3013 1374 3072 τοὶς

258 3099 449 3163 ἐναντιότητας
468 3097 652 3170 inspirentur)
676 3101 902 3156 Anaximandrum
927 3104 1045 3157 aeonium
1072 3103 1127 3172 ipse
1154 3105 1248 3158 statim
1275 3103 1372 3158 subicit

258 3188 337 3258 Phys.
356 3188 370 3241 1
389 3191 414 3254 4,
434 3188 466 3244 cf.
486 3195 529 3243 RP
548 3191 589 3254 12,
600 3206 621 3244 c.
658 3190 739 3244 Plura
756 3191 868 3259 profert,
894 3191 981 3259 plures
1006 3191 1142 3260 redarguit
1160 3191 1243 3245 Zeller
1260 3189 1292 3244 1⁴
1311 3193 1371 3248 196.

258 3471 358 3524 quoqne
377 3455 411 3510 ad
430 3455 515 3509 fontes
534 3455 602 3510 adiit
615 3459 642 3510 et
655 3456 810 3511 nobiliorum
824 3457 1036 3526 philosophorum
1049 3460 1081 3511 ut
1089 3457 1260 3527 Anaxagorae
1274 3457 1373 3512 Anaxi-

257 3545 341 3598 menis
359 3543 483 3598 Archelai
501 3545 626 3614 Diogenis
640 3545 803 3614 Empedoclis
816 3545 957 3600 Metrodori
971 3545 1091 3602 Platonis
1105 3548 1267 3613 Xenocratis,
1286 3549 1373 3616 copio-

258 3634 361 3687 sissime
384 3635 528 3687 Democriti
556 3633 688 3688 doctrinas
715 3635 891 3703 peculiaribus
918 3636 1015 3690 libellis
1044 3637 1211 3692 examinavit.
1240 3667 1274 3677 -—
1302 3637 1371 3691 Huic

257 3723 384 3776 materiae
403 3763 409 3776 .
430 3766 436 3776 .
457 3761 463 3775 .
482 3724 656 3790 superstruxit
675 3724 791 3792 amplam
800 3724 969 3794 Physicorum
981 3723 1140 3794 Opinionem
1157 3726 1285 3795 syllogen,
1304 3742 1372 3796 quac

257 3813 312 3865 iam
330 3810 565 3864 Alexandrinorum
593 3814 681 3866 aetate
709 3813 737 3866 in
765 3812 873 3867 duorum
901 3813 1027 3869 librorum
1054 3817 1182 3884 epitomen
1210 3817 1303 3870 coacta
1330 3818 1370 3871 est

257 3901 344 3969 (Diog.
366 3899 461 3968 V46).
507 3900 545 3953 Ex
567 3901 670 3970 integro
697 3901 728 3955 de
751 3901 921 3971 Physicorum
947 3919 986 3972 cp.
1011 3904 1142 3958 volumine
1169 3907 1288 3974 excerpta
1315 3921 1372 3960 esse

256 3988 378 4043 videntur
409 4005 475 4057 quae
501 3989 655 4044 Aristotelis
678 3991 832 4060 interpretes
856 3992 977 4046 tradunt.
1022 3993 1092 4046 inter
1117 4009 1180 4062 quos
1204 3994 1319 4062 plurima
1343 3997 1371 4048 et

256 4078 414 4146 gravissima
441 4077 591 4146 fragmenta
615 4077 766 4148 Simplicius
794 4081 848 4134 sive
874 4081 930 4150 ipse
958 4083 1082 4150 expressit
1109 4083 1162 4136 sive
1189 4085 1308 4152 excerpta
1335 4084 1370 4138 ab

256 4165 402 4219 Alexandro
420 4167 588 4222 transtulit.“
623 4169 705 4233 Diels,
724 4169 787 4223 Dcx.
807 4171 964 4224 ron—104.
1001 4171 1107 4239 Fragm.
1126 4170 1189 4225 ibid.
1208 4172 1368 4226 475-527.

256 4254 298 4308 ef.
317 4254 421 4324 Usener,
440 4255 569 4310 Analecta
587 4257 790 4326 Theophrastea,
809 4258 897 4327 Leipz.
918 4259 995 4314 1858.
1032 4259 1127 4326 Zeller,
1152 4259 1234 4314 Ueher
1252 4260 1298 4314 die
1316 4261 1369 4314 Bc·

256 4343 449 4412 ιιαιταιιρ-ιῐιν
467 4345 598 4400 aristotel.
617 4347 795 4416 Metaplnsao'lc
813 4347 845 4400 ιἰι
870 4347 923 4402 dea
941 4348 1083 4414 Sciniftea
1102 4349 1151 4404 der
1169 4351 1274 4404 ᾰῑιινιιι
1291 4350 1370 4404 Peri-

251 4421 400 4504 pateriae,
418 4433 499 4489 Acad.
518 4434 615 4490 Berlin.
635 4435 712 4501 1877,
732 4437 791 4492 150.
