3130 4980
307 330 362 394 230
797 335 933 404 Megarici.
1389 9 1545 389 Ὶ

309 498 408 568 ἐναργη
427 497 578 568 πρότασιν,
607 497 649 549 ὅτι
674 489 712 548 ὧν
737 499 763 549 οἱ
782 498 861 565 λόγοι
879 495 966 566 ἕτεροι
985 506 1072 550 ταῦτα
1091 497 1170 570 ἕτερά
1188 498 1247 550 ἔστι
1265 497 1312 550 καὶ
1331 496 1374 550 δτι
1393 499 1429 549 τά

309 585 386 656 ἕτερα
404 587 566 657 κεχώρισται
586 586 714 652 ἀλλήλων,
734 585 850 638 ἐδόκουν
863 585 1004 638 δεικνύναι
1023 587 1108 638 αὐτόν
1127 586 1213 638 αὑτοῦ
1226 589 1432 657 κεχωρισμένον

308 673 433 728 ἕκαστον.
461 675 522 727 ἐπεὶ
540 675 595 744 γάρ
613 675 693 734 ἄλλος
710 674 764 746 μὲν
781 674 863 742 λόγος
882 675 1045 746 Σωκράτους
1062 683 1206 745 μουσικοῦ,
1227 677 1307 732 ἄλλος
1325 673 1428 726 δὲΣω-

307 765 423 833 κράτους
449 765 559 825 λευκοῦ,
592 767 632 828 εἴη
661 765 696 814 ἂν
728 766 776 814 καλ
803 765 949 832 Σωκράτης
988 763 1071 822 αύτός
1103 763 1189 814 αὑτοῦ
1212 767 1428 835 κεχωρισμένος.

306 850 348 904 Of.
368 850 549 914 Hartenstein
574 848 652 903 Vario.
672 849 698 904 d.
719 848 755 902 K.
775 850 865 903 εᾰιλε.
885 849 947 904 Ges.
960 849 995 904 ·d.
1020 849 1066 904 W.
1086 851 1107 914 1,
1127 851 1178 904 201
1190 866 1229 918 sq.

371 979 462 1060 Diog.
494 977 528 1041 H
554 985 626 1041 119.
680 974 791 1052 Δεινός
825 962 859 1038 δ’
885 973 967 1058 ἄγαν
1001 975 1046 1040 ὢν
1079 972 1112 1040 ἐν
1146 978 1217 1052 τοῖς
1251 973 1427 1063 ἐριστικοῖς
1437 993 1479 1034 aaa

305 1079 415 1173 άνῄρει
438 1081 496 1148 καὶ
519 1083 560 1146 τὰ
582 1077 688 1168 cion*
712 1079 770 1145 καὶ
792 1076 879 1165 ἔλεγε
902 1082 958 1146 τὸν
980 1079 1113 1165 λέγοντα
1130 1079 1310 1167 ἄνθρωπον
1325 1077 1427 1166 λέγειν

304 1188 427 1278 μηδένα
443 1192 471 1229 ¹·
495 1186 568 1254 σ’ύτε
592 1189 653 1274 γάρ
677 1186 769 1253 τόνδε
792 1185 920 1272 λέγειν2
944 1185 1017 1253 ούτε
1031 1186 1137 1252 τόνδε·
1161 1183 1195 1251 τί
1219 1189 1278 1274 γὰρ
1302 1187 1428 1270 μᾶλλον

306 1398 379 1467 ἔστι
399 1403 437 1466 τὸ
460 1401 675 1483 δεικνύμενον·
707 1399 845 1481 λάχανον
866 1398 926 1484 μὲν
948 1401 1010 1487 γὰρ
1033 1397 1071 1488 ἦν
1094 1403 1161 1487 πρὸ
1183 1397 1307 1486 μυρίων
1329 1398 1427 1464 ἑτῶν·

306 1506 364 1573 ούκ
387 1507 452 1594 άρα
476 1501 546 1572 ἔστι
569 1517 664 1572 τούτο
688 1506 834 1588 λάχανον.

378 1647 405 1689 κ.
431 1633 471 1684 Τὰ
490 1632 550 1697 εἴδη
569 1634 678 1699 apparet
701 1646 756 1684 esse
774 1630 848 1685 ideas
867 1630 996 1685 Platonis.
1033 1633 1072 1686 Do
1090 1635 1149 1687 toto
1167 1631 1224 1685 loco
1243 1631 1276 1684 oi.
1296 1630 1323 1683 Z.
1344 1629 1373 1683 11
1393 1631 1428 1683 1³

306 1722 411 1785 219,1.

171 2032 279 2073 nunus
373 2006 464 2086 Diog.
486 2005 520 2068 H
546 2011 618 2070 109.
667 2002 802 2081 Μεταξὺ
832 2001 869 2067 δὲ
892 2001 998 2067 άλλων
1020 1999 1119 2068 όντων
1148 2016 1205 2090 της
1229 2000 1427 2087 Εὐβουλίδου
1436 2021 1503 2062 2³ss

306 2111 462 2198 διαδοχῆς
483 2099 647 2188 Ἀλεξῖνος
669 2107 792 2194 ἐγένετο
812 2098 951 2190 Ἠλεῖος,
975 2108 1053 2197 ἀνὴρ
1077 2109 1350 2197 φιλονεικότατος,
1375 2109 1427 2175 διὸ

306 2215 364 2283 καὶ
372 2209 549 2302 Ἐλεγξῖνος
562 2214 740 2303 ἐπεκλήθη.
765 2213 930 2303 διεφέρετο
950 2214 987 2281 δὲ
1001 2215 1147 2299 μάλιστα
1167 2217 1251 2304 πρὸς
1264 2217 1426 2304 Ζήνωναθ.

91 2383 224 2436 anscauso
238 2388 293 2428 rano
352 2359 459 2422 'Sext
482 2358 583 2422 Math.
613 2358 661 2421 IX
686 2366 758 2424 108.
803 2345 891 2421 Ἀλλ’
924 2357 943 2421 ό
971 2380 1006 2442 γε
1026 2346 1190 2436 Ἀλεξῖνος
1224 2355 1271 2444 τῷ
1301 2359 1426 2445 Ζήνωνι
1435 2375 1505 2416 asoa

306 2462 476 2551 παρέβαλε
497 2463 611 2551 τρόπῳ
635 2463 731 2550 τῷδε·
765 2464 803 2529 τὸ
826 2464 1000 2551 ποιητικὸν
1022 2474 1081 2530 τοῦ
1102 2465 1147 2552 μὴ
1171 2474 1347 2552 ποιητικοῦ
1369 2463 1427 2530 καὶ

305 2572 344 2636 τὸ
367 2571 594 2657 γραμματικὸν
623 2581 680 2635 τοῦ
702 2571 747 2657 μὴ
771 2580 1001 2656 γραμματικοῦ
1022 2571 1167 2657 κρεῖττόν
1191 2569 1275 2650 ἐστι,
1306 2569 1365 2636 καὶ
1387 2575 1426 2637 τὸ

305 2679 391 2742 κατὰ
421 2678 479 2754 τὰς
509 2675 612 2754 citing
641 2674 752 2756 τέχνας
783 2676 1004 2764 θεωρούμενον
1033 2676 1179 2763 κρεῖττόν
1208 2675 1278 2743 ἐστι
1300 2688 1360 2742 τοῦ
1380 2679 1426 2765 μὴ

305 2786 468 2851 τοιούτου·
498 2781 572 2848 οὐδὲ
600 2778 635 2846 (ἓν
656 2781 693 2847 δὲ
716 2783 838 2865 κόσμου
862 2783 1007 2870 κρεῖττόν
1030 2783 1134 2849 ἐστιν·
1165 2784 1338 2872 ποιητικὸν
1362 2781 1426 2869 δρα

305 2889 363 2955 καὶ
386 2887 613 2976 γραμματικόν
635 2887 722 2954 ἐστιν
745 2889 762 2953 ὁ
786 2888 915 2972 κόσμος.

377 3010 405 3049 κ.
425 2995 538 3063 Scripsit
557 2993 680 3048 advorsus
700 2994 827 3048 Zenonem
849 2994 981 3059 Stoicum,
1000 3013 1025 3048 v.
1046 2993 1173 3064 Diogfll
1193 2996 1252 3049 110.
1289 2993 1356 3048 Erat
1376 2994 1425 3062 igi-

305 3088 351 3137 tur
368 3100 397 3136 cr
416 3081 602 3152 posterioribus
621 3083 775 3151 Megaricis,
801 3099 911 3151 qnorum
929 3091 1015 3148 secta,
1040 3086 1181 3152 postquam
1200 3082 1298 3136 Stoicis
1316 3083 1345 3136 in
1363 3099 1426 3136 non·

305 3171 387 3226 nullis
406 3173 580 3226 incitamento
599 3171 693 3236 iuerat,
713 3187 771 3225 mox
791 3172 877 3226 fracta
895 3175 976 3241 atqua
993 3173 1126 3226 exstincta
1144 3175 1192 3226 est.

378 3365 404 3433 1)
423 3369 512 3434 λέγειν
525 3365 634 3438 μηδένα
648 3366 754 3435 Rocper,
774 3371 831 3420 BP:
851 3367 922 3421 εἶναι
938 3367 1047 3439 μηδένα
1065 3366 1153 3435 vulga
1173 3367 1251 3431 εἶναι,
1270 3372 1360 3421 εἰπεῖν
1373 3387 1426 3440 μη-

306 3455 373 3508 δένα
392 3451 522 3508 Casaub.:
542 3455 621 3520 εἶναι,
640 3455 748 3528 μηδένα
767 3459 855 3525 λέγειν
873 3455 982 3524 Dayoks.
1004 3483 1036 3492 -
1056 3455 1084 3524 2)
1103 3456 1173 3509 εἶναι
1192 3454 1282 3510 Cobet.
