3140 4990
561 349 563 354 Ι
623 392 788 461 Protagoras.
1217 388 1269 448 ¹83

223 565 252 606 a.
270 551 310 604 De
328 552 429 606 maritis
448 552 625 623 sophistarum
642 553 670 606 in
694 552 806 606 historia
828 552 1006 622 philosophiae
1029 554 1099 606 τεοῖο
1122 551 1269 606 iudicandis

150 641 183 694 oi.
198 639 226 695 (λ
241 639 270 694 F.
285 639 427 708 Hermann,
446 641 541 698 Geaob.
560 659 588 695 ιι.
603 641 710 712 Syriam
729 641 755 696 ά.
769 641 880 696 Platon.
912 641 1015 696 Pholoe.
1033 641 1055 708 Ι,
1073 658 1098 712 p.
1118 641 1268 696 179-231.

148 728 249 798 ΗοςοΙ,
276 729 370 784 Gesoh.
396 730 423 784 ά.
447 730 550 784 Ρλίῑοε.
573 730 600 783 ΙΙ
619 730 725 788 ..e-27.
769 728 863 797 Grato,
891 730 996 800 λίείονγ
1023 728 1059 794 of
1080 729 1178 784 Graece
1204 729 1269 783 VIII

148 815 300 872 474-544
337 818 428 886 Riese,
452 820 479 872 d.
505 824 556 872 att.
576 817 752 872 Βονεάεοκιλ.
771 835 795 873 ο.
817 818 937 888 Gorpiaa
956 818 997 872 bia
1015 835 1050 872 zu
1067 817 1184 888 Lysias,
1206 817 1267 888 Lpz.

149 907 233 972 raba,
259 925 284 976 p.
310 908 423 962 re-aa.
460 907 487 962 z.
506 907 538 960 1⁴
563 908 751 962 roes-roae.
787 906 901 962 Athenis
921 907 960 960 vu
977 907 1088 960 maxime
1107 907 1267 974 colebantur,
1281 890 1481 986 ruapwu.

148 1011 211 1047 nam
229 994 266 1048 ibi
284 999 348 1050 tuno
366 1013 454 1050 ornnes
472 996 637 1050 confluebant
661 997 707 1066 qui
736 997 839 1050 orbibus
863 995 1013 1066 litterisque
1037 995 1157 1050 liberiore
1180 995 1268 1050 studio

148 1084 285 1150 vacabant,
304 1085 335 1139 oi.
354 1086 431 1139 Plato
450 1086 555 1154 Proleg.
574 1104 599 1157 p.
619 1087 670 1140 337
685 1085 718 1152 D,
738 1086 783 1138 ubi
796 1085 907 1156 Hippias
920 1085 1000 1138 Eleus
1013 1083 1132 1138 Athenas
1149 1085 1268 1138 nominat

149 1182 196 1240 τῆς
213 1168 343 1236 Ἑλλάδος
361 1177 393 1227 τὸ
411 1183 578 1249 πρυτανεῖον
597 1186 642 1243 τῆς
661 1168 770 1246 σοφίας.
809 1171 887 1243 Gorg.
907 1192 932 1245 p.
952 1175 1004 1229 461
1019 1173 1041 1226 Ε
1056 1169 1182 1241 Ἀθήναζε
1202 1176 1267 1246 ἀιγι·

148 1262 277 1334 κάμινος,
304 1255 336 1316 οὗ
361 1273 406 1330 τῆς
422 1259 552 1325 Ἑλλάδος
577 1267 691 1331 πλείστη
715 1265 791 1318 ἐστὶν
815 1265 927 1326 ἐξουσία
947 1273 996 1318 τοῦ
1019 1266 1114 1333 λέγειν.
1150 1261 1267 1316 Labanbe

148 1351 283 1420 republica
309 1351 389 1404 otiam
417 1351 561 1422 sophistae
574 1352 601 1405 in
626 1352 700 1422 peius
723 1352 835 1404 ruebant
857 1355 886 1404 et
909 1351 1022 1420 argutiis
1047 1351 1102 1404 suis
1124 1350 1267 1406 δίεΙοολίοίε

147 1439 288 1510 pravisque
307 1441 470 1510 opinionibus
488 1441 522 1493 ad
548 1457 633 1494 mores
652 1440 796 1494 turbandos
819 1440 859 1493 vel
883 1440 993 1494 marimo
1015 1439 1211 1510 pertinuerunt,
1236 1443 1268 1493 ut

147 1532 255 1583 constat
273 1546 304 1582 ex
322 1529 431 1583 Platone
449 1532 503 1597 (BP
521 1531 592 1596 247).

574 2047 839 2146 Protagoras.

93 2387 134 2427 ιιι
214 2365 305 2447 Diog.
333 2365 380 2428 IX
416 2374 467 2432 50.
509 2365 754 2452 Πρωταγόρας*
781 2354 983 2454 Ἀρτέμωνος
1006 2362 1040 2453 ἢ,
1072 2365 1116 2444 ὡς
1140 2352 1265 2431 ’Λπολ-
1307 2382 1315 2424 i

147 2470 290 2560 λόδωρος
318 2469 375 2536 καί
405 2469 525 2537 Δείνων
554 2471 587 2536 ἐν
609 2475 803 2558 Περσικοῖς,
831 2468 1040 2559 Μαιανδρίου
1061 2461 1265 2561 Ἀβδηρίτης,

147 2577 242 2644 καθά
266 2600 365 2666 φησιν
385 2566 600 2667 Ἡρακλείδης
622 2579 640 2644 ὁ
660 2579 822 2656 Ποντικὸς
844 2575 878 2644 ἐν
900 2581 970 2656 τοῖς
993 2576 1071 2665 περὶ
1094 2577 1206 2661 νόμων,
1230 2573 1266 2657 ὃς

146 2683 205 2750 καί
243 2681 395 2771 Θουρίοις
428 2685 544 2768 νόμους
578 2684 707 2773 γράψαι
745 2683 845 2773 φησίν
879 2682 1003 2749 aurove
1040 2722 1081 2732 -
1117 2684 1266 2773 διήκουσε

148 2791 186 2856 δὲ
210 2830 252 2838 -
276 2788 482 2880 Δημοκρίτου
490 2801 510 2856 ⁰.
559 2801 609 2857 51.
637 2790 693 2857 καί
721 2789 841 2880 ἤρξατό
870 2815 936 2856 που
965 2802 1078 2856 τοῦτον
1105 2791 1161 2856 τὸν
1189 2789 1265 2877 τρό-

148 2923 221 2964 πον.
247 2936 288 2946 -
313 2897 421 2986 ,Περὶ
443 2896 503 2982 μὲν
525 2903 612 2963 θεῶν
635 2895 693 2963 οὐκ
708 2893 769 2980 ἐγω
784 2893 902 2962 εἰδέναι
918 2887 995 2963 οὔθ’
1014 2898 1059 2976 ὡς
1073 2893 1162 2978 εἰσίν,
1186 2885 1263 2963 oba'

148 3005 193 3083 ὡς
210 3003 267 3071 οὐκ
282 2999 379 3070 εἰσίν·
403 3004 512 3070 πολλοὶ
535 3006 595 3092 γάρ
618 3006 660 3069 τὰ
675 3004 839 3070 κωλύοντα
862 2999 991 3084 εἰδέναι,
1015 3005 1035 3093 η’
1057 2992 1089 3069 τ’
1108 3003 1266 3094 ἀδηλότης

147 3111 207 3178 καί
225 3113 349 3199 ’βραχὺς
365 3111 408 3175 ὣν
431 3111 449 3176 ὁ
463 3107 535 3195 βίος
550 3122 607 3177 τοῦ
622 3110 801 3197 ἀνθρώπου
808 3110 851 3175 ‘¹3‘
884 3119 935 3176 52.
955 3110 1011 3175 διά
1022 3110 1141 3199 ταότην
1154 3110 1190 3176 δὲ
1209 3112 1266 3200 τὴν

147 3217 247 3307 ἀρχὴν
268 3229 325 3283 τοῦ
348 3217 596 3305 συγγράμματος
619 3213 778 3307 ἐξεβλήθη
809 3217 893 3304 πρὸς
912 3206 1114 3306 Ἀθηναίων·
1144 3215 1202 3283 καί
1224 3219 1266 3282 τά

146 3313 255 3410 βιβλί’
274 3323 372 3390 αὐτοῦ
383 3323 585 3390 κατέκαυσαν
602 3324 635 3390 ἐν
650 3325 694 3414 τῇ
711 3324 814 3412 ἀγορᾷ
829 3325 895 3390 ὑπὸ
911 3325 1025 3412 κήρυκι
1037 3322 1266 3407 ἀναλεξάμενοι

147 3421 236 3519 παρ’
264 3427 401 3496 ἑκάστου
424 3444 488 3496 τιον
511 3429 738 3519 κεκτημένωνθ.
785 3425 877 3508 οὗτος
899 3443 1031 3517 πρῶτος
1052 3431 1176 3512 μισθὸν
1198 3424 1266 3495 εἱσ-

147 3537 316 3626 επράξατο
345 3548 428 3620 μνᾶς
462 3533 585 3603 ἑκατόν.
623 3575 667 3586 -
700 3535 757 3602 καὶ
786 3539 843 3626 τὴν
872 3536 1018 3602 διάνοιαν
1052 3534 1147 3624 ἀφεὶς
1182 3536 1266 3623 πρὸς

148 3644 289 3729 τοόνομα
313 3642 464 3732 διελέχθη
488 3643 604 3710 καὶτὸ
634 3654 686 3708 νῦν
709 3642 913 3724 ἐπιπολάζον
941 3641 1030 3728 γένος
1057 3656 1122 3708 τῶν
1144 3640 1266 3729 ἐριστι-

147 3767 213 3818 κῶν
236 3749 403 3839 ἐγέννησεν.
426 3787 470 3797 -
495 3759 545 3817 53.
574 3749 631 3816 καὶ
660 3763 793 3837 πρῶτος
821 3747 985 3828 κατέδειξε
1008 3750 1066 3827 τὰς
1093 3751 1178 3836 πρὸς
1206 3749 1266 3826 τὰς

147 3857 260 3936 θέσεις
284 3857 496 3946 ἐπιχειρήσεις
505 3856 523 3922 s.
548 3894 590 3906 -
613 3894 657 3904 —
680 3855 782 3923 διεῖλέ
809 3881 844 3924 τε
866 3858 922 3923 τὸν
945 3856 1039 3941 λόγον
1062 3870 1194 3944 πρῶτος
1220 3851 1266 3933 εἰς

147 3963 303 4052 τέτταρα·
319 3963 464 4052 εὐχωλήν,
481 3962 645 4052 ἐρώτησιν,
661 3963 845 4051 ἀπόκρισιν,
861 3962 1018 4052 ε’ντολήνῑ.
1042 3999 1086 4010 -
1110 3971 1161 4029 55.
1184 3959 1266 4050 φησί

148 4072 184 4138 δὲ
213 4070 390 4159 Φιλόχορος
419 4069 575 4149 πλέοντος
605 4068 704 4136 αὐτοῦ
734 4069 767 4148 ἐς
790 4067 939 4136 Σικελίαν
972 4071 1029 4158 τὴν
1057 4079 1134 4134 ναῦν
1162 4091 1266 4133 κατα-

147 4183 371 4265 ποντωθῆναι,
388 4176 444 4242 καὶ
456 4187 551 4243 τοῦτο
569 4172 777 4253 αἰνίττεσθαι
789 4173 970 4264 Εὐριπίδην
989 4174 1021 4240 ἐν
1032 4176 1079 4262 τῷ
1088 4165 1205 4254 Ἰξίονι.
1223 4211 1265 4222 -

149 4293 199 4353 56.
222 4273 473 4368 ’Λπολλόδωρος
496 4281 533 4348 δέ
554 4305 654 4372 φησιν
676 4279 896 4372 ἑβδομήκοντα
925 4279 995 4370 (έτη
1023 4283 1190 4366 βιώσαντα
1213 4303 1266 4345 τε-

147 4389 323 4479 λευτῆσαι),
347 4401 557 4478 σοφιστεῦσαι
580 4388 617 4456 δὲ
639 4387 901 4476 τεσσαράκοντα11
923 4387 981 4455 καί
1005 4386 1161 4472 ἀκμάζειν
1180 4388 1265 4453 κατὰ

147 4501 205 4587 τὴν
227 4495 380 4585 τετάρτην
403 4495 460 4562 καί
483 4493 697 4585 ὀγδοηκοστὴν
718 4484 928 4579 Ὀλυμπιάδα
952 4496 992 4579 (a.
1016 4497 1216 4580 444—440).

998 4603 1053 4656 13*
