3156 4988
315 375 370 436 ὀδό
795 377 961 433 Aristoteles.

316 533 367 625 εἴη
397 541 471 615 ταῖς
501 533 688 623 ἱερωσύναις
717 537 905 605 ἀποδοτέον.
953 533 997 603 ὧν
1025 536 1084 621 μὲν
1106 533 1212 603 τοίνυν
1241 535 1315 602 άνευ
1340 536 1434 614 πόλις

318 643 356 710 οό
378 641 584 724 συνίσταται,
608 643 666 708 καί
689 644 750 710 ὅσα
773 642 855 733 μέρη
878 644 1014 722 πόλεως,
1037 639 1174 731 εἴρηται.
1221 642 1356 731 γεωργοί
1377 641 1434 726 μέν

318 752 379 838 γάρ
409 749 466 816 καί
497 755 638 832 τεχνῖται
669 749 726 816 καί
756 762 824 816 πᾶν
853 753 891 817 τὸ
921 753 1061 840 θητικὸν
1084 749 1260 835 ἀναγκαῖον
1282 749 1433 838 ὑπάρχειν

318 860 394 934 ταῖς
417 857 559 937 πόλεσιν,
582 856 663 946 μέρη
687 856 724 922 δέ
746 870 803 946 της
826 859 952 935 πόλεως
975 857 1013 923 τό
1036 881 1070 922 τε
1092 857 1266 922 δπλιτικόν
1288 855 1346 921 καί
1360 861 1434 940 βου-

318 963 480 1029 λευτικόν·
526 961 584 1028 καὶ
606 964 798 1051 κεχώρισται
822 965 861 1052 δὴ
885 964 1007 1029 τοότιον
1021 961 1167 1044 ἕκαστον,
1191 964 1229 1028 τὸ
1243 961 1303 1046 μέν
1318 959 1375 1043 ἀεί,
1398 964 1434 1029 τὸ

318 1067 356 1133 δὲ
379 1070 464 1134 κατὰ
486 1068 592 1156 μέρος.
648 1149 651 1155 .

391 1225 419 1265 a.
445 1211 483 1265 Cf.
502 1211 557 1265 Pol.
576 1211 616 1264 ΠΙ
634 1211 659 1265 5.
681 1211 804 1264 1978ὓ4
828 1214 889 1266 ἐπεὶ
915 1208 978 1266 οόδ’
996 1215 1023 1265 οἱ
1047 1212 1147 1272 παῖδες
1171 1213 1301 1272 ὡσαύτως
1326 1215 1435 1265 πολῖται

319 1304 365 1352 καὶ
385 1303 412 1352 οἱ
431 1301 536 1370 ἀνδρες,
557 1297 617 1354 ἀλλ’
637 1302 734 1372 οἱμὲν
753 1302 853 1360 ἁπλῶς,
873 1303 901 1353 οἱ
920 1297 948 1354 δ’
965 1303 995 1362 ἐξ
1015 1303 1178 1360 ὑποθέσεως.

391 1421 420 1476 b.
447 1421 485 1477 Cf.
504 1423 559 1477 Pol.
580 1423 630 1476 VII
649 1425 674 1477 8.
696 1423 782 1478 1328b
801 1423 834 1476 21
855 1424 901 1478 δεῖ
919 1428 972 1497 ἀρα
991 1435 1118 1496 γεωργῶν
1137 1420 1163 1477 τ’
1181 1423 1251 1477 εἶναι
1272 1427 1387 1490 πλῆθος,
1411 1425 1437 1476 οἳ

322 1515 560 1583 παρασκευάζουσι
588 1515 636 1579 τὴν
666 1515 783 1586 τροφήν,
811 1517 858 1566 καὶ
883 1518 1019 1583 τεχνίτας,
1047 1517 1093 1566 καὶ
1118 1515 1149 1566 τὸ
1172 1515 1315 1584 μάχιμον,
1343 1515 1388 1565 καὶ
1406 1513 1437 1563 τὸ

322 1603 446 1673 εὔπορον,
465 1606 511 1654 καὶ
531 1605 616 1673 ἱερεῖς,
636 1607 682 1654 καὶ
700 1603 793 1678 κριτάς
811 1613 866 1654 τῶν
884 1601 1000 1655 δικαίων
1017 1605 1064 1654 καὶ
1084 1603 1289 1674 συμφερόντων.

147 1808 295 1913 „ism”
390 1813 456 1877 Pol.
478 1813 530 1878 ΠΙ
547 1823 574 1878 6.
600 1813 705 1879 12781)
723 1821 751 1878 6.
793 1801 886 1877 Ἐπεί
909 1811 1073 1877 δὲταῦτα
1096 1811 1279 1898 διώρισται,
1303 1812 1342 1876 τό
1356 1812 1438 1894 μετὰ
1447 1821 1510 1866 ³⁴ss

319 1928 425 1986 ,ταῦτα
454 1916 614 1984 σκεπτέον
644 1918 782 2006 πότερον
809 1915 888 2002 μίαν
912 1917 1027 1984 θετέον
1051 1915 1222 1984 πολιτείαν
1253 1913 1438 2006 ἢπλείους,

322 2026 382 2092 κάν
404 2021 432 2091 εί
456 2022 605 2105 πλείοις,
628 2023 712 2102 τίνες
734 2024 791 2090 καί
815 2025 935 2104 πόσαι,
967 2024 1024 2090 καὶ
1048 2023 1207 2112 διαφοραί
1229 2021 1314 2102 τίνες
1336 2023 1441 2089 αότῶν

321 2129 410 2198 εἶσιν.
457 2128 527 2197 ἔστι
550 2130 586 2197 δέ
610 2128 810 2197 πολιτεία
833 2132 960 2208 πόλεως
981 2131 1075 2210 τάξις
1090 2145 1154 2196 τῶν
1167 2155 1203 2196 τε
1218 2131 1325 2195 ἀλλων
1339 2130 1441 2216 ἀρχῶν

322 2237 379 2304 καί
408 2238 553 2321 μάλιστα
580 2250 638 2325 τῆς
668 2234 782 2324 κυρίας
816 2237 976 2302 πάντωνῦ.
1013 2275 1054 2288 --
1100 2243 1205 2304 12·ι“9”ι
1230 2247 1269 2304 17
1306 2236 1442 2324 φανερὸν

322 2341 429 2409 τοίνυν
452 2344 496 2421 ὡς
519 2343 595 2408 ὅσαι
617 2342 677 2426 μέν
700 2344 869 2408 πολιτεῖαι
892 2345 930 2409 τὸ
954 2342 1048 2432 κοινῇ
1068 2341 1231 2429 συμφέρον
1254 2351 1440 2421 σκοποῦσιν,

324 2443 421 2514 αίται
444 2449 504 2532 μέν
527 2447 629 2537 ὀρθαί
654 2449 860 2535 τυγχάνουσιν
883 2446 978 2514 οὖσαι
1002 2451 1087 2514 κατά
1110 2451 1148 2514 τὸ
1165 2448 1281 2525 άντλῶς
1304 2445 1441 2528 δίκαιον,

323 2555 399 2621 δ’σαι
422 2554 458 2621 δέ
480 2557 518 2621 τὸ
541 2554 695 2644 σφέτερον
709 2555 807 2639 μόνον
822 2568 886 2620 τῶν
903 2555 1070 2641 ἀρχόντων,
1094 2553 1316 2643 ἡμαρτημέναι
1334 2563 1443 2618 πᾶσαι

324 2659 407 2728 καὶ1
431 2661 652 2750 παρεκβάσεις
681 2675 745 2727 τῶν
775 2659 885 2750 ὀρθῶν
915 2662 1106 2728 πολιτειῶν·
1152 2659 1349 2726 δεσποτικαὶ
1372 2659 1442 2747 γάρ,

324 2770 344 2855 ἡ
368 2767 404 2833 δὲ
426 2751 524 2845 πόλις
553 2765 706 2834 κοινωνία
729 2780 793 2832 τῶν
821 2765 1001 2854 ἐλευθέρων
1024 2765 1120 2833 ἐστίν.
1168 2777 1196 2833 7.
1225 2765 1444 2852 διωρισμένων

325 2873 361 2938 δέ
383 2875 503 2939 τούτων
526 2873 672 2957 ἐχόμενόν
694 2873 764 2939 έστι
787 2875 847 2952 τάς
863 2871 1033 2952 πολιτείας
1048 2869 1314 2960 ἐπισκέψασθαι,
1339 2871 1444 2937 πόσαι

325 2981 380 3044 τὸν
402 2978 546 3066 ἀριθμὸν
575 2977 632 3044 καί
662 2976 745 3057 τίνες
768 2976 847 3059 εἶσί,
876 2977 933 3044 καί
956 2992 1088 3066 πρῶτον
1110 2981 1170 3056 τὰς
1193 2977 1298 3066 ὀρθάς
1322 2977 1445 3043 αότῶν·

325 3083 382 3150 καί
406 3086 466 3170 γάρ
490 3081 526 3150 αλ
550 3086 770 3172 παρεκβάσεις
793 3081 923 3150 έσονται
946 3083 1087 3172 φανεραί
1115 3085 1236 3150 τούτων
1260 3085 1445 3172 διορισθει-

326 3203 399 3256 σῶν.
446 3190 520 3257 ἐπεὶ
544 3189 580 3256 δέ
603 3189 758 3257 πολιτεία
780 3189 839 3274 μὲν
862 3189 919 3256 καί
935 3187 1119 3273 πολίτευμα
1143 3187 1292 3278 σημαίνει
1316 3187 1444 3270 ταότόν,

326 3295 509 3381 πολίτευμα
533 3288 569 3362 δ’
588 3295 658 3362 ἐστὶ
687 3299 725 3363 τὸ
754 3298 864 3384 κόριον
893 3309 958 3361 τῶν
987 3297 1128 3376 πόλειυν,
1164 3295 1286 3383 ἀνάγκη
1311 3285 1343 3360 δ’
1361 3287 1446 3360 εἶναι

326 3404 434 3491 κόριον
457 3405 477 3492 ἢ
500 3401 556 3468 ένα
580 3405 599 3491 ἢ
623 3400 750 3488 ὀλίγους
772 3405 793 3492 ἢ
814 3405 890 3480 τοὺς
905 3403 1056 3482 πολλούς,
1080 3403 1158 3468 όταν
1179 3400 1238 3484 μέν
1262 3401 1279 3466 ὀ
1302 3391 1349 3479 εἷς
1371 3401 1391 3488 ἢ
1412 3396 1446 3466 οἱ

327 3507 430 3594 ὀλίγοι
453 3510 473 3597 ἢ
496 3505 526 3574 ολ
551 3507 671 3574 πολλοί
694 3511 778 3594 πρὸς
800 3510 838 3574 τὸ
861 3510 968 3574 κοινὸν
990 3506 1153 3596 συμφέρον
1168 3507 1299 3593 ἀρχιυσι,
1323 3507 1446 3584 ταύτας

326 3614 385 3699 μέν
407 3613 512 3700 ὀρθάς
534 3615 710 3700 ἀναγκαῖον
732 3607 815 3680 εἶναι
838 3616 898 3692 τάς
922 3611 1108 3694 πολιτείας,
1143 3615 1202 3692 τάς
1232 3612 1269 3679 δέ
1299 3614 1385 3699 πρὸς
1407 3613 1446 3678 τὸ

325 3717 411 3786 ’ίδιον
434 3721 454 3808 ἢ
476 3731 533 3785 τοῦ
556 3717 624 3798 ἓνός
647 3721 667 3808 ἢ
689 3733 754 3785 τῶν
776 3717 928 3808 ὀλίγωνῆ
950 3731 1009 3786 τοῦ
1032 3721 1183 3808 πλήθους
1207 3718 1445 3804 παρεκβάσεις·

327 3827 348 3914 ἢ
371 3827 431 3913 γάρ
455 3825 491 3892 σό
515 3823 656 3903 πολίτας
679 3826 800 3914 φατέον
822 3818 905 3891 εἶναι
928 3827 1002 3904 τοὺς
1023 3825 1228 3909 μετέχοντας,
1259 3825 1353 3913 ἣδεῖ
1375 3847 1446 3890 κοι-

326 3935 435 3998 νωνεῖν
457 3944 515 3998 τοῦ
538 3930 765 4020 συμφέροντος.
796 3932 906 3997 καλεῖν
930 3921 963 3996 δ>
981 3929 1146 4015 εἰώθαμεν
1169 3943 1233 3995 τῶν
1248 3929 1308 4012 μὲν
1322 3953 1446 4016 μοναρ-

325 4051 405 4120 χιῶν
420 4039 476 4126 τὴν
492 4039 576 4125 πρὸς
592 4039 630 4102 τό
645 4039 751 4103 κοινὸν
767 4036 1023 4121 ἀποβλέπουσαν
1038 4036 1202 4125 συμφέρον
1216 4032 1444 4119 βασιλείαν,

327 4145 385 4230 τὴν
407 4142 444 4208 δὲ
465 4157 531 4208 τῶν
553 4141 669 4229 ὀλίγων
690 4142 750 4226 μέν
779 4143 938 4208 πλειόνιυν
960 4133 992 4208 δ’
1011 4140 1079 4222 ἑνὸς
1102 4138 1444 4229 ἀριστοκρατίαν,
1519 4185 1521 4190 ,

328 4249 348 4336 ἢ
371 4249 427 4313 διὰ
449 4250 486 4314 τό
509 4250 582 4327 τοὺς
606 4246 757 4336 ἀρίστους
779 4249 885 4336 ὀίρχειν
908 4250 928 4338 ἢ
951 4249 1007 4314 διά
1029 4251 1067 4315 τὸ
1091 4251 1175 4336 πρὸς
1197 4249 1236 4313 τὸ
1251 4248 1384 4334 ὀίριστον
1402 4245 1446 4334 τῇ

403 4479 427 4543 l)
447 4490 536 4534 πᾶσαι
553 4480 601 4534 καὶ
621 4480 706 4547 vulgo,
726 4479 840 4534 Bekker:
859 4483 906 4533 καὶ
926 4489 1015 4534 πᾶσαι
1033 4477 1088 4531 cod.
1107 4477 1124 4530 J
1132 4477 1153 4542 b,
1174 4475 1283 4544 Goettl„
1303 4476 1391 4530 Skahr.
