3146 4982
347 1259 589 1346 Platonici
627 1266 677 1346 et
707 1261 1022 1365 Pythagorici
1052 1261 1366 1345 recentiores.

804 1470 910 1479 ἡ·-

143 1606 274 1710 ᾑξζξξζξξξ
369 1608 494 1674 Suidas.
536 1597 760 1686 Ἀπολλώνιος
787 1609 933 1689 Τυανεύς,
956 1607 1147 1697 φιλόσοφος.
1164 1645 1206 1654 -
1222 1604 1346 1694 ἤκμαζε
1359 1603 1421 1689 μὲν
1429 1608 1469 1650 ⁴⁹⁹

301 1712 360 1780 ἐπὶ
384 1711 551 1780 Κλαυδίου
574 1712 632 1780 καὶ
648 1713 748 1780 Γαΐου
771 1714 830 1781 καὶ
845 1714 994 1803 Νέρωνος
1016 1713 1075 1780 καὶ
1095 1711 1190 1800 μέχρι
1213 1710 1335 1800 Νέρβα,
1358 1700 1416 1800 ἐφ’

300 1813 340 1886 οὗ
359 1819 417 1886 καὶ
432 1819 639 1909 μετήλλαξεν.
664 1819 829 1910 ἐσιώπησε
844 1819 880 1887 δὲ
902 1823 988 1888 κατὰ
1003 1819 1209 1906 Πυθαγόραν
1224 1817 1321 1885 πέντε
1336 1815 1418 1907 ἔσῃ’.

299 1919 370 1993 εἶτα
393 1925 517 2016 ἀπῆρεν
544 1924 591 2006 εἰς
613 1923 801 2012 Αἴγυπτον,
824 1923 942 1994 ἔπειτα
965 1923 1011 2004 εἰς
1034 1926 1215 2011 Βαβυλῶνα
1239 1925 1324 2012 πρὸς
1346 1925 1420 2002 τοὺς

298 2033 420 2120 μάγους
450 2033 604 2099 κάκεῖθεν
632 2031 691 2099 ἐπὶ
713 2034 788 2112 τοὺς
805 2021 963 2122 Ἄραβας,
995 2031 1052 2099 καὶ
1075 2031 1205 2120 συνηξεν
1227 2029 1264 2096 ἐκ
1286 2031 1420 2096 πάντων

297 2141 341 2205 τὰ
362 2137 463 2228 μυρία
486 2137 544 2206 καὶ
566 2137 644 2228 περὶ
667 2137 767 2205 αὐτοῦ
788 2140 993 2228 θρυλούμενα
1015 2136 1296 2225 μαγγανεύματαῧ.
1329 2135 1419 2202 συνέ·

298 2246 375 2326 ταξε
397 2245 434 2314 δὲ
455 2257 618 2313 τοσαῦτα·
656 2245 794 2324 Τελευὰς
816 2247 836 2335 ἢ
857 2245 933 2334 περὶ
960 2249 1097 2326 Θυσιῶν,
1120 2245 1301 2332 Διαθήκην,
1326 2247 1418 2332 Χρρ·

299 2353 407 2436 σμούς,
428 2341 636 2433 Ἐπιστολάς,
659 2352 861 2440 Πυθαγόρου
883 2350 984 2437 plova.

369 2476 526 2531 Philostrati
545 2476 627 2529 vitam
645 2475 732 2546 Apoll.
751 2476 833 2544 Tyan.
852 2476 892 2530 ed.
911 2475 939 2531 C.
958 2475 987 2529 L.
1006 2475 1116 2544 Kayser,
1135 2473 1220 2529 Turio.
1242 2474 1319 2541 1853,
1347 2473 1417 2544 Lips.

299 2565 377 2622 1870.
421 2565 589 2635 Scripserimt
613 2565 645 2618 de
669 2564 822 2635 Apollonio:
849 2565 878 2619 F.
898 2564 926 2620 C.
945 2565 1025 2631 Bam,
1054 2563 1219 2634 Apollonius
1243 2580 1270 2617 υ.
1291 2561 1418 2616 Christus

298 2655 336 2721 (in
355 2656 428 2710 Dret
447 2655 517 2710 Aut.
536 2671 560 2708 a.
580 2651 678 2708 (iasab.
704 2654 730 2706 d.
749 2654 797 2707 alt.
816 2653 934 2720 Philon,
959 2653 1029 2723 Iips.
1049 2653 1137 2718 1876).
1174 2651 1204 2706 Ε.
1222 2651 1327 2718 Mulier,
1346 2651 1418 2718 Lieg-

297 2744 353 2797 nitn
373 2744 451 2799 1861.
487 2743 513 2797 J.
531 2743 633 2809 Jessen,
653 2741 748 2796 Hamb.
768 2741 847 2797 1885.

369 2863 398 2907 a.
418 2848 551 2920 Apollonii
570 2848 651 2902 vitam
668 2848 853 2901 miraculorum
871 2848 967 2902 fabulis
985 2851 1136 2902 exornatam
1154 2847 1334 2901 Philostratus
1353 2863 1417 2900 com·

298 2938 387 3008 posuit
409 2940 443 3004 (a.
463 2938 523 2992 circ.
542 2937 606 3003 220)
630 2953 660 2990 eo
684 2937 804 3004 oonsilio,
828 2939 861 2990 ut
885 2937 1015 3007 specimen
1037 2935 1146 3006 perfecti
1170 2935 1297 3006 sapientis
1321 2935 1417 3003 Pytha·

297 3026 370 3094 gorei
397 3043 459 3079 suae
486 3026 583 3079 aetatis
610 3025 759 3079 hominibus
786 3029 949 3096 proponeret.
986 3025 1027 3080 Ne
1050 3025 1169 3079 Damidis
1197 3024 1317 3094 quidem,
1342 3039 1416 3093 quem

298 3117 432 3169 auctorem
451 3131 478 3167 se
497 3115 570 3183 sequi
589 3114 655 3168 dicit
672 3115 696 3181 (Ι
714 3116 750 3180 3),
774 3115 830 3168 ussa
848 3117 890 3168 est
907 3113 980 3168 fides.
1017 3115 1163 3168 Institutas
1188 3130 1245 3168 esse
1263 3111 1416 3182 Apollonius

299 3202 397 3257 dicitur
415 3203 448 3256 ab
466 3202 573 3256 Euxeno
591 3203 764 3272 Pythagoreo,
791 3203 837 3257 sed
854 3203 1012 3272 magistrum
1030 3203 1192 3257 abstinentia
1209 3206 1238 3256 et
1256 3203 1352 3256 ceteris
1369 3201 1416 3270 Py-

299 3291 483 3360 thagoreorum
509 3292 655 3346 mutibus
681 3293 759 3360 longe
778 3307 928 3362 superasse:
949 3292 1076 3346 Philostr.
1094 3292 1126 3346 V.
1146 3292 1233 3362 Apoll.
1252 3291 1266 3344 I
1286 3292 1310 3345 t.
1330 3293 1354 3346 8.
1375 3291 1414 3345 14.

297 3380 523 3450 Pythagoreorum
540 3381 639 3450 placita
656 3397 687 3434 ac
705 3381 870 3451 disciplinam
889 3383 953 3435 tunc
966 3381 1037 3452 apud
1054 3381 1153 3435 multos
1172 3380 1256 3434 denuo
1275 3379 1416 3434 invaluisse

297 3469 351 3522 iam
384 3486 463 3540 supra
490 3469 690 3524 memoravimus
717 3475 761 3523 BP
789 3471 870 3525 teus.
917 3469 1033 3525 Cruenta
1064 3469 1191 3524 sacrificia
1222 3471 1416 3539 aspernabatur

298 3561 439 3628 praeeunte
463 3559 628 3628 Pythagora,
654 3558 690 3613 ib.
709 3558 723 3612 Ι
741 3560 790 3626 31,
816 3559 862 3612 sed
886 3562 975 3613 tamen
999 3559 1071 3612 ultra
1095 3561 1234 3629 praecepta
1252 3558 1417 3627 Pythagorae

297 3663 452 3717 progressus
479 3664 512 3700 ne
539 3647 734 3702 matrimonium
762 3647 866 3718 quidem
894 3648 1055 3718 sequendum
1082 3665 1139 3702 esse
1166 3648 1293 3718 putabat,
1322 3647 1416 3718 quippe

298 3734 413 3790 officiens
431 3737 628 3806 temperantiae.
665 3735 841 3790 Numerorum
867 3737 1013 3791 doctrinam
1032 3737 1213 3806 symbolicam,
1242 3753 1309 3806 quae
1328 3737 1416 3791 eadem

297 3827 386 3879 aetate
417 3826 533 3895 exemplo
566 3825 792 3894 Pythagoreorum
825 3825 981 3880 tradebatur
1014 3844 1030 3879 a
1056 3825 1248 3892 Moderato,
1282 3828 1375 3894 postea
1401 3842 1416 3878 a

297 3912 428 3968 'Phaone
446 3913 587 3982 Smyrnaeo
610 3916 639 3968 et
655 3913 874 3982 Nicomacho,
892 3914 1047 3986 Apollonius
1071 3909 1130 3968 non'
1148 3913 1219 3968 tanti
1236 3914 1330 3968 fecisse
1348 3914 1413 3968 vide

297 4005 356 4069 tur;
374 4002 410 4057 ib.
428 4001 525 4056 11130.

367 4091 399 4150 b.
417 4091 546 4146 Miracula
563 4090 695 4162 Apollonii
713 4091 894 4146 Philostratus
912 4110 964 4146 non
983 4109 999 4146 a
1018 4093 1126 4161 magicis
1150 4093 1252 4147 artibus
1275 4092 1415 4163 repetenda

295 4196 353 4234 esse
377 4180 507 4247 affirmat,
536 4180 583 4235 sed
607 4197 623 4233 a
648 4181 778 4251 sapientia
802 4182 858 4235 eius
882 4181 1027 4252 intimaque
1053 4198 1184 4252 quacum
1202 4182 1242 4235 dis
1261 4181 1413 4235 coniunctus

296 4269 377 4322 fuerit
401 4269 527 4324 enne:
554 4270 590 4324 ib.
613 4269 676 4336 123
700 4270 724 4322 V
742 4271 785 4324 12.
822 4269 901 4341 Apud
923 4272 1081 4342 posteriores
1100 4273 1211 4340 ¹tantum
1229 4271 1343 4324 invaluit
1360 4271 1413 4324 eius

297 4357 421 4412 memoria
447 4374 478 4411 ac
502 4359 646 4426 sanctitas,
674 4361 707 4412 ut
729 4359 830 4429 passim
854 4360 948 4414 divinis
972 4360 1114 4416 honoribus
1132 4359 1293 4426 afficeretur,
1322 4377 1347 4414 v.
1366 4358 1413 4412 Dio

297 4442 370 4499 cass.
389 4444 513 4500 LXXVII
531 4448 579 4514 18;
598 4446 669 4501 Flav.
687 4447 791 4518 Vopisc.
811 4466 834 4502 v.
853 4448 988 4504 Aureliani
1006 4449 1049 4504 24.
