3130 4980
306 356 361 420 208
793 357 934 426 Cyrenaici.

380 521 409 574 d.
428 521 497 574 Plat.
516 519 612 572 Phaed.
632 518 668 573 59
683 517 711 572 0.
749 517 859 572 Plurimi
878 516 1068 570 Socraticorum
1087 533 1146 569 eum
1165 533 1181 570 a
1199 517 1326 584 magistro
1345 515 1428 570 desei-

306 610 375 663 visse
398 609 521 662 arbitrati
546 611 617 662 sunt.
659 606 700 662 Ab
719 606 864 662 Aristotele
881 606 946 660 Met.
965 605 1005 658 111
1024 605 1048 660 2.
1068 607 1140 660 996·
1158 605 1193 658 32
1226 608 1280 670 (ΒΡ
1298 605 1362 670 200)
1387 622 1428 658 so-

306 698 404 768 phistis
422 698 618 751 adnumeratur.

378 835 404 877 e.
423 821 516 876 Horat.
535 822 583 892 Ep.
602 822 616 874 Ι
635 823 677 888 17,
696 821 739 876 23.
779 819 874 876 Omnis
892 819 1070 890 Austippmn
1089 820 1182 876 decuit
1201 821 1273 876 color
1291 826 1319 874 et
1336 825 1428 875 είαίαε
1540 789 1542 840 ³*

306 917 333 966 et
350 928 393 966 res
412 913 573 966 Τιυίαπιαα
591 911 700 966 maiora
718 909 775 976 fere
790 910 987 980 praesentibus
1005 925 1131 978 στρατια.

377 1036 400 1091 1.
419 1035 476 1090 Ant
495 1039 657 1108 φιλοσόφων
674 1035 719 1106 qui
737 1052 796 1089 oum
813 1035 938 1104 Dionysio
956 1035 1036 1090 luisse
1054 1034 1179 1088 dicuntur
1197 1037 1229 1088 ut
1238 1033 1381 1088 Aeschines
1398 1039 1430 1089 et
1540 1091 1542 1108 Ι

305 1126 391 1193 Plato,
410 1129 457 1180 aut
476 1131 645 1200 παρασίτιον,
664 1143 687 1178 v.
706 1125 811 1178 Lucian.
831 1124 862 1178 de
880 1124 1001 1178 Parasito
1019 1125 1054 1178 32
1062 1141 1100 1194 sq.

378 1266 408 1318 ς.
427 1251 465 1306 cf.
485 1249 580 1321 Appul.
605 1249 674 1304 Flor.
700 1267 724 1320 p.
746 1249 794 1303 151
810 1249 878 1320 Rip,
902 1249 947 1302 ubi
970 1251 1082 1318 tyranno
1104 1249 1132 1302 id
1150 1266 1303 1320 responsum
1323 1249 1428 1304 dedisse
1542 1227 1543 1252 ί

306 1341 467 1411 perhibetur.

377 1464 408 1518 h.
427 1464 596 1532 Dialogorum
621 1463 715 1516 titulos
733 1463 814 1516 habes
832 1463 902 1533 apud
916 1463 991 1532 Diog.
1011 1463 1094 1529 1184,
1113 1464 1193 1518 alium
1211 1464 1338 1518 librorum
1356 1467 1427 1518 cata-
1542 1451 1543 1460 ¹

306 1556 395 1622 logum
419 1553 454 1606 ib.
474 1553 518 1607 85.
555 1552 681 1606 Soeiersti
705 1552 737 1605 de
756 1552 877 1606 omnibus
895 1552 1026 1623 Aristippi
1052 1570 1117 1623 quae
1141 1554 1292 1607 ferebantur
1318 1554 1426 1624 seriptis

307 1643 458 1710 ambiguum
476 1642 535 1707 suit,
554 1641 618 1694 item
636 1639 764 1695 Aristooli
781 1645 814 1707 (v.
834 1647 877 1694 ΕΡ
896 1642 987 1708 2050).
1026 1641 1137 1697 Certea
1161 1643 1263 1696 nemine
1281 1643 1427 1712 quidquam

306 1750 337 1786 ex
354 1730 484 1802 Aristippi
502 1729 577 1784 libris
596 1730 728 1797 landatur,
752 1731 804 1784 nisi
823 1731 892 1801 quod
910 1731 1090 1802 Theopompus
1109 1748 1149 1801 ap.
1169 1731 1265 1786 Athen.
1284 1732 1323 1784 XI
1341 1731 1427 1786 5080

308 1821 436 1874 diatribae
454 1820 510 1872 eius
529 1823 713 1873 commemorat
731 1823 763 1873 ut
781 1837 797 1873 a
815 1819 924 1874 Platone
943 1821 1079 1890 expilatae.

375 2072 465 2153 Diog.
487 2071 593 2137 1186.
634 2061 853 2154 Ἀριστίππου
877 2071 1042 2159 διήκουσεν
1066 2073 1084 2159 ή
1107 2071 1256 2160 θυγάτηρ
1283 2061 1477 2162 'zipheum

306 2176 363 2243 καί
401 2174 543 2262 Αἰθίοψ
587 2177 796 2260 Πτολεμαεὺς
845 2176 902 2242 καὶ
938 2167 1167 2264 Ἀντίπατρος
1211 2179 1425 2265 Κυρηναῖοςλ.

304 2274 443 2372 ’Λρήτης
478 2282 515 2350 δὲ
536 2272 759 2369 Ἀρίστιππος
793 2284 811 2348 δ
844 2281 1102 2372 μητροδίδακτος
1131 2282 1353 2372 ἑπικληθείςΰ,
1388 2281 1431 2352 οὗ

310 2391 477 2478 Θεόδωρος
499 2390 517 2456 ὁ
539 2389 648 2470 decos,
672 2382 744 2456 εἶτα
767 2390 872 2468 esoce.
919 2380 1138 2478 Ἀντιπάτρου
1160 2381 1194 2458 δ>
1210 2381 1427 2481 Ἐπιτιμήδης

306 2500 506 2586 Κυρηναῖος,
538 2491 577 2562 οὗ
597 2495 830 2585 Παραιβάτης,
866 2492 905 2564 οὗ
922 2487 1080 2586 Ἡγησίας
1115 2500 1133 2564 ὁ
1168 2499 1425 2578 πεισιθάνατοςΘ

306 2603 364 2671 καί
386 2594 589 2689 uolucres.

378 2779 407 2823 a.
427 2765 505 2818 Soror
522 2763 654 2833 Aristippi
672 2762 752 2817 Arete
771 2763 869 2816 dicitur
887 2764 920 2817 ab
939 2775 991 2817 uno
1009 2763 1118 2819 Aeliano
1136 2765 1207 2820 Hist.
1228 2765 1277 2820 Au.
1297 2767 1337 2820 III
1355 2768 1399 2822 40.

378 2889 408 2943 λι.
427 2889 515 2942 Huius
533 2889 652 2941 meminit
670 2887 722 2942 Cic.
742 2887 817 2941 Tusc.
837 2887 861 2938 V
881 2889 941 2942 112.

378 3027 406 3068 c.
426 3013 570 3067 Aristocles
598 3029 639 3083 ap.
668 3012 761 3066 Euseb.
789 3013 832 3066 Pr.
851 3013 895 3066 Ev.
921 3015 983 3066 XIV
1003 3016 1044 3080 18,
1063 3017 1106 3068 31.
1136 3015 1214 3070 763⁶.
1261 3021 1426 3089 Σωκράτους

307 3099 337 3156 δ’
355 3103 461 3174 ἑταῖρος
477 3099 658 3175 Ἀρίστιππος
677 3101 716 3168 η’ν,
737 3106 751 3155 δ
770 3105 818 3169 τήν
835 3107 1007 3178 καλουμένην
1026 3107 1198 3178 Κυρηναϊκήν
1217 3110 1426 3179 συστησάμενος

308 3195 419 3262 τείρεσιν.
439 3220 474 3229 -
493 3219 526 3227 -
546 3190 579 3257 ήν
597 3187 626 3244 δ’
649 3187 857 3262 δῖίρίστιππος
878 3195 957 3263 ὑγρὸς
976 3197 1051 3246 πάνυ
1066 3195 1114 3246 τὸν
1126 3200 1188 3262 βίον
1206 3200 1251 3248 καὶ
1267 3197 1424 3266 φιλήδονος.

306 3278 361 3334 ἀλλ’
384 3280 467 3333 οὐδὲν
484 3281 538 3352 μέν
556 3272 635 3339 οὗτος
653 3281 683 3334 ίν
702 3283 739 3348 τῷ
758 3285 867 3352 φανερῷ
887 3285 949 3352 περὶ
969 3285 1061 3342 τέλους
1079 3283 1227 3346 διελέξατο,
1253 3284 1373 3356 δυνάμει
1393 3286 1425 3340 δὲ

306 3379 352 3436 τῆς
369 3369 551 3440 εὐδαιμονίας
575 3370 624 3434 τὴν
650 3370 805 3422 ὑπόστασιν
822 3371 913 3439 ἔλεγεν
935 3373 966 3424 ἐν
983 3370 1097 3437 ἡδοναῖς
1114 3379 1232 3426 κεῖσθαι.
1252 3402 1286 3410 -
1304 3401 1342 3412 -
1360 3377 1425 3428 τού-

305 3478 355 3512 του
378 3463 491 3527 γέγονεν
518 3459 652 3523 ἀκουστὴς
679 3459 731 3511 σὺν
759 3461 850 3519 ίίλλοις
877 3463 924 3512 καὶ
949 3461 1109 3530 ήθυγάτηρ
1134 3463 1219 3514 αὐτοῦ
1235 3459 1338 3535 Ἀρήτη,
1367 3465 1425 3530 ἥτις

305 3549 461 3615 γεννήσασα
490 3546 581 3599 παῖδα
609 3548 754 3618 ὠνόμασεν
778 3543 967 3616 Ἀρίστιππον,
997 3549 1026 3608 ὃς
1048 3552 1183 3618 ὑπαχθεὶς
1212 3546 1254 3603 ὑπ’
1285 3553 1367 3619 αὐτῆς
1386 3558 1425 3613 εἰς

304 3637 403 3703 λόγους
422 3637 592 3705 φιλοσοφίας
609 3635 832 3708 μητροδίδακτος
852 3638 962 3702 ἐκλήθη·
990 3637 1077 3696 ὅςκαὶ
1097 3650 1193 3708 σαφῶς
1213 3642 1333 3707 ὡρίσατο
1348 3645 1424 3702 τέλος

305 3723 376 3776 εἶναι
395 3723 427 3776 τὸ
443 3722 526 3788 ἡδέως
541 3726 591 3790 ζῆν.
619 3721 696 3776 Unde
710 3723 898 3777 existimaveris
912 3724 983 3777 hunc
997 3725 1100 3778 demum
1115 3725 1282 3796 Aristippum
1300 3733 1423 3798 nepotem

208 3839 210 3844 ·
304 3813 402 3864 certam
421 3811 559 3864 formulam
574 3811 721 3879 Cyrenaicis
741 3813 923 3882 suppeditasse
941 3817 969 3866 et
988 3814 1096 3866 desieris
1115 3815 1212 3882 mirari,
1232 3817 1302 3885 quod
1321 3817 1424 3871 Aristo-

304 3901 371 3954 teles
395 3917 529 3970 nunquam
552 3900 671 3954 meminit
689 3901 820 3971 Aristippi
845 3905 877 3954 ut
901 3901 1050 3971 philosophi
1075 3903 1242 3958 demortuus
1265 3923 1331 3958 nova
1350 3924 1424 3976 prae-

304 3989 432 4059 cipientis.
480 3988 530 4041 Sed
549 3989 626 4042 aliter
644 4005 698 4042 rem
717 3990 822 4058 expedit
841 3991 867 4043 Z.
886 3990 913 4042 II
932 3993 978 4053 13,
998 3993 1059 4045 290.

375 4131 405 4188 d.
424 4131 482 4184 Ηοο
500 4129 533 4183 ad
552 4129 708 4196 ludibrium,
734 4148 757 4184 v.
777 4129 853 4198 Diog.
872 4131 899 4183 Π
919 4132 978 4186 100.
1016 4131 1083 4186 Aliis
1102 4133 1239 4187 dicebatur
1257 4134 1423 4192 Anniceridis

305 4220 448 4290 discipulus
471 4219 544 4285 (ibid.
564 4221 617 4283 88).
668 4218 764 4272 Aetate
796 4220 887 4289 primis
912 4219 1054 4274 Alexandri
1086 4223 1277 4276 suecessoribus
1306 4227 1423 4296 aequalis

304 4311 370 4373 erat,
394 4326 418 4361 v.
437 4309 513 4362 Philo
538 4307 613 4373 Quod
637 4325 706 4362 omn.
725 4309 797 4380 prob.
817 4309 862 4362 lib.
883 4310 924 4375 18,
944 4309 1277 4378 p.465;ui0g.11102.
1314 4315 1422 4370 Librum

304 4396 412 4465 reliquit
437 4402 506 4467 Περὶ
531 4404 604 4452 θεῶν
627 4397 798 4467 inscriptum,
824 4415 875 4468 qno
899 4413 988 4451 omnes
1014 4398 1046 4451 dc
1065 4399 1115 4452 diis
1134 4400 1268 4470 opiniones
1287 4403 1319 4456 de
1338 4405 1423 4460 medio

305 4484 397 4538 tollere
416 4485 559 4540 conabatur
577 4487 663 4556 (Diog.
683 4489 735 4553 97),
755 4488 786 4541 οί.
805 4487 915 4541 Krische
934 4487 1047 4542 Foreeb.
1066 4507 1091 4558 p.
1111 4489 1171 4542 236.
