3130 4980
287 283 342 345 274
806 288 891 341 Pluto.

289 471 352 569 ror³
372 449 428 578 στὸν
457 446 551 532 λόγον
580 445 746 537 ὠφέλιμόν
775 469 809 532 γε
837 443 935 512 οὖσαν
962 445 1020 533 τὴν
1043 444 1158 534 ἀρετὴν
1181 445 1337 535 φρόνησιν
1359 446 1409 511 δεῖ

289 577 339 620 τιν
370 565 480 619 ειναιθ.

361 709 389 752 τι.
409 695 535 765 Sequitur
552 698 585 748 ut
603 696 686 750 omnis
704 696 789 750 virtus
814 695 970 750 inscientia
993 695 1080 766 posite
1104 695 1142 748 eit
1166 697 1195 748 et
1218 694 1304 748 deeeri
1323 695 1409 764 pessit

94 781 164 824 virtus
178 781 276 834 perfecta
290 787 343 851 (ΒΡ
353 785 425 850 201),
444 785 556 854 denique
574 787 606 838 ut
619 801 680 838 vera
697 784 783 838 virtue
802 784 971 838 attribuenda
989 783 1027 836 eit
1044 783 1142 836 nemini
1161 783 1213 836 nisi
1231 783 1345 854 sapienti
1357 783 1375 835 i.
1385 799 1407 836 e.

288 873 451 944 philosopho,
470 873 501 928 ef.
520 873 617 926 Phaed.
636 872 718 926 69A:
742 866 777 926 Ὦ
795 876 912 946 μακάριε
931 878 1051 945 Σιμμία,
1070 874 1110 944 μὴ
1128 873 1183 945 γὰρ
1202 874 1252 942 οὐχ
1271 873 1339 938 αὕτη
1358 865 1409 944 ᾗὴ

289 964 358 1037 ὀρθὴ
377 965 445 1034 πρὸς
463 964 560 1034 ἀρετὴν
578 964 696 1030 ἄλλαγύ,
725 962 827 1028 ἡδονάς
845 964 914 1032 πρὸς
932 961 1034 1028 ἡδονάς
1057 965 1104 1016 καὶ
1123 963 1213 1021 λύπας
1231 963 1300 1036 πρὸς
1318 963 1407 1020 λύπας

288 1056 336 1105 καὶ
356 1053 444 1122 φόβον
468 1053 537 1123 πρὸς
562 1053 650 1121 φόβον
673 1053 912 1106 καταλλάττεσθαι
935 1054 981 1104 καὶ
999 1052 1082 1122 μείζω
1107 1052 1176 1123 πρὸς
1194 1051 1296 1104 ἐλάττω
1315 1041 1407 1123 ὥσπερ

289 1145 459 1212 νομίσματα,
479 1135 538 1192 ἀλλ’
557 1131 572 1212 ᾖ
591 1141 678 1194 ἐκεῖνο
695 1141 784 1211 μόνον
802 1141 834 1191 τὸ
848 1141 974 1211 νόμισμα
989 1139 1081 1213 ὀρθόν,
1102 1135 1167 1191 ἀνθ’
1186 1131 1220 1191 οὗ
1238 1139 1284 1192 δεῖ
1296 1140 1407 1192 ἅπαντα

289 1238 375 1281 ταῦτα
394 1231 641 1292 καταλλάττεσθαι,
661 1230 802 1299 φρόνησις,
821 1233 868 1280 καὶ
887 1230 986 1282 τούτου
1003 1229 1057 1299 μὲν
1076 1230 1169 1280 πάντα
1188 1231 1234 1280 καλ
1251 1229 1324 1299 μετὰ
1344 1229 1406 1280 τού-

289 1337 339 1370 του
358 1319 501 1388 ὠνούμενά
521 1335 548 1369 τε
567 1321 613 1370 καὶ
632 1319 845 1388 πιπρασκόμενα
872 1320 908 1385 τῷ
927 1320 985 1370 ὄντι
1005 1309 1020 1388 ᾖ
1038 1319 1085 1368 καὶ
1100 1315 1214 1387 ἀνδρεία
1232 1320 1278 1368 καὶ
1298 1333 1407 1386 σωφρο-

289 1408 357 1471 σύνη
375 1409 421 1458 καὶ
440 1405 602 1472 δικαιοσύνη
624 1409 671 1458 καλ
696 1405 846 1472 ξυλλήβδην
865 1407 966 1471 ἀληθὴς
991 1405 1072 1478 ἀρετὴ
1088 1406 1160 1476 μετὰ
1180 1406 1342 1476 φρονήσεως,
1360 1408 1407 1456 καὶ

290 1497 538 1566 προσγιγνομένων
564 1498 611 1546 καὶ
639 1495 870 1566 ἀπογιγνομένων
895 1498 941 1546 καὶ
969 1493 1076 1560 ἡδονῶν
1102 1498 1149 1546 καὶ
1169 1494 1263 1564 φόβων
1288 1497 1408 1546 καὶτῶν

107 1577 274 1628 erimperfecta
292 1584 379 1634 άλλων
404 1585 516 1634 πάντων
540 1593 594 1634 των
619 1585 757 1636 τοιούτων.
795 1581 959 1652 Quamquam
982 1581 1032 1634 hee
1050 1598 1080 1634 ee
1097 1580 1211 1647 lenitur,
1240 1581 1408 1652 quodetiam

289 1686 320 1722 eu
338 1671 410 1722 reete
429 1670 548 1739 opinione
567 1670 693 1726 virtutem
711 1671 850 1740 precedere
868 1687 944 1741 pesse
963 1670 1085 1736 docebat,
1112 1670 1175 1722 licet
1194 1670 1230 1722 eit
1248 1671 1407 1740 imperfecte,
1546 1707 1547 1740 3

288 1757 366 1810 Mene
385 1758 460 1824 9713,
480 1758 512 1810 ef.
531 1763 574 1810 BP
593 1759 672 1812 2461).
709 1759 749 1811 Βε
768 1759 923 1812 fortitudine
942 1759 975 1812 ed
994 1759 1150 1830 sapientiem
1168 1759 1302 1812 referenda
1321 1760 1409 1829 dispu-
1546 1777 1547 1824 ι

290 1849 364 1898 τευτευ
381 1845 409 1899 in
428 1845 549 1913 Lachete,
570 1847 601 1899 de
620 1847 796 1916 temperantia
814 1848 841 1900 in
861 1847 1006 1902 Charmide.
1044 1848 1082 1902 Cf.
1101 1845 1179 1901 Pelit.
1198 1848 1293 1902 3091).
1546 1835 1547 1868 ³

1546 1957 1547 2022 i

146 2107 234 2149 ³¹¹⁸‘ffi2
355 2105 433 2196 Rep.
455 2112 503 2176 IV
528 2120 592 2178 433
605 2116 642 2178 A.
680 2100 726 2178 ⁰0
748 2115 809 2199 γὰρ
840 2110 875 2192 ἐξ
905 2111 1001 2199 ἀρχῆς
1031 2110 1182 2195 ἐθέμεθα
1211 2113 1277 2180 δεῖν
1299 2117 1409 2178 ποιεῖν
1417 2127 1456 2168 ²⁷⁵
1546 2195 1547 2220 ἢ

116 2159 139 2201 iu
153 2172 176 2202 re
191 2162 264 2203 ublice

176 2173 190 2212 p
291 2219 347 2284 διὰ
376 2217 514 2297 παντός,
549 2218 601 2282 ὅτε
630 2221 687 2306 τὴν
716 2218 816 2284 πόλιν
839 2215 1074 2304 κατῳκίζομεν,
1109 2217 1204 2284 τοῦτό
1227 2217 1329 2300 ἐστιν,
1365 2220 1409 2298 ὡς

288 2322 361 2407 ἐμοὶ
385 2325 481 2404 δοκεῖ,
505 2323 576 2412 ἤτοι
599 2325 712 2392 τούτου
736 2349 768 2390 τι
803 2316 889 2402 εἶδος
911 2327 930 2412 ἡ
954 2325 1152 2411 δικαιοσύνη.
1199 2322 1349 2408 ἐθέμεθα
1373 2325 1410 2392 δέ

289 2430 394 2518 δήπου
418 2427 476 2494 καί
500 2428 662 2508 πολλάκις
686 2429 842 2515 ἐλέγομεν,
872 2426 900 2496 εἰ
922 2429 1094 2518 μέμνησαι,
1119 2430 1170 2494 ὅτι
1194 2427 1249 2496 ἕνα
1272 2429 1409 2498 ἕκαστον

288 2637 538 2731 ἐπιτηδειοτάτη
568 2645 734 2728 πεφυκυῖα
763 2637 821 2730 εῖη.
866 2631 1031 2726 Ἐλέγομεν
1054 2641 1124 2729 γάρ.
1172 2640 1242 2708 Καὶ
1268 2643 1333 2730 μὴν
1356 2643 1409 2710 ὅτι

288 2771 323 2834 γε
344 2750 382 2816 τὸ
405 2750 447 2812 τὰ
471 2748 570 2812 αὑτοῦ
591 2747 749 2833 πράττειν
771 2747 828 2814 καὶ
851 2749 895 2836 μὴ
911 2748 1198 2834 πολυπραγμονεῖν
1220 2749 1409 2840 δικαιοσύνη

210 2907 217 2924 .
288 2853 367 2936 ἐστί,
391 2853 447 2922 καὶ
471 2863 567 2920 τοῦτο
591 2853 697 2918 ἄλλων
719 2877 755 2918 τε
777 2854 910 2920 πολλῶν
925 2853 1109 2942 ἀκηκόαμεν
1131 2853 1188 2920 καῖ
1205 2853 1298 2921 αὐτοὶ
1322 2857 1409 2922 πολ-

288 2960 383 3038 λάκις
405 2957 585 3047 εἰρήκαμεν.
632 2956 815 3047 Εἰρήκαμεν
838 2959 908 3046 γάρ.
959 2967 1062 3026 Τοῦτο
1085 2957 1200 3040 τοίνυν,
1223 2957 1260 3048 ἦν
1283 2950 1317 3026 δ’
1336 2961 1410 3046 ἐγώ,

289 3063 315 3130 ὦ
338 3064 422 3153 φίλε,
446 3065 617 3132 κινδυνεύει
639 3065 763 3152 τρόπον
786 3067 859 3132 τινὰ
882 3065 1064 3150 γιγνόμενον
1078 3067 1098 3153 ἦ
1113 3066 1300 3156 δικαιοσύνη
1315 3059 1409 3150 εἶναι,

288 3173 326 3238 τὸ
359 3173 402 3237 τὰ
436 3172 537 3238 αὑτοῦ
571 3171 736 3260 πράττειν.
790 3164 893 3238 οἶσθα
928 3172 1007 3237 ὅθεν
1041 3169 1275 3258 τεκμαίρομαι,·
1331 3171 1409 3254 otiu,

289 3277 373 3344 ἀλλὰ
396 3267 477 3364 λέγ’,
502 3275 575 3366 ἐφη.
622 3282 720 3344 Δοκεῖ
742 3302 809 3360 μοι,
833 3275 870 3366 ἦν
893 3267 927 3344 δ’
945 3274 1021 3364 ἐγώ,
1044 3279 1082 3343 τὸ
1105 3278 1289 3344 ὑπόλοιπον
1311 3277 1345 3345 ἐν
1368 3278 1410 3368 τῇ

288 3383 385 3450 πόλει
408 3379 452 3450 ὧν
475 3383 681 3467 ἐσκέμμεθα,
711 3385 919 3473 σωφροσύνης
949 3383 1006 3449 καῖ
1029 3381 1178 3470 ἀνδρείας
1206 3384 1263 3450 καὶ
1286 3387 1409 3474 φρονή-

289 3512 383 3572 σεως,
413 3502 508 3558 τοῦτο
532 3483 632 3574 εἶναι,
662 3487 806 3556 ὃπᾶσιν
836 3488 968 3569 ἐκείνοις
999 3492 1057 3580 τὴν
1086 3489 1221 3574 δύναμιν
1249 3489 1410 3578 παρέσχεν

290 3597 372 3662 ὥστε
405 3594 605 3682 ἐγγενέσθαι,
641 3595 698 3662 καὶ
733 3595 950 3682 ἐγγενομένοις
982 3619 1016 3682 γε
1045 3594 1210 3685 σωτηρίαν
1244 3595 1408 3686 παρέχειν,

289 3700 416 3790 ἐωσπερ
440 3703 478 3767 etv
501 3701 583 3790 ἐνη”“.

149 3874 173 3918 ln
187 3875 274 3918 homine
360 3876 389 3916 τι.
409 3861 535 3916 Similiter
553 3865 633 3932 atque
650 3863 678 3916 in
697 3863 831 3933 republica
848 3863 952 3916 iustitie
976 3864 1004 3916 in
1021 3863 1125 3917 homine
1144 3865 1290 3933 comparet,
1318 3863 1342 3916 ei
1361 3879 1411 3916 sue

289 3967 406 4020 quaeque
423 3968 486 4022 pers
504 3952 584 4006 animi
602 3952 706 4022 perficit
723 3957 751 4006 et
769 3970 858 4007 omnes
876 3953 941 4008 bene
963 3952 1034 4006 iuter
1053 3969 1080 4008 se
1099 3952 1262 4019 conveniunt,
1291 3951 1323 4006 ef.
1341 3952 1408 4022 Rep.

287 4040 326 4093 IV
344 4039 427 4096 4430
451 4043 483 4093 τὸ
508 4041 543 4094 δέ
563 4060 594 4110 γε
620 4044 719 4109 ἀληθὲς
738 4071 772 4081 -
791 4042 824 4110 ἦν
849 4070 882 4079 -
907 4044 923 4110 ἡ
943 4042 1107 4109 δικαιοσύνη
1124 4071 1161 4080 -·
1179 4046 1241 4113 περὶ
1264 4042 1314 4108 τὴν
1332 4043 1409 4102 ἐντὸς

289 4132 324 4190 ὡς
343 4132 450 4196 ἀληθῶς
468 4129 598 4200 (πρᾶξιν),
619 4135 681 4205 περὶ
699 4131 799 4185 ἑαυτὸν
817 4135 863 4184 καὶ
882 4133 916 4184 τδι
935 4131 1042 4196 ἑαυτοῦ,
1060 4132 1101 4204 μὴ
1119 4133 1240 4184 ἐάσαντα
1260 4131 1407 4204 τάλλότρια

289 4220 419 4289 πράττειν
438 4216 554 4271 ἕκαστον
572 4220 601 4272 ἐν
620 4221 693 4286 αύτῷ
710 4219 783 4291 μηδὲ
802 4222 1049 4293 πολυπραγμονεῖν
1067 4222 1135 4290 πρὸς
1154 4221 1254 4286 ἄλληλα
1273 4220 1307 4272 τά
1327 4220 1356 4272 ἐν
1375 4221 1408 4290 τῇ

288 4305 366 4376 ψυχῇ
393 4309 465 4372 γένη,
494 4307 563 4360 δλλά
591 4311 628 4375 τῷ
655 4309 714 4359 ὄντι
742 4307 776 4360 τὰ
805 4311 891 4361 οἰκεῖα
919 4304 949 4361 εὖ
973 4311 1094 4380 θέμενον
1116 4311 1162 4361 καὶ
1182 4309 1301 4378 ἄρξαντα
1321 4307 1408 4358 αὐτὸν

290 4394 376 4444 αὑτοῦ
399 4398 446 4446 καὶ
470 4397 649 4467 κοσμήσαντα
671 4399 717 4448 καλ
742 4399 824 4466 φίλον
847 4398 997 4467 γενόμενον
1021 4397 1116 4466 ἑαυτῷ.
1152 4395 1216 4450 Inde
1232 4394 1352 4448 nascitur
1377 4409 1408 4447 ea
