3146 4982
309 333 364 396 492
764 333 839 386 Philo
857 331 976 386 Iudaeus.

312 497 398 564 κατά
421 496 476 592 τὸν
499 492 555 559 ἕνα
579 493 673 560 θεόν·
709 503 777 572 πάς
800 495 860 579 γάρ
885 491 1029 578 ἀριθμὸς
1052 489 1202 573 νεώτερος
1225 486 1356 569 κόσμου,
1387 485 1430 562 ὡς

310 602 366 669 καὶ
388 601 514 688 χρόνος·
538 600 556 665 δ
579 599 616 665 δὲ
638 601 717 677 θεὸς
740 599 957 686 πρεσβύτερος
980 596 1101 677 κόσμου
1125 593 1183 660 καὶ
1206 592 1407 682 δημιουργός.

191 765 224 816 τὸ
242 767 274 816 ὅν
377 761 468 841 Quod
491 761 580 825 Deus
603 760 734 824 Immut.
760 770 798 824 11
825 779 854 842 p.
879 767 952 824 281.
1004 763 1076 820 Τσιν
1104 757 1164 840 γὰρ
1188 753 1376 840 ἀνθρώπων
1399 747 1472 816 οἱλὸἲ

308 865 368 950 μὲν
391 877 506 953 ψυχῆς,
531 861 562 930 σί
586 863 622 929 δὲ
645 865 796 948 σώματος
820 864 969 949 γεγόνασι
992 860 1094 950 φίλοι.
1119 858 1149 926 ολ
1172 859 1232 944 μὲν
1254 857 1309 924 οὖν
1325 869 1429 945 ψυχῆς

310 969 435 1060 ἑταῖροι
466 975 599 1059 νοηταῖς
629 969 686 1036 καὶ
710 970 896 1054 ἀσωμάτοις
926 970 1059 1057 φύσεσιν
1082 967 1239 1050 ἐνομιλεῖν
1262 964 1428 1048 δυνάμενοι

310 1077 444 1168 οὐδεμιᾷ
466 1091 531 1143 τῶν
553 1077 727 1162 γεγονότων
751 1074 823 1164 ἰδέᾳ
846 1074 1098 1164 παραβάλλουσι
1121 1075 1158 1139 τὸ
1182 1071 1245 1153 όν“,
1281 1061 1356 1137 ἀλλ’
1375 1070 1429 1137 ἐκ·

309 1185 504 1271 βιβάσαντες
528 1183 606 1250 αάτδ
631 1183 741 1272 πάσης
764 1183 943 1271 ποιότητος
974 1177 1021 1266 (ἓν
1045 1183 1105 1270 γάρ
1128 1194 1193 1244 τῶν
1216 1177 1262 1256 εἰς
1285 1179 1342 1266 τὴν
1363 1203 1429 1262 μα-

309 1293 488 1380 καριότητα
524 1289 622 1356 αὐτοῦ
656 1288 713 1355 καί
748 1292 805 1378 τὴν
836 1289 939 1376 ἀκραν
968 1285 1176 1370 εὐδαιμονίαν
1199 1284 1236 1374 ἦν
1267 1287 1304 1350 τὸ
1329 1285 1430 1372 ψιλὴν
1545 1363 1546 1380 ¹

309 1400 382 1465 ἀνευ
410 1409 615 1485 χαρακτῆρος
642 1398 699 1484 τὴν
728 1397 870 1484 ὕπαρξιν
900 1394 1233 1479 καταλαμβάνεσθαι)
1264 1394 1322 1480 τὴν
1344 1391 1428 1455 κατά
1537 1385 1546 1446 t

308 1507 347 1571 τὸ
370 1497 452 1570 εἶναι
467 1504 564 1587 μόνον
579 1501 764 1591 φαντασίαν
781 1502 973 1583 ἀνεδέξαντο,
997 1505 1043 1590 μὴ
1065 1502 1299 1588 μορφώσαντες
1322 1496 1427 1562 atzab.

310 1607 340 1676 οἱ
364 1609 401 1676 δὲ
424 1610 600 1694 συμβάσεις
629 1608 687 1674 καὶ
717 1610 862 1687 σπονδὰς
894 1609 978 1696 πρὸς
1008 1622 1103 1690 σῶμα
1127 1605 1275 1689 θέμενοι,
1311 1603 1428 1669 ἀδυνα-

309 1728 435 1794 τοῦντες
472 1715 763 1803 ἀπαμφιάσασθαι
794 1717 831 1781 τὸ
862 1729 991 1802 σαρκῶν
1020 1711 1207 1801 περίβλημα
1238 1710 1296 1777 καί
1330 1710 1429 1798 μόνην

309 1821 366 1888 καὶ
390 1810 476 1888 καθ’
496 1819 611 1910 ἑαυτὴν
634 1821 803 1908 ἀπροσδεᾶ
825 1819 881 1886 καί
906 1821 1015 1908 διπλῆν
1030 1822 1127 1908 φύσιν
1144 1817 1232 1898 ἰδεῖν,
1256 1818 1357 1904 ἀμιγῆ
1372 1815 1427 1881 καὶ

310 1928 509 2015 ἀσύγκριτον,
534 1928 637 1992 ὁποῖα
661 1926 739 2014 περὶ
764 1923 894 2008 ἑαυτῶν,
918 1937 1055 1992 τοιαῦτα
1079 1923 1136 1991 καὶ
1160 1923 1318 2011 περὶτοῦ
1344 1922 1427 1987 πάν-

309 2060 373 2100 των
397 2031 504 2100 αἰτίου
529 2035 752 2122 διενοήθησαν.

203 2165 219 2215 ὁ
236 2165 274 2216 ὤν
382 2173 410 2214 a.
429 2159 502 2212 Deus
517 2175 532 2211 a
545 2159 655 2212 Philone
674 2159 825 2228 saepissimo
844 2160 876 2211 τὸ
891 2162 922 2210 δν
940 2158 1090 2227 appellatur
1107 2159 1161 2224 (BP
1176 2158 1236 2211 483,
1252 2157 1304 2211 487
1314 2157 1350 2221 b),
1370 2155 1427 2208 aliis

307 2249 372 2302 locis
391 2252 406 2302 ὁ
425 2252 469 2313 ὤν,
489 2266 513 2302 v.
533 2245 608 2312 Quod
625 2247 686 2300 Det.
706 2247 880 2302 Poss1nsid.
900 2245 936 2300 44
954 2265 978 2316 p.
999 2247 1052 2300 222
1072 2258 1126 2299 τῶν
1144 2249 1197 2317 γάρ
1217 2249 1320 2318 ἀρετῶν
1338 2247 1354 2312 ἡ
1375 2246 1427 2316 μὲν

308 2345 378 2392 θεοῦ
404 2341 473 2410 πρὸς
500 2339 633 2404 ἀλήθειάν
661 2339 720 2392 ἐστι
743 2337 812 2390 κατὰ
839 2339 870 2390 τό
896 2337 967 2389 εἶναι
987 2346 1158 2390 συνεστῶσα·
1188 2339 1247 2390 ἐπεὶ
1265 2339 1312 2387 καὶ
1332 2337 1347 2386 ὁ
1365 2335 1427 2392 θεὸς

307 2428 394 2498 μόνος
421 2427 451 2480 ἐν
478 2428 515 2494 τῷ
543 2426 613 2478 εἶναι
640 2427 803 2496 ἀφέστηκεν,
832 2417 865 2478 οὗ
884 2428 970 2496 χάριν
997 2427 1152 2493 ἀναγκαίως
1175 2427 1230 2494 ἐρεῖ
1248 2429 1310 2494 περὶ
1330 2425 1425 2475 αὐτοῦ’

306 2510 376 2582 Ἐγώ
401 2517 459 2567 εἶσι
484 2515 555 2567 ὁῶν
579 2513 669 2579 OExod.
689 2514 714 2580 3,
734 2513 791 2578 14),
820 2515 856 2573 ὡς
880 2525 934 2566 τῶν
951 2509 1013 2584 μετ’
1033 2515 1117 2566 αὐτὸν
1136 2515 1184 2566 οὐκ
1204 2516 1290 2564 όντων
1307 2514 1378 2564 κατὰ
1397 2513 1426 2563 τό

308 2602 386 2668 εἶναι,
406 2601 473 2674 δόξρ
492 2602 523 2655 δὲ
540 2603 629 2674 μόναν
649 2604 801 2674 ὑφεστάναι
820 2605 1013 2674 νομιζομένων.

378 2707 408 2762 λ).
429 2707 495 2762 Cum
520 2707 596 2761 deum
620 2709 689 2761 idem
715 2725 772 2761 esse
795 2711 904 2778 poneret
928 2708 997 2777 quod
1024 2711 1055 2761 τὸ
1074 2711 1118 2774 όν,
1144 2724 1304 2776 consequens
1322 2709 1380 2759 erat
1397 2709 1426 2758 ut

308 2813 367 2850 eum
395 2797 493 2850 diceret
519 2814 576 2850 esso
606 2802 708 2852 ἀποιον
732 2797 758 2851 h.
779 2815 800 2850 e.
827 2797 882 2850 sine
907 2798 976 2851 omni
1003 2797 1165 2866 proprietate
1190 2814 1220 2848 ac
1243 2796 1339 2848 forma:
1366 2795 1424 2863 Isg.

307 2882 392 2952 Alleg.
411 2885 425 2937 I
444 2886 477 2938 13
496 2902 521 2954 p.
541 2886 591 2952 50;
611 2886 645 2940 15
664 2904 689 2956 p.
710 2887 743 2940 53
763 2887 809 2940 δεῖ
826 2889 879 2959 γάρ
893 2889 1024 2956 ἡγεῖσθαι
1043 2891 1088 2940 καὶ
1109 2891 1237 2940 ἰίποιον
1257 2888 1342 2938 αὐτὸν
1360 2885 1426 2938 εἶναι

307 2978 354 3026 καὶ
381 2977 530 3046 ἄφθαρτον
552 2980 600 3027 καὶ
626 2979 775 3046 (ίτρεπτον,
802 2977 830 3027 et
855 2991 984 3028 summum
1003 2975 1118 3028 omnium
1136 2991 1233 3042 genus:
1260 2973 1323 3041 Leg.
1343 2972 1424 3040 Alleg.

231 3095 233 3099 -
307 3061 386 3114 1121
406 3078 431 3130 p.
451 3062 486 3115 82
505 3065 536 3116 τὸ
555 3064 941 3133 ἀὲγενικώτατόνέστιν
960 3067 975 3117 ὁ
994 3067 1065 3125 θεός,

200 3233 280 3288 nomgn
374 3205 423 3268 De
449 3204 555 3270 Somn.
580 3205 598 3268 I
623 3214 662 3270 39
687 3226 717 3288 p.
743 3213 815 3272 655.
861 3204 931 3271 Καὶ
961 3207 1022 3292 γάρ
1054 3203 1086 3270 ἐν
1113 3202 1235 3292 ἑτέροις
1258 3204 1467 3292 σκεψάμε-ιεε

226 3277 262 3318 ⁶⁶¹
308 3334 361 3388 νος
383 3307 412 3375 εἰ
435 3306 506 3376 ἔστι
528 3335 561 3376 τι
584 3321 642 3376 τοῦ
664 3307 754 3389 όντος
782 3308 892 3394 όνομα,
916 3325 1032 3400 σαφῶς
1055 3308 1134 3396 ἔγνω
1158 3310 1190 3398 (δ
1214 3307 1299 3398 ἱερὸς
1322 3311 1424 3395 λόγος)

308 3415 359 3482 ὅτι
381 3417 490 3505 κόριον
511 3415 571 3499 μὲν
594 3415 692 3498 οὐδέν,
729 3413 747 3483 ὃ
770 3406 804 3482 δ’
827 3418 865 3482 ἀν
888 3413 965 3506 εἴπῃ
987 3442 1047 3498 τις,
1076 3419 1325 3504 καταχρώμενος
1348 3417 1424 3503 ἐρεῖ·

307 3521 465 3607 λέγεσθαι
489 3525 551 3610 γάρ
576 3521 612 3589 οά
635 3521 781 3611 πέφυκεν
805 3523 888 3588 ἀλλά
910 3524 1008 3606 μόνον
1030 3516 1114 3589 εἶναι
1137 3525 1175 3590 τὸ
1199 3521 1261 3588 όνῆ

379 3661 407 3701 ε.
429 3646 466 3702 Cf.
486 3648 518 3702 de
536 3648 590 3701 Vit.
610 3649 676 3702 Mos.
695 3648 709 3700 I
729 3649 763 3702 14
780 3666 806 3718 p.
826 3649 860 3702 92
879 3652 945 3702 extr.
983 3643 1085 3702 Nomen
1109 3649 1150 3701 dei
1175 3649 1279 3719 proprie
1304 3665 1356 3702 non
1381 3648 1426 3700 deo

309 3734 355 3787 sed
374 3737 503 3804 potestati
522 3737 564 3790 dei
582 3737 780 3792 attribuendum
800 3741 854 3791 est:
875 3738 906 3791 de
925 3737 997 3792 (λαοί.
1017 3738 1091 3808 Ling.
1111 3739 1144 3792 27
1164 3756 1190 3808 p.
1209 3738 1271 3791 425.
1298 3737 1336 3792 At
1355 3737 1426 3791 novit

306 3821 382 3876 Philo
402 3823 473 3876 aliud
492 3842 585 3878 nomen
603 3825 682 3896 idque
703 3843 818 3893 sacrum,
845 3845 895 3896 quo
913 3827 1016 3897 proprie
1034 3828 1119 3898 possit
1138 3827 1279 3897 appellari,
1299 3827 1369 3896 quod
1387 3829 1427 3896 est

306 3911 333 3964 in
352 3913 455 3966 arcanis
479 3916 507 3966 et
532 3915 642 3984 opertis,
670 3915 800 3987 ὃμόνοις
820 3923 878 3976 τοῖς
903 3917 958 3970 ὦτα
976 3921 1023 3970 καὶ
1041 3920 1166 3986 γλῶτταν
1185 3923 1273 3987 σοφίᾳ
1292 3923 1425 3986 κεκαθαρ-

305 4006 401 4073 μένοις
418 4006 501 4072 θέμις
521 4005 631 4056 ἀκούειν
648 4008 695 4057 καὶ
713 4009 802 4074 λέγειν
820 4008 849 4059 ἐν
869 4007 966 4074 ἁγίοις,
987 4007 1059 4073 άλλρι
1077 4002 1107 4058 δ’
1126 4006 1218 4058 οὐδενὶ
1242 4007 1273 4058 τὸ
1293 4007 1426 4075 παράπαν

308 4091 442 4162 οὐδαμοῦ.
479 4091 519 4144 De
534 4091 592 4169 ¹Vit.
618 4092 684 4146 Mos.
709 4093 750 4146 HI
769 4095 802 4146 11
831 4111 856 4162 p.
884 4093 942 4148 152.
986 4093 1025 4147 Cf.
1050 4092 1114 4158 Quis
1139 4093 1197 4147 Div.
1223 4093 1283 4146 Rer.
1310 4092 1372 4145 Her.
1391 4090 1424 4145 35

306 4195 332 4247 p.
351 4180 402 4232 497
422 4179 472 4246 in.;
491 4179 523 4232 de
541 4180 631 4248 Legat.
652 4181 685 4234 ad
703 4181 758 4236 Oai.
777 4181 812 4236 44
830 4199 855 4252 p.
875 4181 926 4236 597
946 4184 1011 4235 extr.

133 4338 267 4443 nondsstess
373 4321 421 4384 De
444 4322 525 4386 Mut.
548 4323 641 4387 Nom.
668 4333 686 4388 2
716 4344 746 4407 p.
771 4332 844 4391 579.
889 4324 950 4410 Μὴ
972 4321 1082 4406 μέντοι
1105 4319 1238 4410 νομίσῃς
1267 4322 1305 4387 τὸ
1327 4319 1377 4402 όν,
1407 4320 1468 4385 δ’489

146 4443 254 4496 cosnosci
308 4424 377 4491 ἐστι
401 4428 485 4512 πρὸς
508 4428 669 4516 ἀλήθειαν
691 4427 741 4510 όν,
776 4418 840 4494 ὑπ’
859 4428 1039 4514 ἀνθρώπου
1062 4429 1149 4506 τινὸς
1176 4428 1422 4513 καταλαμβάνε-
