3150 4996
689 354 794 407 Thales.
1282 350 1305 410 9

182 513 306 580 πάντων
334 516 394 580 τῶν
424 510 508 603 ζῴων
530 512 548 600 ἢ
571 513 642 601 γυνά
666 511 745 600 ἀρχή
768 517 849 580 ἔστιν
871 507 948 597 ’όγρά
971 507 1056 579 οόσα.
1103 507 1198 590 οὕτως
1225 512 1302 589 εἰκὸς

184 626 231 687 καὶ
254 616 292 687 τά
315 617 413 688 πάντα
436 625 467 698 ἓξ
489 617 584 707 άγροῦ
606 621 661 706 τὴν
684 616 777 707 ἀρχὴν
793 621 875 705 ἔχειν.
911 619 1048 706 ιλεάτερον
1071 615 1116 685 ότι
1140 613 1239 685 πάντα
1262 615 1301 685 τά

185 728 269 816 φυτά
291 724 375 818 ὗγρῷ
398 734 536 815 τρέφεται
559 733 606 794 καὶ
630 740 828 815 καρποφορεῖ,
860 724 1043 812 ἀμοιροῦντα
1067 729 1101 792 δὲ
1124 729 1302 811 ξηραίνεται.

185 840 288 921 τρίτον
311 835 356 901 ὅτι
384 842 431 901 καὶ
459 830 534 901 αότό
564 830 600 901 τὸ
629 843 688 922 πόρ
710 831 745 901 τὸ
769 835 827 901 τοά
849 827 1004 919 ἡλίουκαὶ
1028 828 1064 900 τὸ
1088 835 1151 900 τῶν
1179 825 1302 918 άστρων

183 954 250 1020 ταῖς
272 944 334 1008 τῶν
356 937 480 1008 όιλάτων
503 937 727 1025 ἀναθυμιάσεσι
752 947 902 1028 τρέφεται,
927 945 974 1006 καὶ
997 935 1088 1015 αὐτὸς
1111 934 1127 1005 ὃ
1150 935 1264 1022 κόσμος
1278 948 1299 1005 ⁰.

256 1063 284 1102 a.
314 1047 470 1114 „Subtilius
488 1049 537 1103 hoc
555 1047 658 1102 videtur
676 1047 770 1102 dixisse
788 1047 942 1102 Aristoteles
961 1063 1040 1115 quam
1058 1046 1081 1100 si
1106 1045 1225 1100 dixisset:
1253 1041 1303 1108 την

185 1131 249 1199 όλην
267 1134 355 1207 μόνην
373 1135 502 1210 φ’ἠθηααν
520 1133 606 1205 cippis
625 1123 696 1189 εἶναι
713 1136 833 1190 πάντων.
872 1136 944 1201 Quae
969 1136 1038 1190 enim
1056 1135 1184 1204 principia
1202 1137 1304 1189 veteres

184 1228 325 1295 posuerunt
348 1225 509 1296 philosophi,
534 1227 646 1280 maxime
671 1227 769 1291 ionici,
794 1241 825 1280 ea
849 1226 990 1288 materiae,
1016 1224 1121 1292 qualem
1145 1222 1301 1278 Aristoteles

184 1315 291 1378 statuit,
310 1317 456 1384 comparari
475 1315 578 1384 quidem
597 1319 707 1384 possunt
725 1317 777 1383 ita,
803 1317 834 1368 ut
859 1315 892 1368 sd
911 1313 980 1368 idem
998 1329 1138 1368 causarum
1158 1329 1240 1382 genus
1263 1315 1303 1368 ri-

185 1401 296 1456 deantur
314 1403 447 1458 referenda
465 1419 528 1470 esse,
547 1420 594 1458 neo
613 1407 702 1458 tamen
721 1405 806 1473 ipsam
824 1403 940 1458 referunt
959 1402 1156 1458 Aristotehcam
1174 1404 1302 1457 materiae

184 1492 324 1545 notionem.
362 1491 499 1546 Aristoteli
516 1493 585 1546 enim
604 1494 717 1547 materia
735 1509 808 1547 mera
832 1495 873 1546 est
886 1493 1005 1562 potentia
1018 1492 1167 1562 generandi,
1186 1495 1302 1546 veterum

184 1581 273 1633 autem
287 1580 416 1649 principia
429 1581 581 1636 materialia
599 1583 653 1636 iam
667 1584 740 1636 certa
754 1582 845 1650 aliqua
859 1580 990 1650 qualitate
1004 1579 1140 1635 definita.“
1176 1579 1243 1635 Bon
1252 1581 1302 1634 itz

184 1669 212 1722 in
231 1671 367 1724 comment.
387 1685 411 1738 p.
431 1671 473 1724 62.

255 1757 284 1816 b.
314 1757 458 1812 Enumerat
489 1762 569 1814 anteo
597 1761 668 1815 983³
691 1761 724 1814 27
754 1775 820 1828 quae
854 1760 909 1828 ipse
943 1759 1083 1828 indagavit
1114 1759 1302 1828 principiorum

184 1861 279 1915 genera
297 1850 424 1915 quatuor:
450 1851 518 1917 μίαν
542 1848 595 1916 μὲν
620 1851 711 1900 αἰτίαν
730 1853 826 1918 φαμὲν
845 1835 982 1912 εἶναιτὴν
1001 1845 1096 1900 ου’σίαν
1115 1841 1253 1900 καὶτότί
1270 1835 1305 1909 ἦν

184 1921 255 1986 εἶναι
275 1977 280 1988 .
301 1975 307 1988 .
327 1976 334 1990 .
354 1974 360 1986 .
379 1933 477 2005 ἑτέραν
495 1935 527 1987 δὲ
547 1936 596 1999 την
615 1933 681 2000 ὕλην
699 1942 745 1989 καὶ
764 1937 795 1988 τό
814 1939 1004 2005 ὑποκείμενον,
1027 1942 1118 2006 τρίτην
1142 1935 1175 1988 dl
1200 1935 1303 1999 ὅθενῆ

183 2019 254 2092 cippi
278 2027 325 2082 τῆς
350 2023 491 2088 κινήσεως,
517 2023 648 2094 τετάρτην
672 2025 703 2077 δὲ
724 2067 730 2080 .
750 2067 756 2080 .
777 2067 782 2077 .
804 2021 860 2078 .τό
879 2015 912 2077 od
930 2024 1009 2077 ἕνεκα
1027 2027 1072 2076 καὶ
1089 2022 1223 2092 τάγαθόν.
1259 2023 1302 2078 cf.

185 2128 250 2180 quae
276 2116 420 2180 sequuntur
445 2112 475 2166 de
500 2115 670 2182 posteriorum
695 2114 907 2182 philosophorum
933 2114 982 2167 hac
1009 2115 1037 2166 in
1065 2116 1216 2182 quaestione
1245 2130 1303 2182 pro*

183 2215 289 2268 gressu:
315 2200 468 2267 προιόντων
492 2200 512 2252 d
518 2197 525 2215 '
544 2199 630 2258 οὕτως
655 2196 722 2251 acho
746 2197 776 2251 τό
800 2205 915 2268 πρᾶγμα
941 2199 1108 2262 economum
1139 2197 1234 2259 αὐτοῖς
1257 2202 1303 2251 καὶ

186 2287 376 2354 συνηνάγκασε
395 2289 482 2350 ζητεῖν
500 2287 556 2342 κτλ.
576 2289 647 2343 984⁸
663 2291 703 2343 18.

256 2389 283 2430 ο.
312 2375 372 2430 Νοο
382 2378 517 2432 universae
527 2377 716 2446 philosophiae,
735 2377 780 2433 sed
794 2378 849 2432 eius
864 2377 1025 2447 quaestionis
1039 2379 1066 2432 et
1079 2377 1302 2446 investigationis,

185 2480 238 2533 qua
256 2465 406 2520 materialia
429 2466 557 2536 principia
576 2467 724 2535 quaerenda
747 2470 773 2521 et
798 2483 895 2536 capro
920 2467 1056 2536 principiis
1081 2469 1197 2521 omniurn
1216 2481 1301 2520 rerum

185 2552 306 2608 habenda
324 2570 378 2608 esse
397 2555 511 2624 primum
529 2557 690 2610 statuerunt.
727 2555 851 2609 Bonitz
870 2573 895 2624 p.
915 2557 957 2610 63.

255 2642 285 2698 d.
314 2643 493 2712 cogitandum
521 2641 551 2697 de
576 2643 686 2698 Homero
706 2643 749 2713 (ll.
769 2643 834 2698 XIV
852 2645 920 2710 201;
939 2645 1004 2712 246)
1029 2643 1141 2699 fortasse
1165 2644 1247 2698 etiam
1270 2643 1301 2696 de

185 2731 300 2786 Hesiodo
319 2735 346 2785 et
365 2731 474 2802 Orpheo.
511 2731 551 2786 Oi.
571 2731 649 2787 Plato
668 2733 770 2802 Cratyl.
790 2733 892 2798 402,B.

256 2834 282 2876 e.
310 2819 386 2875 Alias
400 2821 524 2886 rationes,
544 2821 638 2890 quibus
647 2821 743 2877 Thales
756 2821 852 2877 ductus
870 2838 924 2876 esse
938 2822 1067 2887 videatur,
1087 2837 1116 2876 ex
1130 2837 1176 2875 suo
1195 2820 1301 2890 ingenio
1334 2831 1395 2874 aliae

184 2912 338 2966 recentiores
357 2909 482 2978 afferunt3
502 2910 574 2964 velut
592 2909 709 2979 Simplic.
720 2909 799 2980 Phys.
810 2911 850 2976 8v,
866 2928 892 2980 p.
903 2911 937 2965 36
947 2911 979 2964 D.
1008 2909 1093 2974 Θαλῆς
1108 2905 1245 2978 (dissides)
1262 2911 1301 2968 εἰς
1320 2896 1410 2930 ΜΝ·

183 2997 215 3050 τό
224 2995 342 3070 γόνιμον
351 2995 542 3069 καλτρόφιμον
550 3001 596 3050 καὶ
606 3015 664 3049 συν
673 2997 809 3050 εκτικόν
818 3002 864 3050 καὶ
874 2998 1034 3058 ζωτικόνκαλ
1048 2996 1084 3051 εό
1088 3019 1102 3051 τ
1110 2999 1126 3050 ν’
1131 3017 1151 3052 π
1159 3017 1179 3050 ω
1187 3015 1243 3050 τον
1252 3001 1303 3049 τοῦ

184 3082 292 3145 ὕδατος.
329 3087 454 3142 Heraclii.
474 3087 589 3157 Allegor.
608 3089 685 3142 Hom.
705 3089 747 3153 22,
766 3105 792 3157 p.
812 3087 860 3142 45:
881 3087 895 3152 η’
913 3087 968 3156 γάρ
987 3086 1058 3158 typri
1072 3087 1154 3158 φύσις
1173 3083 1301 3159 εὐμαρῶς

183 3176 223 3234 εἰς
240 3173 339 3228 ἕκαστα
357 3175 602 3246 μεταπλαττομένη
626 3171 698 3245 πρός
721 3173 753 3228 τό
771 3175 894 3228 ποικίλον
912 3178 993 3228 εἴωθε
1010 3181 1206 3247 μορφοῦσθαι·
1220 3168 1252 3228 τό
1271 3190 1301 3226 τε

183 3262 239 3332 γάρ
258 3257 471 3334 ἐξατμιζόμενον
490 3263 573 3329 αότης
590 3263 726 3333 αἐροῦται,
745 3267 791 3317 καὶ
809 3263 840 3317 τό
860 3263 1024 3318 λεπτότατον
1042 3263 1097 3317 diro*
1118 3261 1199 3333 α’έρος
1217 3262 1300 3333 αἰθὴρ

184 3349 336 3422 άνάπτεται,
356 3347 498 3414 συνιζάνον
517 3370 547 3406 rs
567 3353 597 3404 τό
616 3354 692 3421 ἴόωρ
711 3355 755 3404 καὶ
772 3353 1011 3424 μεταβαλλόμενον
1035 3358 1073 3413 εἰς
1097 3352 1159 3405 cliv
1181 3350 1300 3420 άπογαι-

184 3443 273 3492 οὗτοι·
294 3441 338 3492 διά
353 3438 388 3504 δη
398 3447 442 3505 τῆς
452 3429 582 3513 τετράδος
595 3447 649 3494 τοῖν
662 3446 800 3510 στοιχείων
813 3439 904 3510 ὥσπερ
917 3443 1079 3495 αἰτιώτατον
1094 3441 1179 3505 Θαλῆς
1193 3436 1300 3510 άαεφή-

184 3547 251 3580 νατο
270 3528 302 3580 τά
321 3524 405 3599 ὕδωρ,
442 3531 565 3602 Hippoi*
583 3532 695 3586 Reill
719 3533 783 3589 Dor.
799 3533 859 3587 555.
894 3521 972 3589 οὗτος
991 3527 1043 3600 ἔφη
1060 3527 1146 3600 cippis
1165 3533 1213 3582 τοῦ
1231 3549 1301 3583 παν-

184 3673 303 3729 feruntur
321 3673 427 3728 Placita
445 3673 656 3744 philosophorum
662 3697 669 3740 ;
688 3674 719 3728 de
739 3674 832 3743 quihus
850 3673 944 3728 Euseh.
963 3673 1055 3744 Praep.
1075 3691 1113 3728 ev.
1133 3675 1176 3739 13,
1195 3675 1211 3729 9
1229 3672 1300 3741 ypsi-

184 3779 230 3832 φει
249 3762 283 3826 dr}
302 3760 412 3830 α’θρόως
432 3761 560 3814 άπάντων
579 3791 612 3800 -
632 3793 664 3802 -
685 3761 734 3822 τάς
752 3759 837 3822 δόξας
856 3761 1022 3831 συναγαγών
1042 3759 1056 3813 ὁ
1075 3761 1251 3830 Πλούταρχος
1270 3758 1301 3812 ἐν

184 3841 224 3910 οἷς
234 3847 393 3918 ἐπέγραψε·
413 3853 543 3919 περὶτῶν
557 3847 730 3919 α’ρεσκόντων
751 3858 807 3910 τοῖς
821 3847 987 3920 φιλοσόφοις
1001 3857 1127 3921 φυσικῶν
1141 3849 1298 3920 δογμάτων.

184 3939 344 4008 Compilavit
362 3939 432 3994 Astii
455 3939 569 3993 similem
593 3941 690 3994 librum
714 3941 749 4008 (v.
768 3957 829 4010 pag.
850 3942 894 4009 10)
919 3943 1076 4010 epitomator
1101 3941 1209 4010 quidam
1229 3941 1300 3995 cirea

183 4027 298 4082 medium
316 4043 381 4082 saec.
401 4029 438 4082 li.
464 4029 562 4083 Christ.
588 4046 678 4094 mem,
704 4031 785 4083 ante
805 4047 902 4084 annum
922 4031 982 4094 177,
1007 4032 1084 4099 post
1108 4031 1218 4083 mortem
1236 4028 1301 4082 Plu·

183 4116 278 4171 tarchi.
316 4117 427 4186 Dorogr.
447 4118 545 4187 1-43;
565 4117 652 4172 editur
669 4117 733 4174 ibid.
752 4119 902 4174 273-444.
1296 4106 1300 4112 ’

254 4205 279 4274 *)
296 4205 447 4257 'inauditos
472 4209 520 4258 τοῦ
545 4205 614 4258 κατά
638 4208 735 4258 πασῶν
758 4207 892 4274 αἱρέσεων
915 4205 1028 4276 ἐλέγχου
1052 4207 1151 4274 βιβλίον
1174 4207 1199 4262 οἱ.
1219 4207 1299 4276 φιλο·

184 4293 353 4362 σοφοόμενα.
390 4293 422 4348 In
437 4295 569 4350 codicibus
584 4312 698 4350 seorsum
713 4297 761 4352 sub
777 4298 839 4352 ficto
854 4295 977 4365 Origenis
991 4297 1094 4350 nomine
1108 4297 1299 4352 circumfertur.

183 4381 314 4436 Adhibuit
339 4384 497 4453 Hippolytus
521 4386 552 4452 (c.
573 4386 625 4440 220
648 4401 673 4454 p.
692 4385 766 4454 Chr.)
791 4386 965 4454 Theophrasti
991 4383 1131 4453 Opiniones
1156 4387 1297 4454 excerptas.

181 4469 223 4524 uf.
243 4472 355 4541 Doxogr.
376 4473 436 4540 144,
456 4474 521 4543 1533
542 4473 629 4528 editur
647 4473 711 4529 ihid.
730 4474 879 4529 551-576.
