3148 4984
292 343 346 404 536
754 346 945 416 Neoplatonici.

292 507 375 560 mines
393 505 444 572 (ΙΠ
461 505 487 571 5,
507 507 537 572 6;
556 506 579 558 V
597 507 622 572 8,
641 507 677 571 3).
714 503 916 574 Astrologorum
938 505 1072 575 opiniones
1090 521 1249 574 quamquam
1267 505 1416 574 impugnat,

293 598 381 648 tamen
405 595 523 649 coneedit
547 594 750 664 significationes
775 595 913 648 stellarum
936 594 1007 660 fieri,
1031 597 1140 664 propter
1163 592 1310 648 mirabilem
1328 609 1416 646 rerum

294 685 408 738 omnium
427 685 455 738 in
473 684 570 738 mundo
588 684 793 754 copulationem:
811 683 878 738 Enn.
898 683 964 748 113,
980 684 995 737 7
1015 685 1086 738 ε’στω
1105 689 1200 738 τοίνυν
1218 682 1311 754 ὥσπερ
1325 686 1416 755 γράμ-

292 794 370 847 ματα
390 777 420 829 ἐν
438 777 544 844 οὐρανῷ
563 775 728 847 γραφόμενα
748 775 791 827 ἀεὶ
805 777 821 838 ἡ
835 777 1016 846 γεγραμμένα
1035 777 1082 826 καὶ
1099 775 1257 844 κινούμενα,
1278 781 1416 824 ποιοῦντα

291 869 388 935 μέντοι
412 865 493 937 ἔργον
510 866 557 916 καὶ
576 865 657 926 ἄλλο,
683 864 906 916 ἰπακοάουθείτω
925 862 956 915 δὲ
975 862 1045 930 τῷδε
1061 864 1076 928 ἡ
1091 857 1161 932 παρ’
1180 862 1271 914 αὐτῶν
1289 864 1416 931 σημασία

291 951 324 1006 εἰ.
341 951 382 1005 ΙΠ
401 952 425 1017 1,
445 953 476 1017 6;
495 951 532 1004 lv
550 953 576 1017 3,
597 952 643 1018 12;
662 956 705 1004 RP
724 951 808 1006 5150.

362 1089 390 1133 θ.
408 1073 474 1130 Eun.
494 1075 531 1128 VI
549 1076 575 1142 4,
594 1075 629 1128 14
647 1077 725 1148 ἡμεῖς
744 1075 783 1139 δέ,
803 1080 874 1135 τίνες
892 1074 923 1128 δὲ
942 1076 1021 1146 ἡμεῖς
1028 1098 1036 1139 ,·
1057 1101 1090 1110 -
1110 1077 1125 1139 ἢ
1143 1077 1190 1126 καὶ
1209 1075 1263 1146 πρὸ
1282 1083 1333 1125 τοῦ
1349 1074 1416 1125 ταύ-

293 1186 342 1232 την
360 1167 408 1232 τήν
426 1170 535 1235 γένεσιν
553 1169 685 1234 γενέσθαι
704 1161 773 1236 η’μεν
791 1164 847 1218 ἐκεῖ
865 1166 1009 1234 ἀνθρωποι
1029 1165 1106 1216 ἄλλοι
1125 1165 1200 1222 ὄντες
1218 1166 1267 1214 καί
1283 1179 1353 1222 τινες
1368 1165 1417 1214 καὶ

292 1259 361 1318 θεοί,
382 1258 473 1326 ψυχαὶ
491 1256 615 1326 καθαραὶ
633 1256 680 1306 καὶ
694 1261 758 1313 νοῦς
777 1255 952 1324 συνημμένος
972 1255 1004 1324 τῇ
1026 1253 1122 1323 άπάση
1142 1251 1238 1318 οὐσίᾳ,
1256 1253 1326 1324 μέρη
1340 1253 1416 1310 ὄντες

292 1353 343 1397 τοῦ
360 1352 461 1409 νοητοῦ
485 1343 533 1395 οὐκ
556 1343 739 1414 ἀφωρισμένα
759 1337 823 1393 οὐδ’
842 1342 1071 1412 ἀποτετμημένοι,
1096 1335 1156 1392 ἀλλ’
1175 1343 1251 1400 ὄντες
1274 1348 1324 1390 τοῦ
1342 1338 1415 1390 ὅλου.

292 1431 358 1485 Eun.
377 1430 415 1483 lv
433 1431 459 1496 3,
479 1429 513 1482 12
533 1431 688 1502 ἀνθρώπιον
712 1429 744 1482 δὲ
764 1432 855 1499 ψυχαὶ
877 1457 912 1466 -
937 1430 991 1482 ἐκεῖ
1008 1429 1137 1496 ἐγένοντο
1157 1432 1265 1482 ἀνωθεν
1283 1430 1416 1500 ὁρμηθεῖ-

294 1537 356 1584 σαι,
382 1521 431 1573 οὐκ
450 1520 660 1588 ἀποτμηθεῖσαι
686 1513 748 1570 οὐδ’
769 1509 851 1570 οὗτοι
877 1526 923 1584 τής
946 1517 1052 1570 ἑαυτῶν
1076 1519 1160 1589 ἀρχῆς
1179 1535 1207 1570 τε
1226 1521 1273 1570 καὶ
1290 1525 1352 1570 νοῦ·
1382 1519 1416 1570 οὐ

292 1611 347 1681 γὰρ
364 1610 436 1681 μετὰ
455 1616 505 1662 τοῦ
518 1615 569 1659 νοῦ
583 1605 676 1673 ήλθον,
696 1602 757 1659 ἀλλ’
778 1606 912 1676 ἔφθασαν
928 1606 982 1678 μὲν
998 1609 1083 1677 μέχρι
1101 1613 1157 1674 χής,
1176 1607 1246 1676 κάρα
1266 1605 1298 1658 δὲ
1318 1607 1416 1666 αὐτοῖς

291 1700 445 1772 ἐστήρικται
466 1697 590 1768 ὑπεράνω
609 1705 659 1747 τοῦ
677 1697 803 1765 οὐρανοῦ.
840 1693 879 1748 Cf.
898 1693 980 1762 1V4,
1001 1695 1080 1764 lsq.;
1099 1695 1124 1760 8,
1144 1693 1210 1764 4sq.

359 1926 518 2002 Enn.Il‚
536 1933 587 1990 10.
630 1911 726 1988 ’Am'
745 1917 774 1988 εἰ
797 1923 889 2010 ἡμεῖς
912 1923 931 2010 ἡ
956 1923 1052 2011 ψυχή,
1076 1922 1242 2006 πάσχομεν
1256 1922 1293 1990 δὲ
1309 1935 1463 1990 rafica-'³²⁰

296 2034 350 2119 (εά
373 2031 586 2120 παθήματα).
607 2031 713 2117 ἡμεῖς,
744 2038 848 2094 ταῦτα
872 2029 911 2094 ἀν
934 2024 983 2116 εἴη
1007 2029 1179 2110 πάσχουσα
1202 2031 1221 2117 ἡ
1246 2032 1334 2118 φυχὴ
1356 2030 1416 2097 καὶ

290 2137 331 2205 αὖ
354 2139 486 2227 ποιήσει
510 2133 531 2202 ἃ
553 2147 719 2220 ποιοῦμεν.
754 2136 773 2223 ἢ
797 2133 915 2202 καὶτὸ
937 2136 1044 2202 κοινὸν
1066 2131 1190 2224 ἔφαμεν
1213 2137 1302 2224 ἡμῶν
1324 2129 1411 2204 εἶναι

290 2245 348 2312 καὶ
375 2245 521 2329 μάλιστα
551 2241 644 2310 οὔπω
672 2239 946 2329 κεχωρισμένων·
981 2240 1055 2308 ἐπεὶ
1084 2241 1142 2308 καὶ
1171 2241 1193 2307 ἀ
1222 2241 1344 2325 πάσχει
1375 2246 1414 2312 τὸ

289 2365 385 2436 σῶμα
415 2353 504 2439 ἡμῶν
534 2351 621 2437 ἡμᾶς
650 2372 757 2436 φαμεν
788 2347 934 2430 πάσχειν.
967 2349 1076 2415 δισσὸν
1105 2345 1160 2415 οὖν
1188 2350 1226 2415 τὸ
1255 2351 1362 2436 ἡμεῖς,
1392 2352 1414 2439 ἢ

289 2454 591 2546 συναριθμουμένων
621 2465 679 2520 τοῦ
709 2452 829 2542 θηρίου
853 2455 873 2542 ἡ
896 2456 934 2522 τὸ
957 2452 1040 2542 ὑπὲρ
1064 2466 1159 2521 τοῦτο
1183 2453 1258 2543 ήδη·
1295 2453 1414 2544 θηρίον

289 2565 326 2632 ἀὲ
354 2561 489 2652 ζφωθὲν
518 2563 556 2630 τὸ
586 2573 691 2643 σῶμα.
726 2549 799 2626 ὅά>
816 2560 947 2648 άληθὴς
973 2560 1153 2648 άνθρωπσς
1182 2560 1281 2640 ἀλλος
1303 2561 1322 2627 ὁ
1344 2587 1407 2628 κα-

288 2673 395 2760 θαρὸς
410 2671 532 2736 τούτων
556 2668 616 2745 τὰς
639 2666 755 2753 ἀρετὰς
778 2662 858 2748 ἔχων
880 2669 939 2745 ιάς
962 2666 995 2732 ἐν
1017 2669 1132 2756 νοήσει,
1157 2665 1198 2733 οἳ
1217 2668 1256 2755 δὴ
1279 2667 1313 2734 ἐν
1327 2667 1414 2758 αὐτῇ

288 2778 330 2867 τῇ
349 2773 552 2865 Δχωριζομένη
588 2771 678 2861 ψυχῇ
707 2773 874 2860 ἵδρυνται,
908 2772 1106 2861 χωριζομένη
1130 2772 1167 2838 δὲ
1189 2773 1247 2840 καὶ
1267 2774 1415 2864 χωρισσῇ

288 2881 338 2958 ἔτι
361 2883 505 2949 ἐνταῦθα
529 2878 624 2967 οἴσῃ·
659 2877 735 2944 ἐπεὶ
757 2876 824 2959 καί,
848 2879 925 2944 ὅταν
942 2880 1023 2967 αὕτη
1039 2879 1255 2946 παντάπασιν
1269 2880 1414 2971 ἀποστῇ,

289 2987 346 3055 καὶ
369 2991 388 3077 ἡ
412 2985 476 3052 ἀπ’
496 2985 594 3073 αὖιής
617 2981 850 3074 ἐλλαμφθεῖσα
863 2985 1064 3073 ,ἀπελήλυθε
1087 2985 1294 3075 συνεπομένη.
1323 2984 1361 3054 αἱ
1377 2978 1410 3053 δ’

290 3093 403 3182 ἀρεταὶ
426 3090 462 3159 αἱ
491 3094 536 3180 μὴ
561 3092 730 3180 φρονήσει,
767 3087 862 3160 ἔθεσι
886 3090 922 3157 δὲ
945 3090 1144 3177 ἐχχινόμενοιι
1166 3091 1224 3158 καὶ
1246 3093 1412 3182 ἀσκήσεσι,

289 3211 348 3267 τοῦ
375 3199 519 3266 κοινοῦά·
549 3198 663 3264 τούτου
695 3199 755 3285 χάρ
786 3194 823 3263 αὶ
853 3195 984 3277 κακίαι,
1016 3197 1093 3264 ἐπεὶ
1122 3198 1180 3264 καὶ
1208 3199 1333 3287 φθόνοι
1355 3199 1414 3266 καὶ

289 3307 381 3396 ζῆλοι
403 3305 460 3372 καὶ
484 3301 596 3371 ξ’λεοιο.

360 3462 388 3502 a.
408 3448 474 3501 Post
491 3450 602 3500 mortem
621 3445 734 3512 animae,
754 3449 785 3498 ut
804 3462 921 3516 quaeque
939 3448 967 3498 et
985 3445 1073 3500 studio
1092 3447 1176 3500 fertur
1195 3449 1223 3500 et
1241 3448 1339 3516 meruit
1357 3449 1413 3502 vita

288 3539 350 3594 ante
369 3539 436 3602 acta,
454 3537 494 3589 ita
512 3539 560 3588 aut
578 3551 684 3588 sursum
702 3535 730 3588 in
749 3534 850 3588 caelum
867 3537 896 3588 et
913 3535 946 3587 ad
966 3535 1052 3588 sidera
1071 3535 1112 3588 vel
1130 3535 1159 3588 in
1177 3535 1266 3606 ipsum
1284 3526 1413 3591 mundum

288 3625 487 3704 {ntellegibilem
515 3625 649 3678 tolluntur
681 3627 729 3676 aut
762 3623 791 3676 in
818 3623 870 3676 alia
896 3623 1032 3677 hominum
1062 3641 1169 3694 corpora
1194 3628 1335 3678 transeunt
1364 3629 1412 3680 aut

288 3714 369 3766 etiam
389 3713 471 3765 altius
496 3712 524 3765 in
549 3711 686 3764 materiam
705 3710 903 3780 deprimuntur,
929 3713 960 3764 ut
978 3711 1019 3764 vel
1036 3712 1106 3765 intet
1125 3713 1204 3764 bruta
1222 3712 1346 3766 animalia
1364 3717 1412 3767 aut

288 3803 394 3873 plantas
414 3801 498 3854 vivere
516 3802 636 3872 pergant,
656 3817 679 3853 ν.
699 3799 765 3853 Eun.
784 3799 868 3867 1114,
887 3800 964 3869 2sq.;
983 3800 1004 3867 Ι,
1020 3801 1106 3868 8,13;
1125 3799 1205 3884 1112,
1217 3801 1265 3867 13;
1283 3801 1322 3854 IV
1331 3802 1357 3868 3,
1368 3802 1411 3856 24.

359 3922 390 3978 b.
415 3927 453 3978 Τὸ
470 3926 563 3978 κοινὸν
581 3941 602 3978 s.
622 3926 654 3976 τὸ
673 3925 889 3997 συναμφότερον
913 3926 956 3976 est
969 3923 1045 3977 ,illud
1064 3925 1133 3994 quod
1158 3941 1188 3978 ex
1206 3925 1293 3978 anima
1311 3929 1339 3980 et
1358 3943 1412 3980 eor-

288 4029 350 4084 pore
369 4013 543 4084 compositum
561 4015 611 4066 est.
648 4012 745 4066 Veram
766 4011 842 4066 illam
868 4011 981 4065 animam
1005 4015 1089 4082 atquo
1109 4015 1281 4084 separabilem
1306 4016 1410 4070 omnino

288 4119 340 4156 non
365 4119 422 4156 esse
446 4102 474 4155 in
498 4117 604 4172 corpore
627 4118 711 4171 neque
734 4117 841 4171 corpore
864 4101 993 4155 contineri
1010 4105 1113 4169 censet,
1139 4102 1185 4156 sed
1209 4119 1303 4174 corpus
1321 4105 1411 4174 potius

288 4191 374 4244 inesse
399 4195 479 4261 atque
503 4190 631 4244 continen'
656 4190 716 4255 illa,
741 4190 773 4244 cf.
793 4189 859 4244 Enn.
877 4190 893 4244 1
912 4192 935 4257 1,
955 4192 971 4245 7
979 4207 1033 4260 sq.;
1052 4191 1090 4244 IV
1108 4193 1133 4258 3,
1152 4192 1268 4259 20-23,
1287 4193 1333 4246 ubi
1351 4209 1410 4247 cum

289 4279 340 4332 alia
359 4279 424 4332 dicit
438 4283 496 4333 tum
511 4279 575 4332 haec
592 4279 663 4346 (m
683 4276 729 4351 ἀρ’
747 4277 796 4334 οὖν
811 4281 882 4334 οὕτω
896 4285 1008 4352 φατέον,
1028 4282 1097 4334 ὅταν
1111 4283 1188 4352 ψυχὴ
1202 4284 1313 4355 σώματι
1327 4287 1409 4356 παρή,

289 4373 418 4440 παρεῖναι
446 4370 531 4434 αὐτὴν
558 4371 593 4428 ὡς
621 4371 652 4421 τὸ
680 4379 736 4441 πῦρ
764 4373 882 4438 πάρεστι
907 4373 945 4439 τῷ
967 4371 1041 4444 ἀέρι;
1069 4372 1189 4445 καὶγὰρ
1209 4367 1309 4424 αάκαὶ
1329 4381 1409 4426 τοῦτο

288 4457 381 4528 παρὸν
403 4459 436 4508 οὐ
454 4459 571 4528 πάρεστι
592 4461 639 4510 καὶ
658 4454 699 4512 δι’
718 4459 782 4513 ὅλου
803 4462 894 4533 παρὸν
913 4459 1006 4514 οὐδενὶ
1023 4464 1161 4532 μίγνυται
1179 4463 1226 4514 καὶ
1245 4459 1339 4527 ἕστηκε
1356 4463 1410 4534 μὲν
