3150 4996
661 315 864 370 Anaximander.
1285 313 1320 374 13

200 477 327 532 Themisb.
338 475 413 532 Orat.
423 474 521 540 XXVI,
531 492 556 544 p.
566 475 619 530 317
638 473 773 544 ἐθάρρησε
791 477 908 543 πρῶτος,
922 463 964 528 οἷν
981 477 1073 544 ἴσμεν,
1090 473 1219 540 Ἑλλήνων
1234 475 1319 545 λόγον

198 565 352 635 ἐξενεγκεῖν
371 563 560 632 περὶφύσεως
578 566 835 634 συγγεγραμμένον,
872 563 964 618 Plures
987 565 1083 619 titulos
1109 565 1142 620 ad
1165 581 1223 620 eum
1241 566 1320 620 refert

198 654 275 708 :Suid
294 671 319 708 τ.
339 649 555 722 Ἀναξίμανδρος,
574 652 618 706 sed
638 652 804 708 hauddubie
823 653 1025 708 commenticios.

273 759 302 814 d.
332 759 399 814 Sane
422 758 571 828 probabile,
596 759 702 829 inipso
725 759 792 813 libro
817 759 1006 815 Anaximandri
1029 759 1210 829 significatum
1229 761 1318 827 inisse,

198 865 261 902 eum
279 849 377 903 aetatis
396 865 464 902 anno
483 849 518 903 64
537 865 552 902 a
571 865 598 902 se
615 849 742 918 scriptum
765 864 833 918 esse;
859 849 998 904 accessisse
1022 849 1095 903 aliud
1121 849 1260 916 indicium,
1289 867 1318 905 er

199 954 253 1008 ¹quo
276 936 449 1006 Apollodorus
468 939 501 992 ol.
522 938 601 1002 58,2
629 937 727 992 librum
750 937 850 991 edItum
877 953 932 991 esse
960 937 1100 1008 coniceret3
1133 938 1194 992 inde
1221 955 1319 992 annum

201 1012 320 1081 natalem
339 1041 393 1080 esse
412 1028 601 1095 computatum.
638 1025 678 1080 Of.
697 1026 771 1080 Diels
789 1042 857 1081 mus.
875 1025 914 1080 rh.
935 1025 1025 1079 XXXI
1043 1027 1086 1081 24.

274 1147 299 1190 e.
327 1133 377 1198 oui
399 1133 450 1187 610
468 1132 512 1200 (σί.
531 1132 636 1202 Hippoi.
655 1132 711 1186 Res.
731 1131 746 1185 I
765 1133 781 1186 6
799 1132 863 1186 Dor.
882 1131 946 1200 560)
964 1134 1044 1186 natus
1066 1135 1132 1194 erat,
1160 1149 1211 1187 non
1231 1135 1319 1202 potest

201 1223 256 1277 dici
273 1222 412 1292 Polycrate
436 1223 563 1289 regnante
582 1221 713 1286 floruisse,
742 1221 759 1275 i.
779 1236 801 1274 e.
820 1221 926 1274 circiter
944 1237 1041 1274 annum
1060 1222 1121 1276 532.
1158 1223 1232 1276 Diels
1250 1239 1317 1276 mus.

202 1313 242 1368 rh.
253 1313 298 1376 31,
307 1311 342 1366 25
360 1311 493 1364 coniectat
507 1309 674 1379 Pythagorae
688 1325 743 1367 esse
761 1309 840 1363 illam
855 1304 944 1377 οἷνμήν
962 1325 1070 1378 eamque
1084 1309 1199 1364 confusis
1213 1310 1318 1379 Apollo·
1346 1325 1373 1368 ἀν
1397 1325 1412 1368 ’.

203 1401 260 1456 dori
278 1401 363 1455 verbis
382 1399 435 1453 sive
454 1415 470 1452 a
488 1399 618 1453 Demetrio
637 1398 761 1476 Magnete
786 1399 841 1451 sive
863 1397 897 1452 ab
922 1397 975 1452 alio
1000 1399 1124 1468 scriptore
1147 1415 1239 1468 pamm
1258 1399 1319 1453 dili-

199 1491 278 1562 genti
301 1488 335 1543 ad
360 1487 583 1544 Anaximandrum
606 1488 776 1540 translatam.
814 1484 1037 1542 Ze11011⁴184²
1060 1487 1211 1556 suspicatur
1234 1489 1319 1542 nostri

202 1577 351 1649 philosophi
369 1572 460 1646 οἷκμήν
479 1575 512 1630 ab
531 1575 687 1646 Apollodoro
706 1575 787 1629 trisse
806 1593 865 1631 cum
878 1575 956 1629 initio
971 1576 1016 1644 (ol.
1026 1576 1069 1641 53,
1086 1577 1114 1645 3)
1133 1576 1319 1632 dominationis

203 1667 371 1736 Polycrateae
390 1667 568 1730 coniunctam
588 1681 638 1734 quo
651 1665 697 1719 ille
709 1667 823 1734 tempore
842 1663 894 1718 fere
908 1665 943 1718 44
956 1681 1054 1718 annum
1065 1665 1170 1734 agebat.
1199 1667 1318 1720 Thaletis

204 1755 353 1826 appellatur
371 1753 476 1822 ἑταῖρος
494 1754 597 1822 (SImpl.
616 1753 709 1822 Plus),
729 1751 863 1820 διάδοχος
881 1752 1008 1822 (Simpl.),
1028 1751 1177 1824 γνώριμος,
1195 1754 1319 1822 μαθητής

204 1843 327 1915 (Stat),
347 1843 445 1898 sodalis
463 1843 530 1913 (Oia.
549 1842 630 1900 Acad.
648 1843 678 1898 ΙΙ
697 1842 769 1912 118).
806 1843 911 1900 Ceteros
930 1843 999 1898 locos
1017 1859 1041 1899 v.
1060 1841 1145 1902 Zeller
1163 1841 1193 1898 1⁴
1213 1844 1272 1904 183.

138 2028 187 2094 ἰν
271 2023 550 2105 SimplPhysdf.
569 2021 733 2098 24‚13D.
777 2017 1014 2110 Ἀναξίμανδρος
1038 2059 1079 2072 -·-
1103 2017 1199 2107 ἀρχήν
1221 2026 1316 2088 τεκαὶ
1343 2038 1402 2101 prin·

204 2142 354 2212 στυιχεΐον
377 2131 470 2214 εἴρηκε
493 2129 555 2192 τῶν
578 2124 675 2192 ὄντων
698 2121 741 2190 τὸ
764 2124 931 2214 ἄπειρον,
961 2129 1080 2213 πρῶτος
1106 2131 1224 2192 τοῦτο1
1246 2103 1423 2200 cod-ddplddi

204 2262 283 2320 νσμα
305 2238 433 2316 κομίσας
454 2233 507 2318 τῆς
529 2229 630 2318 ἀρχῆς.
678 2235 755 2316 λέγει
780 2227 807 2298 δ’
825 2229 921 2318 αὐτὴν
944 2228 1125 2320 plicatilem
1147 2229 1221 2319 μήτε
1244 2231 1318 2300 ἄλλο

203 2369 232 2408 τι
255 2341 316 2408 τῶν
339 2344 534 2424 καλουμένων
557 2339 628 2406 εἶναι
652 2342 815 2422 στοιχείων,
840 2335 905 2406 ἀλλ’
920 2337 1022 2429 ἑτέραν
1037 2339 1104 2406 τινὰ
1119 2338 1213 2426 φύσιν
1236 2333 1319 2406 duec-

203 2474 268 2534 ρον,
298 2451 330 2523 ἓξ
351 2438 386 2532 ἧς
408 2441 543 2522 ἅπαντας
565 2449 704 2530 γίνεσθαι
727 2445 799 2521 τοὺς
823 2443 971 2532 οὐρανοὺς
993 2453 1040 2512 καὶ
1065 2441 1136 2524 rode
1159 2451 1190 2512 ἓν
1215 2443 1319 2524 αὐτοῖς

203 2549 353 2636 κόσμους·
377 2557 408 2630 ἐξ
429 2544 472 2619 ὧν
492 2556 528 2620 δὲ
550 2545 568 2638 ι)
591 2557 704 2637 γένεσίς
726 2555 789 2620 ἔστι
812 2565 875 2630 τοῖς
897 2546 973 2633 odor,
997 2557 1044 2618 καί
1067 2553 1123 2639 τὴν
1139 2549 1265 2640 φθορὰν
1281 2561 1320 2632 τίς

204 2662 300 2726 ταῦτα
315 2664 453 2745 γίνεσθαι
470 2659 563 2726 κατὰ
586 2659 627 2726 τὸ
651 2655 797 2745 χρεών·
822 2655 975 2725 διδόναι
999 2655 1068 2748 γὰρ
1091 2655 1319 2745 αὗτὰδίκην

203 2771 266 2832 καὶ
283 2771 394 2832 ’τίσιν
417 2762 686 2852 ἂλλὴλσιςτῆς
708 2762 954 2844 ἇδικίαςκατίι
974 2763 1026 2852 τὴν
1038 2762 1212 2856 τοῦχρόνσυ
1224 2767 1317 2847 τάξιν,

205 2873 447 2958 ποιητικωτίροις
471 2871 567 2950 οὕτως
590 2867 734 2954 ὀνόμασιν
757 2869 836 2938 αὐτὰ
858 2874 950 2962 λέγων
964 2883 986 2939 ².
1034 2873 1125 2958 δῆλον
1149 2876 1182 2938 δὲ
1202 2868 1247 2939 ὅτι
1263 2873 1318 2960 τὴν

205 2983 245 3055 τίς
269 2976 384 3064 ἄλληλα
405 2974 581 3065 μεταβολὴν
604 2980 664 3044 τῶν
679 2977 835 3065 τεττάρων
852 2984 1009 3060 στοιχείων
1025 2971 1115 3057 οὗτος
1130 2977 1320 3063 θεασάμενος

206 3083 261 3153 οὖν
283 3083 408 3172 ἠξίωσεν
431 3091 462 3154 ἵν
491 3113 519 3151 τι
549 3085 667 3152 τούτων
695 3079 891 3169 δποκείμενσν
918 3088 1055 3172 ποιῆσαι,
1087 3082 1165 3152 ἄλλα
1193 3115 1222 3152 τι
1245 3081 1318 3152 ἄλλο

430 3191 443 3231 b

205 3191 288 3281 παρὰ
320 3200 416 3259 ταῦτα
445 3243 452 3257 .
500 3183 588 3270 οὗτος
616 3196 649 3260 δὲ
672 3189 732 3258 οὐκ
763 3189 977 3276 ἀλλοιουμένου
1009 3198 1236 3276 τοῦστοιχείου
1265 3189 1319 3278 τὴν

205 3301 318 3384 γένεσιν
341 3311 426 3378 ποιεῖ,
451 3287 514 3364 οἰλλ>
541 3294 782 3383 ἀποκρινομένων
806 3301 868 3364 τῶν
891 3300 1032 3364 ἐναντίων
1063 3299 1112 3365 διὰ
1142 3301 1196 3386 τῆς
1219 3295 1318 3364 υἰϊδίου

205 3399 365 3490 κινήσεως·
398 3405 444 3472 διὸ
467 3411 515 3470 καὶ
539 3411 687 3490 τοῖςπερὶ
713 3401 918 3494 Ἀναξαγόραν
940 3407 1050 3471 τοῦτον
1074 3401 1089 3472 ὃ
1113 3402 1319 3492 Ἀριστοτέλης

200 3511 361 3588 ,συνέταξεν
377 3520 397 3576 ⁰.
443 3510 502 3598 (π
524 3512 752 3594 Theophrasti*
774 3513 811 3576 fr.
836 3521 866 3588 2,
890 3513 1018 3596 Doxogr.
1042 3532 1070 3594 p.
1096 3523 1170 3592 476,
1195 3516 1238 3598 3.)

207 3691 417 3699 ——.——-.

277 3795 304 3860 1)
322 3799 428 3861 πρῶτος
446 3789 515 3848 αὐτό
533 3794 564 3862 ej.
584 3795 682 3850 Usener
691 3812 720 3850 ex
735 3794 826 3864 Simpl.
834 3797 905 3863 32v3
922 3812 946 3863 p.
957 3795 1016 3860 150,
1031 3797 1104 3850 231).
1123 3791 1319 3864 npoizocadrde

206 3877 293 3949 α’ρχὴυ
312 3875 449 3950 ὀνομάσας
468 3881 498 3932 ro*
516 3877 705 3952 ὑποκείμενου.

277 3987 304 4054 *)
322 3987 535 4057 „Theophrastus
554 3991 660 4058 scripsit
688 3993 811 4040 Φυσικῶν
838 3989 927 4050 δοξῶν
954 3989 1035 4043 libros
1062 3990 1156 4042 XVIII
1187 3991 1274 4058 (Diog.
1294 3991 1319 4043 V

205 4078 249 4131 46.
268 4076 322 4144 48).
342 4106 376 4118 *-
395 4077 612 4147 Philosophorum
632 4094 648 4132 a
666 4079 775 4132 Thalete
795 4077 827 4131 ad
846 4077 984 4132 Platonem
1002 4078 1107 4132 turbam
1125 4079 1166 4131 ita
1179 4081 1317 4144 recensuit,

206 4171 238 4220 ut
256 4167 320 4236 quid
338 4167 368 4220 de
387 4167 500 4236 singulis
518 4167 619 4236 singuli
638 4169 769 4236 capitibus
788 4170 935 4222 statuerent
953 4181 1005 4220 non
1022 4167 1107 4221 solum
1125 4167 1238 4221 brevitor
1251 4168 1319 4222 indi-

206 4259 286 4318 caret,
305 4256 351 4310 sed
369 4257 451 4310 etiam
470 4255 532 4324 quid
550 4257 619 4310 male
638 4257 701 4326 quid
719 4261 788 4310 recte
806 4255 870 4325 qnid
883 4257 984 4324 proprie
999 4257 1161 4324 cogItassent
1174 4256 1207 4310 ad
1218 4258 1318 4331 Aristo-

201 4345 302 4398 taleam
326 4359 444 4399 normam
462 4344 624 4401 diiudicaret.
662 4348 813 4414 priusquam
832 4361 890 4398 vero
908 4345 1137 4399 tam-admirabile
1156 4360 1220 4414 opus
1237 4347 1318 4400 susci·

206 4435 278 4502 peret
294 4449 346 4488 non
365 4435 449 4488 solum
466 4433 617 4488 Aristotelis
641 4434 740 4488 indicia
765 4433 872 4502 collegit
895 4436 922 4487 et
947 4433 1021 4488 anile
1046 4435 1176 4503 respexit,
1194 4434 1238 4487 sed
1263 4437 1318 4503 ipse
