3150 4996
820 306 987 376 Pythagorei.

435 467 519 532 Plao.
542 468 576 532 Π
601 476 628 546 6,
660 475 688 533 5.
722 469 800 533 Dox.
832 475 905 534 334.
949 466 1146 554 Πυθαγόρας
1175 469 1258 533 πέντε
1298 465 1471 552 σχομάτων
1490 499 1547 539 σεο

347 567 445 640 ι’ίντων
474 573 609 660 στερεῶν,
640 569 713 659 ἀπερ
736 581 865 640 καλεῖται
889 579 936 640 καλ
959 574 1174 659 μαθηματικά,
1199 579 1230 640 ἐκ
1252 577 1307 658 μὲν
1331 577 1387 641 τού
1410 573 1469 642 κύ-

346 689 407 763 βου
430 685 503 767 φησὶ
527 681 675 767 γεγονέναι
699 677 755 767 τὴν
785 681 850 766 γῆν,
882 684 912 746 ἐκ
936 683 970 748 δέ
993 681 1048 766 τῆς
1071 685 1243 766 πυραμίδος
1266 677 1302 747 τὸ
1327 683 1400 766 πῦρ,
1433 685 1469 749 ἐκ

347 789 381 854 δὲ
403 788 458 853 τού·
482 781 649 872 ὀκταέδρου
671 782 724 852 τὸν
747 784 828 873 ἀέρα,
853 790 885 852 ίκ
908 790 941 854 δέ
964 788 1020 853 τοῦ
1042 792 1233 873 εἰκοσαέδρου
1255 787 1290 854 τὸ
1313 787 1407 876 ύδιορ,
1433 793 1469 855 ἐκ

347 897 380 959 δὲ
416 895 474 961 τού
502 892 737 980 δωδεκαέδρουὴ
769 893 825 980 τὴν
854 895 911 960 τού
938 893 1049 972 παντὸς
1079 907 1220 982 σφαῖραν.
1266 891 1402 960 Πλάτων
1432 899 1469 964 δέ

345 1008 393 1068 καὶ
417 1005 448 1066 ἓν
470 999 592 1076 τούτοις
615 1005 821 1086 πυθαγορίζει.

418 1159 448 1201 a.
475 1144 571 1197 Vereor
588 1159 620 1196 ne
639 1143 752 1196 nondum
771 1146 840 1197 recte
858 1143 922 1197 haec
935 1143 1051 1198 verbase
1065 1143 1188 1197 habeant.
1224 1143 1333 1198 Praeter
1350 1143 1468 1214 μὲν-δὲ

346 1232 465 1302 requiras
491 1233 561 1300 apud
586 1233 699 1286 alterum
722 1230 755 1282 ro?
780 1229 811 1282 ἐν
834 1233 869 1300 τᾷ
894 1235 998 1300 σφαίρᾳ
1022 1232 1182 1286 adlectivum
1206 1230 1315 1302 μεγάλᾳ
1340 1251 1363 1287 v.
1382 1249 1404 1289 o.
1425 1235 1469 1288 rel

347 1321 498 1390 genetivum
521 1315 624 1390 κόσμου
642 1338 666 1374 v.
686 1337 717 1386 c,
736 1337 787 1390 quo
805 1321 920 1375 universi
938 1320 1032 1390 globus
1052 1338 1068 1375 a
1086 1321 1172 1391 figura
1192 1324 1350 1390 geometrica
1369 1323 1468 1377 discer-

346 1414 434 1465 natur.
472 1409 541 1464 Nam
566 1405 600 1461 τύ
619 1407 650 1462 ἐν
667 1413 702 1478 τᾷ
720 1415 824 1478 σφαίρᾳ
849 1408 964 1479 στύματα
987 1411 1072 1474 πέντε
1097 1411 1120 1464 oi
1145 1427 1196 1464 non
1222 1411 1288 1465 dicit
1313 1416 1342 1466 at
1361 1413 1468 1481 cogitat

347 1500 450 1563 cubum,
469 1498 632 1563 tetraedron,
658 1498 805 1563 octaedron,
825 1498 983 1562 icosaedron,
1003 1498 1186 1554 dodecaedron.
1223 1499 1265 1554 Ab
1290 1499 1346 1554 illis
1368 1503 1468 1570 repetit

347 1588 475 1642 elementa
494 1587 593 1641 mundi.
622 1587 751 1652 Quintum
766 1587 829 1656 quid
840 1587 913 1642 dicat
926 1587 1065 1642 obscurum
1084 1591 1131 1642 est.
1161 1588 1361 1644 Platonicorum
1376 1594 1468 1644 autem

347 1679 494 1746 quicunque
512 1676 685 1745 Pythagoreis
699 1676 860 1745 adstipulati
873 1679 945 1741 sunt,
964 1679 1078 1745 quatuor
1091 1677 1227 1730 elementia
1242 1678 1365 1746 quintum
1379 1679 1468 1732 solent

347 1766 488 1836 adiungere
506 1765 637 1819 aetherem
644 1787 651 1830 ;
672 1783 696 1820 v.
716 1765 820 1819 Boeclrh
841 1767 899 1820 160.

418 1889 449 1945 b.
479 1887 536 1942 Non
555 1891 610 1942 tarn
629 1890 712 1958 ipsius
738 1889 811 1959 globi
834 1891 943 1959 speciem
970 1889 1093 1944 describit
1119 1907 1197 1960 quam
1223 1907 1276 1959 qua
1300 1890 1383 1945 forma
1411 1891 1468 1946 nint

348 1979 496 2049 particulae
514 1977 666 2032 individuae
684 1979 740 2032 eiua
759 1980 880 2032 elementi
899 1995 949 2047 quo
968 1979 1044 2047 quasi
1063 1979 1196 2034 involucro
1215 1980 1310 2048 globus
1329 1981 1467 2034 universus

349 2071 386 2121 sit
404 2067 584 2122 circumfusus.

190 2261 249 2314 iguis
263 2261 347 2302 medius
417 2247 502 2312 Siob.
525 2247 591 2310 Eol.
613 2246 631 2310 I
654 2255 728 2312 488.
776 2243 925 2324 Φιλόλαος
947 2254 1007 2332 πῦρ
1030 2247 1060 2311 ἒν
1082 2253 1165 2334 μέσῳ
1189 2250 1252 2330 περὶ
1277 2245 1312 2311 τδ
1334 2247 1466 2334 κέντρον,
1484 2271 1534 2313 ool

348 2350 420 2440 ὅπερ
455 2352 584 2419 ἑστίανΒ
617 2355 673 2419 τοῦ
709 2353 823 2428 παντὸς
856 2360 941 2418 καλεῖ
970 2359 1016 2419 καὶ
1052 2349 1128 2430 Διὸς
1157 2352 1238 2418 οἶκον
1267 2357 1314 2417 καὶ
1347 2358 1466 2439 μητέρα

348 2467 441 2541 θεῶν,
475 2455 582 2544 βωμόν
612 2487 642 2524 τε
672 2465 719 2524 καὶ
750 2455 883 2546 συνοχὴν
913 2467 960 2525 καὶ
989 2462 1100 2546 μέτρον
1130 2458 1269 2547 φύσεως·
1297 2465 1345 2525 καὶ
1376 2455 1468 2524 πάλιν

348 2568 410 2654 πύρ
441 2571 543 2654 ἕτερον
573 2563 736 2647 ἀνωτάτω,
767 2562 802 2630 τὸ
834 2568 980 2653 περιέχον.
1011 2575 1131 2652 πρῶτον
1164 2570 1182 2630 δ
1189 2562 1197 2584 ’
1222 2565 1295 2632 εἶναι
1319 2562 1406 2651 φύσει
1430 2562 1467 2632 τὸ

1250 2671 1263 2710 r
1325 2668 1333 2690 ²
1401 2671 1409 2694 ‘
1443 2675 1456 2712 1

244 2708 294 2750 oron
347 2676 450 2758 μέσον,
487 2679 551 2759 περὶ
581 2675 615 2737 δέ
643 2680 735 2738 τοῦτο
770 2674 839 2738 δέκα
863 2673 989 2755 σώματα
1013 2679 1082 2737 Pria
1100 2667 1237 2757 χορεύειν
1265 2724 1272 2754 ,
1298 2699 1429 2758 ουριινον
1458 2725 1466 2754 ,

204 2763 330 2803 caelestium
392 2777 459 2800 e-
571 2778 580 2802 ι
749 2776 820 2800 >te
865 2778 878 2802 rr
994 2769 1094 2801 (οἳ
1177 2773 1185 2798 ι
1290 2769 1444 2802 tate

349 2807 421 2856 τους
443 2805 459 2845 ε
482 2788 652 2864 πλανητας,
682 2786 749 2862 μεθ
783 2806 836 2854 ους
859 2786 953 2864 ηλιον,
987 2808 1030 2868 υιγ
1071 2807 1094 2868 ιγ
1118 2787 1252 2864 σεληνην,
1282 2807 1326 2868 υφ
1368 2806 1468 2865 ῃτην

348 2889 410 2974 γῆν,
434 2882 488 2973 ἀφ’
513 2877 534 2973 ᾗ
557 2886 613 2971 τὴν
642 2883 828 2967 ἀντίχθονα,
860 2882 939 2968 μεθ’
965 2883 984 2950 ἀ
1014 2883 1176 2968 σύμπαντα
1199 2885 1233 2950 τὸ
1257 2886 1333 2970 πῦρ,
1365 2884 1468 2960 ἑστίας

349 2999 413 3079 περὶ
438 2992 476 3058 τὰ
498 2994 606 3078 κέντρα
628 2989 712 3068 τάξιν
735 2994 838 3076 ἐπέχον
853 3001 873 3057 ⁰.
897 2992 932 3058 τὸ
954 2995 1010 3076 μέν
1034 2987 1089 3057 ούν
1112 2986 1259 3058 ἀνωτάτω
1287 2993 1379 3078 μέρος
1409 3000 1467 3058 τοῦ

348 3100 545 3184 περιέχοντος,
569 3089 640 3188 ένῷ
662 3093 716 3184 τὴν
739 3103 922 3184 εἶλικρίνειαν
944 3097 1015 3164 εἶναι
1038 3099 1099 3164 τῶν
1122 3102 1285 3182 στοιχείων,
1309 3096 1468 3182 Ὄλυμπον

348 3213 451 3272 καλεῖ·
475 3200 513 3270 τά
543 3209 577 3272 δέ
606 3200 665 3271 bai
696 3201 751 3289 τὴν
779 3206 836 3269 τοῦ
857 3202 1012 3290 Ὀλύμπου
1042 3201 1151 3292 φοράν,
1182 3209 1213 3269 έν
1237 3196 1261 3293 ᾧ
1285 3200 1357 3279 τούς
1380 3207 1468 3271 πέντε

348 3311 500 3399 πλανίγτας
521 3308 590 3396 μεθ’
617 3307 703 3398 ἡλίου
726 3317 774 3377 καὶ
799 3307 922 3397 σελήνης
945 3312 1105 3394 τετύχθαι,
1130 3307 1265 3394 κόσμον·
1289 3307 1324 3376 τδ
1349 3317 1368 3376 δ
1374 3308 1382 3332 '
1408 3308 1467 3377 ἀπὸ

348 3418 467 3497 τούτοις
488 3414 675 3502 ύπσσέληνύν
704 3447 736 3485 τε
759 3425 806 3483 καὶ
831 3424 977 3505 περίγειον
999 3421 1103 3504 μέρος,
1137 3422 1168 3484 έν
1192 3409 1216 3506 ᾧ
1239 3413 1278 3483 τά
1300 3419 1356 3502 τῆς
1380 3425 1468 3503 φιλο-

348 3523 521 3610 μεταβύλου
544 3525 690 3609 γενέσεως,
715 3522 845 3611 ούρανύν
859 3525 881 3589 ⁶.
927 3530 974 3591 καλ
998 3532 1062 3612 περὶ
1084 3527 1141 3608 μέν
1164 3524 1201 3590 τὰ
1225 3529 1389 3607 τεταγμένα
1406 3525 1468 3591 των

348 3629 507 3716 μετεώρων
519 3635 659 3716 γίνεσθαι
676 3632 732 3718 τὴν
747 3635 867 3718 σοφίαν,
885 3639 948 3717 περὶ
965 3637 999 3700 δέ
1015 3633 1077 3698 τῶν
1094 3633 1260 3716 γινομένων
1271 3626 1328 3717 τὴν
1343 3627 1468 3708 ἀταξίαν

349 3738 406 3824 τὴν
428 3733 544 3824 ἀρετήν,
567 3743 680 3804 τελείαν
702 3740 757 3822 μέν
781 3744 903 3824 ἐκείνην,
933 3735 1025 3824 ἀτελῆ
1048 3743 1082 3805 δέ
1104 3737 1217 3822 ταύτην
1231 3748 1253 3803 ⁰.

349 3987 391 4040 vel
423 3980 518 4044 ὀλύτας
550 3985 766 4039 Schaarschrnidt
797 3985 955 4055 (peracute),
986 3985 1097 4054 Frcym.
1128 3985 1176 4039 des
1204 3985 1345 4039 Philolaus
1370 4002 1395 4054 p.
1424 3985 1466 4040 50.

350 4074 457 4142 ὁρκάνα
483 4075 566 4128 dubit.
591 4091 661 4142 susp.
681 4074 864 4128 Wuchamuth.
889 4105 923 4114 -
961 4075 987 4144 1)
1007 4071 1155 4142 ,ούρανόν
1173 4089 1202 4124 τε
1222 4078 1254 4126 F:
1274 4090 1304 4124 τε
1323 4090 1363 4127 orn
1383 4073 1413 4127 C.
1433 4090 1468 4128 an
1550 4127 1551 4142 ¹

349 4164 418 4217 latet
437 4161 501 4221 welo
520 4175 532 4216 ε
549 4159 708 4224 πλανήταςλ
723 4193 756 4202 -
776 4162 858 4216 Zeller
872 4163 902 4216 1⁴
917 4163 987 4218 383⁴
1006 4158 1123 4232 ούραυὸν
1141 4163 1329 4231 interpretatus
1348 4161 1397 4224 τλυ
1412 4164 1468 4215 τῶν

349 4250 480 4302 σῑπλανιδν
499 4257 623 4320 σφαῖραν
641 4250 801 4320 doxographi
826 4250 924 4305 tribuit
947 4252 1068 4306 orationi.
1105 4251 1174 4305 Nam
1197 4251 1253 4304 alia
1277 4251 1400 4305 Philolao
1419 4249 1467 4302 ori·
1549 4263 1550 4318 Ι

351 4339 435 4409 ρανσῦ
453 4341 492 4394 vis
511 4342 544 4395 cf.
559 4357 583 4396 v.
600 4342 633 4394 19
646 4342 711 4409 (13).
750 4343 843 4396 Vereor
860 4358 892 4395 ne
910 4341 982 4394 locus
1001 4342 1108 4411 gravius
1127 4341 1164 4395 ait
1183 4343 1348 4410 corruptus.“
1384 4341 1466 4407 Diels,
1548 4321 1550 4404 Ι

350 4431 414 4484 Dor.
434 4429 494 4484 337.
