3130 4980
303 337 356 399 204
795 341 923 397 Socrates.

304 499 467 587 ἐγγυτάτω
501 513 559 568 τοῦ
589 499 700 568 θείου·
734 500 791 567 καί
822 503 861 568 τὸ
889 501 949 586 μέν
974 504 1068 568 θεῖον
1101 499 1286 586 κράτιστον,
1322 501 1360 566 τὸ
1383 499 1421 566 δὲ

304 607 468 694 ἐγγυτάτω
490 619 547 674 τοῦ
569 604 663 674 θείου
686 606 852 693 ἐγγυτάτω
875 617 933 674 τοῦ
954 603 1138 696 κρατίστου.

121 822 268 874 amputata
370 805 449 869 Ibid.
471 804 518 868 IV
544 813 573 882 b,
598 815 649 869 11.
694 801 765 868 Καί
788 803 806 869 ὁ
830 802 1032 892 Εὐθύδημος,
1056 806 1171 881 Δοκεῖς
1194 827 1261 887 μοι,
1284 799 1362 892 ἔφη,
1393 799 1506 867 ὦῖοοΒ

303 911 481 998 Σώκρατες,
504 908 607 994 λέγειν
630 910 674 988 ὡς
697 908 789 998 άνδρί
805 911 913 998 ἥττονι
936 923 1001 976 τῶν
1017 911 1072 976 διά
1095 921 1152 976 τοῦ
1167 911 1319 994 σώματος
1342 910 1421 998 ἡδο·
1547 913 1548 926 ’

301 1031 363 1084 νῶν
386 1016 532 1100 πάμπαν
560 1014 711 1099 οὐδεμιᾶς
739 995 853 1105 άρῖτῆς
880 1018 1046 1105 προσήκει.
1097 1013 1138 1082 Τί
1167 1017 1229 1104 γάρ
1259 1015 1420 1104 διαφέρει,

302 1119 378 1212 έφη,
410 1119 436 1187 ὦ
471 1121 657 1211 Εὐθόδημε,
693 1121 871 1210 ὐίνθρωπος
906 1123 1049 1212 άιρατὴς
1083 1120 1203 1212 θηρίου
1238 1134 1297 1190 τοῦ
1331 1122 1421 1206 ἅμα·

301 1229 482 1310 θεστάτου,·
505 1230 595 1308 ὅστις
618 1231 679 1316 γάρ
702 1228 824 1313 τὰμὲν
846 1229 1005 1317 κράτιστα
1020 1232 1065 1318 μὴ
1084 1233 1211 1310 σκοπεῖ,
1235 1231 1277 1296 τὰ
1300 1229 1420 1318 ἥδιστα

302 1326 336 1402 δ’
363 1335 400 1404 ἐκ
434 1337 558 1414 παντὸς
592 1336 717 1423 τρόπου
751 1335 839 1424 ζητεῖ
873 1340 993 1418 ποιεῖν,
1029 1333 1063 1402 τί
1098 1337 1147 1402 ὐίν
1169 1334 1321 1424 διαφέροι
1355 1349 1423 1402 τῶν

303 1442 548 1531 ἀφρονεστάτων
584 1442 800 1532 βοσκημάτων
807 1472 817 1524 ,-
863 1442 946 1508 ἀλλά
983 1447 1053 1522 τοῖς
1095 1441 1265 1532 ἐγκρατέσι
1309 1442 1422 1524 μόνοις

303 1545 409 1628 ἔξεστι
432 1553 567 1616 σκοπεῖν
589 1551 631 1616 τά
654 1548 814 1638 κράτιστα
838 1563 904 1616 τῶν
927 1549 1145 1637 πραγμάτων,
1176 1548 1233 1616 καί
1256 1545 1338 1636 ἔργῳ
1362 1547 1422 1614 καὶ

303 1655 387 1742 λόγῳ
416 1653 624 1742 διαλέγοντας
653 1657 738 1722 κατὰ
768 1654 840 1744 γένη
869 1657 910 1720 τὰ
939 1655 998 1739 μὲν
1025 1656 1139 1742 ἀγαθά
1170 1659 1422 1742 προαιρεῖσθαι,

303 1775 368 1827 τῶν
390 1759 427 1828 δὲ
449 1760 792 1844 κακῶνῑάπέχεσθαιὶ

374 1900 403 1942 a.
422 1886 460 1940 Ut
477 1887 699 1957 intemperantia
717 1887 880 1960 (ἐγκράτεια)
903 1887 1026 1954 negativa
1050 1887 1127 1956 quaai
1151 1886 1258 1940 virtutis
1283 1886 1322 1938 via
1341 1885 1422 1952 inest,

303 1976 342 2030 ita
360 1975 517 2030 affirmativa
535 1977 640 2030 constat
659 1975 776 2042 seientia,
796 1992 847 2044 qua
866 1975 973 2028 deorum
992 1975 1091 2030 similes
1109 1975 1250 2029 evadimus.
1288 1974 1422 2029 etitem.

303 2065 388 2132 1119,
408 2067 450 2120 10.
488 2068 617 2126 Βασιλεῖς
635 2084 663 2118 τε
682 2069 727 2118 καὶ
747 2069 883 2139 άρχοντας
903 2066 1017 2125 αὐτοὺς
1041 2067 1075 2118 τὰ
1096 2074 1219 2136 σκῆπτρα
1239 2065 1353 2135 ἔχοντας
1368 2065 1423 2135 ἔφη

303 2155 381 2220 εἶναι,
402 2155 466 2208 οὐδὲ
486 2157 548 2215 τούς
568 2155 622 2207 ὑπὸ
640 2164 694 2206 τῶν
713 2154 852 2224 τυχόντων
870 2157 1030 2223 αἱρεθέντας
1049 2154 1114 2208 οὐδὲ
1134 2155 1196 2215 τοὺς
1213 2155 1299 2227 κλήρῳ
1317 2154 1421 2223 λαχόν-

304 2263 359 2308 τας,
376 2243 440 2297 οὐδὲ
460 2245 523 2304 τοὺς
540 2247 727 2315 βιασαμένους
746 2241 812 2295 οὐδὲ
830 2243 894 2302 τοὺς
912 2243 1152 2309 ἐξαπατήσαντας,
1173 2244 1241 2296 ἀλλὰ
1260 2244 1324 2302 τοὺς
1342 2244 1422 2296 ἔπι-

306 2349 368 2386 στα
375 2336 503 2404 μένους
524 2335 623 2402 άρχειν.
643 2357 677 2368 -··
696 2329 783 2384 Solam
802 2333 953 2402 εὐπραξίαν
976 2331 1074 2384 bonum
1092 2347 1149 2384 esse
1168 2331 1264 2396 voluit,
1291 2333 1425 2402 εὐτυχίαν

302 2420 400 2474 bonum
417 2435 474 2474 asse
492 2421 613 2488 negabat,
632 2419 698 2474 Xan.
712 2419 790 2473 Mem.
809 2418 889 2486 1119,
909 2420 951 2474 14.
980 2418 1075 2474 Omnia
1091 2421 1119 2472 in
1138 2435 1220 2472 unum
1238 2419 1424 2488 complectitur

302 2507 385 2562 Arist.
402 2507 464 2562 Eth.
483 2507 549 2562 Eud.
567 2509 581 2561 Ι
599 2509 624 2562 5.
644 2508 730 2562 1217b
745 2509 770 2562 2.
816 2511 961 2582 Σωκράτης
985 2535 1018 2546 -
1043 2503 1098 2578 ᾤετ’
1126 2509 1195 2562 εἶναι
1214 2512 1288 2570 τέλος
1316 2511 1348 2562 τὸ
1379 2528 1436 2578 γι·7

302 2599 433 2667 γνώακειν
451 2599 499 2664 τὴν
518 2599 619 2668 ἀρετήν.
647 2597 738 2666 Neque
757 2611 911 2666 quemquam
929 2597 1061 2666 possidere
1079 2597 1176 2670 banum
1193 2597 1245 2650 nisi
1264 2597 1309 2666 qui
1329 2613 1359 2650 εο
1378 2597 1422 2650 uti

304 2685 383 2738 seirat
397 2685 521 2738 dotabat:
541 2685 610 2754 quod
627 2685 699 2738 eadit
712 2685 792 2766 etiam
805 2685 833 2737 in
847 2685 1037 2756 εὐδαιμονίαν,
1051 2685 1117 2739 Xan.
1130 2683 1208 2740 Mam.
1229 2685 1267 2738 IV
1287 2687 1312 2752 2,
1328 2685 1422 2754 34sq.‚

304 2777 332 2828 et
350 2780 462 2846 σοφίαν,
481 2773 516 2828 ib.
538 2775 580 2828 33.

123 2952 277 3056 fflffigeffiufl
370 2953 450 3016 Xan.
471 2953 567 3016 Mam.
594 2951 645 3016 ΠΙ
674 2960 709 3028 9,
732 2959 762 3014 4.
817 2947 945 3038 Σοφίαν
979 2950 1015 3016 δὲ
1048 2949 1105 3016 καί
1140 2951 1350 3040 σωφροσύνην
1385 2950 1423 3017 οὐ
1433 2969 1504 3012 ami
1546 2945 1548 3080 ρ

308 3057 461 3144 διώριζεν,
485 3057 569 3122 άλλά
591 3058 639 3144 τηῖ
662 3058 704 3122 τά
725 3055 785 3140 μέν
807 3057 894 3123 καλά
921 3082 957 3123 τε
985 3056 1043 3124 καὶ
1066 3057 1179 3142 άγαθά
1202 3058 1423 3143 γιγνώσκοντα
1546 3083 1548 3136 ι

301 3169 446 3252 χρῆσθαι
470 3161 660 3242 αὐτοῖςκαὶ
683 3161 731 3250 τῷ
753 3165 795 3230 τά
819 3160 936 3252 αἰσχρά
960 3161 1070 3231 εἰδότα
1091 3163 1303 3248 εὐλαβεῖσθαι
1319 3165 1424 3253 σοφόν

303 3269 417 3336 τεκαὶ
440 3271 592 3358 σώφρονα
615 3266 744 3358 έλυρινεν.
774 3271 1066 3359 προσερωτώμενος
1088 3269 1123 3336 δέ
1145 3267 1173 3336 εί
1189 3271 1263 3348 τούς
1279 3269 1422 3336 ἐπιστα-

302 3374 416 3462 μένους
437 3375 496 3460 μέν
520 3374 542 3441 ἃ
564 3377 614 3442 δεῖ
637 3377 796 3464 πράττειν
818 3383 996 3455 ποιοῦντας
1018 3375 1055 3443 δὲ
1070 3373 1226 3442 τάναντία
1249 3377 1371 3465 σοφοός
1386 3401 1422 3442 τε

303 3482 360 3550 καί
384 3482 550 3571 ἐγκρατεῖς
572 3476 656 3550 εἶναι
679 3481 821 3568 νομίζοι,
857 3482 956 3551 Οὐδέν
979 3507 1013 3568 γε
1036 3483 1172 3567 μᾶλλον,
1197 3479 1275 3572 ἔφη,
1299 3485 1319 3572 ἢ
1343 3483 1422 3549 ὐσό-

304 3613 385 3677 φους
407 3613 442 3655 τε
464 3588 520 3655 καὶ
544 3589 714 3678 άκρατεῖς·
737 3591 867 3668 πάντας
889 3591 949 3678 γάρ
974 3582 1066 3674 οἶμαι
1089 3589 1364 3678 προαιρουμένους
1386 3589 1423 3656 ἐκ

303 3709 367 3760 των
391 3695 599 3780 ἐνδεχομένων
621 3694 643 3761 ἃ
666 3692 790 3762 οἴονται
814 3696 1057 3784 συμφορώτατα
1073 3695 1184 3774 αὐτοῖς
1200 3689 1293 3780 εἶναι,
1316 3707 1422 3762 ταῦτα

303 3802 469 3891 πράττειν.
501 3800 620 3888 νομίζω
651 3799 705 3869 οὐν
735 3803 808 3880 τούς
838 3803 883 3891 μὴ
907 3799 1017 3892 ὀρθῶς
1040 3802 1247 3891 πράττοντας
1270 3801 1342 3868 οὐτε
1364 3825 1422 3869 σο-

303 3912 384 3998 φοὺς
407 3909 479 3977 οὐτε
501 3911 671 3999 σώφρονας
694 3902 804 3976 εῖναι“Ι
853 3917 882 3976 5.
906 3904 969 3998 ἔφη
993 3907 1030 3974 δὲ
1052 3907 1109 3974 καί
1136 3911 1194 3998 τὴν
1216 3909 1422 3997 δικαιοσύνην

303 4016 360 4084 καὶ
382 4019 439 4106 τὴν
462 4017 561 4105 άλλην
584 4027 696 4080 πᾶσαν
711 4015 825 4103 άρετὴν
848 4013 969 4104 σοφίαν
984 4008 1084 4081 εῖναι·
1107 4015 1149 4082 τά
1172 4040 1206 4082 τε
1228 4017 1289 4104 γάρ
1306 4013 1421 4082 δίκαια

303 4123 360 4190 καὶ
383 4125 495 4189 πάντα
519 4123 579 4188 ὅσα
604 4119 701 4209 άρετῇ
724 4120 908 4208 πράττεται
931 4121 1017 4189 καλά
1046 4120 1162 4188 τεκαὶ
1185 4121 1298 4208 άγαθά
1321 4115 1420 4189 εἶναι·

304 4228 360 4294 καί
394 4218 458 4294 οότ)
484 4229 522 4293 ἂν
555 4229 630 4306 τοὺς
663 4238 767 4292 ταῦτα
802 4225 929 4306 εἰδότας
963 4228 1042 4295 ὐίλλο
1073 4227 1145 4294 άντὶ
1179 4229 1301 4294 τοότων
1330 4228 1422 4296 οὐδὲν

304 4334 506 4422 προελέσθαι
529 4332 600 4401 τότε·
629 4336 705 4413 τοὺς
732 4337 777 4424 μὴ
801 4334 1039 4418 ἐπισταμένους
1062 4337 1226 4402 δόνασθαι
1255 4335 1421 4423 πράττειν,

304 4439 467 4508 ἀλλὰκαὶ
490 4440 759 4530 ἐάνέγχειρωσιν,
790 4442 994 4530 ἁμαρτάνειν.
1027 4445 1109 4510 οὕτω
1132 4442 1188 4509 καὶ
1212 4445 1254 4510 τά
1275 4442 1362 4508 καλά
1385 4465 1422 4508 τε

1546 3143 1548 3170 λ
