3140 4990
628 331 746 401 Gorgias.
972 417 975 422 Ι
1196 331 1246 394 181

130 489 291 580 φαίνεται,
314 491 362 579 τῷ
385 491 422 558 δὲ
444 491 537 558 ἀλλα.
576 491 634 558 καί
657 491 777 582 σοφίαν
799 492 857 559 καί
879 495 982 582 σοφὸν
1005 493 1107 581 ἀνδρα
1123 495 1248 561 πολλοῦ

130 596 193 663 δέω
215 599 254 664 τὸ
275 599 320 688 μὴ
344 597 446 687 φάναι
469 591 567 680 εἶναι,
599 591 673 664 ἀλλ’
694 599 791 665 αὐτὸν
817 597 1009 667 τοῦτονκαὶ
1033 599 1114 686 λέγω
1137 601 1247 690 σοφόν,

130 701 165 784 ὃς
192 703 231 768 ἀν
259 729 324 772 τινι
353 707 443 794 ἡμῶν
450 755 458 786 ,
483 689 509 792 ᾧ
538 703 690 794 φαίνεται
720 705 777 774 καί
807 703 876 774 ἔστι
904 707 1007 789 κακά,
1036 709 1248 791 μεταβάλλων

13 839 14 842 “
88 881 94 892 ,
130 811 252 900 ποιήσῃ
275 810 389 897 ἀγαθά
411 809 592 900 φαίνεσθαί
621 836 655 879 τε
684 812 741 878 καί
763 805 876 880 εἶναι’.
901 851 943 862 -
969 851 1011 862 -·
1035 804 1103 880 οἷον
1125 816 1185 902 γάρ
1216 813 1249 880 ἐν

130 921 200 996 τοῖς
223 917 372 1006 πρόσθεν
394 916 519 1003 ἐλέγετο
543 918 784 1009 ἀναμνήσθητι,
815 921 867 986 ὅτι
896 919 943 1008 τη)
971 919 1031 1004 μὲν
1058 920 1248 988 ἀσθενοῦντι

130 1027 236 1112 πικρά
259 1022 410 1114 φαίνεται
434 1023 456 1090 ἀ
479 1022 584 1092 ἐσθίει
608 1025 664 1092 καί
687 1022 765 1108 ἔστι,
789 1027 838 1114 τῷ
853 1025 889 1092 δὲ
904 1023 1078 1113 ὑγιαίνοντι
1093 1025 1248 1093 τάναντία

131 1127 201 1197 ἔστι
223 1131 280 1196 καί
303 1129 464 1220 φαίνεται.
505 1133 690 1220 σοφώτερον
711 1131 771 1216 μὲν
794 1130 847 1200 οὖν
869 1135 991 1199 τούτων
1013 1132 1178 1221 οὐδέτερον
1200 1135 1250 1200 δεῖ

131 1251 285 1326 ποιῆσαι·
316 1236 390 1304 οὐδὲ
419 1240 480 1326 γάρ
510 1239 659 1304 δυνατόν·
691 1237 764 1305 οὐδὲ
800 1238 1034 1328 κατηγορητέον
1064 1241 1108 1318 ὡς
1137 1241 1155 1307 δ
1189 1239 1250 1323 μὲν

131 1345 261 1428 κάμνων
283 1343 432 1433 ἀμαθής,
461 1343 512 1410 δτι
535 1355 671 1410 τοιαῦτα
694 1344 836 1427 δοξάζει,
866 1346 884 1412 δ
907 1345 944 1412 δὲ
966 1343 1116 1431 ὑγιαίνων
1139 1347 1249 1436 σοφάς,

131 1453 182 1518 ὅτι
216 1451 348 1519 ἀλλοῖα·
382 1449 601 1540 μεταβλητέον
635 1439 668 1516 δ’
693 1449 751 1516 ἐπὶ
786 1451 929 1540 θάτερα·
965 1449 1103 1535 ἀμείνων
1137 1455 1197 1540 γάρ
1231 1454 1251 1541 ἡ

131 1554 226 1646 ἑτέρα
249 1556 323 1638 ἕξις.
371 1558 453 1623 ολίτω
476 1555 592 1624 δὲκαὶ
616 1556 649 1622 ἐν
676 1557 716 1646 τῇ
744 1555 881 1646 παιδείᾳ
912 1558 981 1624 ἀπὸ
1014 1554 1126 1646 ἑτέρας
1155 1557 1251 1638 ἕξεως

132 1663 190 1730 ἐντί
213 1663 269 1752 την
291 1661 411 1748 ἀμείνω
433 1662 660 1754 μεταβλητέον.
707 1653 819 1730 ἀλλίί
847 1663 906 1749 μὲν
930 1661 1041 1753 ἷατρδς
1064 1665 1251 1754 φαρμάκοις

131 1771 337 1856 μεταβάλλει,
361 1771 379 1836 δ
402 1771 438 1837 δὲ
460 1772 618 1860 σοφιστὴς
641 1771 758 1858 λόγοις.

204 1927 232 1967 ε.
258 1911 384 1967 (11111.
403 1912 508 1981 Protog.
528 1913 580 1968 323
599 1912 620 1968 G
639 1929 677 1984 sq.
723 1913 856 1967 Virtutem
881 1913 965 1982 igitur
987 1913 1073 1968 doosri
1098 1929 1174 1984 posse
1199 1917 1252 1966 sia·

132 2001 226 2055 tnebai
244 2015 322 2072 soqno
340 2001 426 2072 ipsum
445 2005 476 2055 nt
494 2001 639 2072 sophistam
658 2019 714 2056 sam
739 2003 845 2056 invenes
864 2003 955 2056 dooors
973 2002 1162 2073 profioobatur,
1187 2003 1251 2072 poli·

132 2091 212 2144 tinam
229 2091 395 2160 potissimum
413 2093 441 2144 oi
458 2092 653 2158 oeconomicam,
673 2093 748 2154 ὅπως
767 2097 801 2146 ἄν
820 2111 860 2153 τις
880 2096 978 2166 ἄριστα
997 2094 1046 2159 τὴν
1061 2095 1147 2146 αὑτοῦ
1161 2097 1250 2146 οὶκίαν

132 2181 236 2234 διοικοῑ
253 2185 299 2234 καὶ
317 2182 351 2234 τά
370 2190 416 2248 τῆς
434 2183 536 2242 πόλεως
555 2181 747 2243 δυνατώτατος
767 2185 801 2234 δν
819 2186 859 2249 εἴη
877 2187 923 2234 καὶ
943 2185 1073 2256 πράττειν
1091 2185 1136 2235 καὶ
1151 2185 1248 2251 λέγειν,

131 2269 166 2322 ib.
186 2269 239 2323 318
257 2267 287 2322 E.

621 2641 767 2740 Gorgias.

641 2821 748 2830 --..-·

52 2965 125 3007 non
203 2944 335 3024 Quintil.
358 2945 437 3010 Insi.
462 2943 549 3010 Oroi.
572 2944 623 3008 III
648 2954 679 3022 1,
709 2952 737 3010 8.
785 2943 939 3026 Gorgias*
960 2943 1150 3022 Leontinus,
1177 2945 1253 3008 Em·
1280 2961 1327 3002 vi.

133 3053 274 3136 podoolis
298 3054 336 3116 ui
358 3052 497 3116 traditur
521 3050 715 3136 discipulusb
738 3087 782 3098 -
806 3087 848 3096 -
871 3050 1020 3114 beneficio
1049 3051 1252 3132 longissimae

135 3159 260 3236 aetatis,
283 3177 358 3222 nam
382 3145 511 3223 oentnm
536 3160 695 3222 sinonem
711 3156 789 3220 vixit
805 3175 912 3234 annos,
936 3175 1010 3220 oum
1029 3157 1140 3220 multis
1158 3157 1254 3221 simul

135 3265 244 3330 floruit
268 3303 309 3310 —
335 3299 377 3310 —
401 3267 433 3330 et
455 3265 541 3330 ultra
566 3263 729 3328 Soominm
751 3281 853 3344 usquo
877 3262 1004 3326 duravit
1014 3271 1034 3326 ⁰.

207 3421 237 3461 11.
263 3405 429 3476 Soripssrnni
453 3405 484 3460 de
509 3402 619 3472 Gorgia:
642 3403 721 3470 Foss,
746 3402 778 3456 de
800 3400 898 3470 Gorgia
922 3402 1062 3469 Leontino,
1087 3401 1148 3456 Hal.
1174 3402 1252 3458 1828.

136 3495 262 3566 Spengel,
292 3496 439 3564 συναγωγὴ
466 3505 568 3566 τεχνῶν
594 3511 619 3564 p.
645 3493 759 3547 63-84.
806 3491 878 3558 moi,
907 3491 976 3545 Mus.
1004 3491 1055 3545 lm.
1080 3490 1131 3544 VII
1162 3490 1254 3560 (1850)

136 3602 162 3655 p.
180 3584 234 3638 521
243 3600 296 3653 sq.,
321 3583 385 3636 VIII
403 3582 494 3649 (1851)
512 3600 538 3653 p.
557 3582 654 3652 268sq.
691 3581 782 3648 Blass,
808 3585 857 3634 aii.
877 3580 988 3634 Bereds.
1012 3580 1039 3647 I,
1064 3596 1086 3634 o.
1107 3579 1130 3633 2.
1167 3579 1249 3648 Diels,

139 3673 258 3742 Gorgias
276 3689 303 3726 α.
323 3671 504 3742 Empedokies
522 3669 599 3737 (soz.
617 3671 682 3724 Bor.
701 3669 777 3724 Beri.
797 3669 849 3723 Ais.
868 3669 952 3735 1884)
970 3686 995 3739 p.
1014 3668 1165 3723 343-368.

207 3779 239 3838 b.
260 3778 297 3834 cf.
316 3783 359 3832 ΕΡ
379 3779 439 3845 1293
458 3778 535 3831 Plato
552 3777 622 3830 Mon.
643 3777 676 3830 16
695 3775 723 3842 G,
743 3775 775 3829 do
794 3791 844 3846 qno
862 3775 918 3830 loco
937 3775 969 3829 of.
986 3774 1060 3828 Diels
1079 3791 1104 3845 p.
1123 3773 1176 3828 345
1183 3791 1223 3844 sq.

209 3899 237 3941 ο.
256 3885 332 3953 Diog.
357 3885 421 3938 VIII
444 3885 479 3940 58
498 3886 531 3938 ὅν
547 3885 598 3950 (Γ.)
623 3901 707 3955 φησιν
722 3879 925 3957 Ἀπολλόδωρος
950 3884 978 3936 ἰν
1002 3887 1149 3954 Χρονικοῖς
1174 3884 1252 3936 ἐννέα

139 3978 207 4051 πρὸς
226 3981 283 4036 τοῖς
302 3975 398 4028 ἑκατὸν
416 3975 460 4042 ἔτη
478 3982 581 4042 βιῶναι.
618 3971 706 4025 Natus
730 3974 772 4025 esi·
796 3971 901 4024 circitor
918 3988 942 4026 a.
967 3971 1033 4038 483,
1057 3973 1177 4024 mortuns
1196 3970 1255 4023 ciro.

139 4081 162 4118 a.
181 4063 243 4131 375,
262 4063 294 4117 of.
312 4062 371 4116 mei
389 4063 407 4117 l.
426 4063 444 4118 l.

59 4258 130 4301 ιω
206 4225 289 4288 Plan
311 4223 406 4307 Hipp.
431 4223 592 4288 11111282
617 4222 655 4286 B.
690 4216 893 4306 Γοργίας-
918 4255 960 4268 —
984 4219 1141 4307 σοφιστὴς
1163 4219 1256 4306 δεῦρο
1264 4236 1352 4288 legatus
1367 4235 1463 4329 sipon·

140 4327 277 4419 ἀφίκετο
294 4325 434 4418 δημοσίᾳ
450 4324 582 4394 οἴκοθεν
598 4327 791 4414 πρεσβείων,
815 4327 859 4403 ὡς
875 4321 1073 4402 ἱκανώτατος
1093 4325 1137 4389 ὢν
1151 4329 1257 4390 Λεον-
1294 4300 1397 4330 ⁰⁰mm⁰r⁸
1410 4300 1436 4332 ur

140 4433 237 4502 τίνων
258 4437 301 4501 τὰ
323 4436 417 4501 κοινὰ
440 4433 611 4522 πράττειν,
635 4431 693 4498 καὶ
716 4427 749 4498 ἔν
771 4455 806 4498 τε
827 4429 874 4518 τῷ
898 4431 988 4518 δήμῳ
1011 4426 1117 4511 ἔδοξεν
1139 4430 1257 4520 δίριστα
