3148 4984
282 315 338 376 632
753 320 942 390 Neoplateniei.

284 478 382 568 τέρας
405 478 543 568 ἀνάγκη·
578 477 698 568 οὐγὰρ
721 477 759 569 ἦν
780 489 926 546 τοιοῦτον
949 477 1052 546 έκεῖνο
1075 469 1144 544 οἷον
1168 473 1303 560 ἔσχατον
1324 467 1408 543 εῖναι

285 599 351 652 τῶν
381 583 490 653 ὄντων.
529 599 662 674 πρῶτον
694 588 754 674 γάρ
784 583 822 675 ἦν
851 584 908 653 καί
937 585 1063 674 πολλὴν
1092 585 1228 668 δύναμιν
1256 579 1328 666 έχον
1350 581 1408 650 καί

287 703 409 774 πᾶσαν,
433 691 490 759 καί
513 692 632 781 ταύτην
654 690 762 759 τοίνυν
777 693 834 782 τὴν
856 703 914 759 τοῦ
936 695 1045 760 ποιεῖν
1068 689 1149 758 άλλο
1172 688 1245 756 ἀνευ
1268 701 1328 757 τοῦ
1351 689 1409 778 ζη·

284 804 354 868 τεῖν
377 811 527 888 ποιησαι.
551 797 611 888 ἤδη
635 799 696 886 γάρ
720 798 759 864 ἀν
783 798 923 866 αὐτόθεν
946 797 1003 866 οὐκ
1025 790 1116 882 εἶχεν,
1143 795 1174 864 εί
1197 796 1310 887 ἐζήτει,
1334 785 1407 864 οὐδ’

285 907 326 972 ἀν
348 903 386 996 ἦν
409 904 446 974 ἐκ
467 918 525 994 της
547 904 648 972 αὐτοῦ
670 903 792 987 οὐσίας,
816 895 949 994 ἀλλ’ἦν
971 894 1040 972 οίον
1062 903 1206 993 τεχνίτης
1229 892 1292 992 ἀφ’
1311 904 1411 970 αὑτοῦ

284 1015 325 1080 τὸ
359 1016 469 1079 ποιεῖν
502 1010 560 1078 οὐκ
594 1007 673 1094 έχων
702 1001 777 1077 ἀλλ’
797 1011 955 1093 ἐπακτόν,
990 1010 1027 1078 ἐκ
1055 1021 1115 1080 τοῦ
1142 1014 1267 1095 μαθεῖν
1301 1010 1411 1094 λαβὼν

287 1129 391 1186 τοῦτο.
438 1129 510 1196 νοῦς
543 1116 651 1185 τοίνυν
680 1117 754 1196 ἀοάς
783 1141 816 1183 τι
847 1115 964 1184 ἑαυτοῦ
992 1114 1038 1196 είς
1068 1118 1162 1206 ὕληνο
1184 1116 1324 1205 ἀτρεμὴς
1353 1115 1410 1182 καί

287 1225 402 1314 ἥσυχος
425 1227 467 1292 τά
491 1224 602 1290 πάντα
626 1221 807 1312 εἰργάζετο·
842 1219 935 1302 οὗτος
959 1221 995 1290 δὲ
1018 1224 1035 1290 ὁ
1059 1223 1153 1310 λόγος
1176 1221 1213 1290 έκ
1234 1233 1291 1290 νοῦ
1316 1219 1409 1312 ῥυείς.

361 1399 390 1440 α.
409 1382 446 1438 ‘H
462 1387 594 1460 φρόνησις
618 1387 660 1437 est
687 1384 774 1438 anima
799 1383 833 1438 ad
857 1384 1021 1438 intellectum
1040 1401 1150 1452 vergens
1168 1387 1222 1452 (BP
1240 1383 1308 1450 511;
1327 1382 1411 1447 5150)

290 1475 344 1528 sive
362 1474 436 1544 prior
454 1490 532 1543 quam
552 1473 625 1540 dicit,
645 1473 765 1544 oppositu
783 1473 823 1526 iili
842 1489 909 1543 quae
923 1473 1040 1544 pertinet
1059 1473 1092 1526 ed
1106 1475 1230 1526 naturam
1248 1475 1276 1526 et
1289 1487 1411 1542 corpora:

287 1561 496 1628 Enn.1118,4
519 1564 535 1628 ἡ
560 1565 693 1634 λεγομένη
718 1565 803 1633 φύσις
828 1564 904 1634 ψυχὴ
930 1559 999 1616 οὖσα
1018 1566 1142 1635 γέννημα
1168 1566 1413 1632 deligendumque

289 1652 479 1725 δυνατώτερον
503 1652 587 1716 ζώσης
604 1653 673 1703 nti:
697 1651 858 1720 quapropter
881 1649 993 1704 aiteram
1017 1665 1076 1704 eum
1095 1649 1202 1704 caelesti
1220 1649 1321 1703 Venere
1344 1667 1411 1704 eom·

291 1741 377 1809 ρειαί,
396 1738 507 1792 alteram
526 1753 585 1791 eum
603 1738 719 1806 mulgeri:
745 1737 829 1806 1115,
849 1737 874 1793 2.
911 1737 953 1792 Ab
972 1738 1059 1792 anima
1083 1739 1227 1808 posteriore
1245 1744 1342 1792 natura
1360 1737 1413 1792 effi-

288 1828 361 1881 citur
384 1827 473 1881 eudem
500 1827 617 1893 ratione,
645 1841 697 1896 qua
722 1827 910 1898 contemplatio
934 1827 1035 1882 mansit
1058 1828 1086 1881 in
1111 1828 1254 1882 actionem:
1281 1827 1367 1893 1118,
1386 1827 1412 1882 4.

290 1915 358 1970 Aliis
376 1916 441 1970 loeis
460 1931 567 1970 sensum
585 1915 613 1969 in
632 1915 789 1969 animalibus
809 1917 837 1969 et
850 1917 973 1973 naturam
991 1916 1020 1970 in
1038 1915 1138 1986 plaude
1157 1916 1190 1970 ab
1209 1915 1296 1970 anima
1314 1917 1342 1969 in
1360 1933 1413 1970 mo-

289 2009 349 2059 tum
368 2021 507 2074 progressa
525 2003 643 2058 effectam
662 2021 719 2058 esee
738 2005 816 2058 dicit:
844 2005 947 2072 vni
974 2009 1152 2078 προελθοῦσα
1181 2006 1212 2060 ἀὲ
1241 2010 1279 2067 εἰς
1306 2011 1413 2073 κίνησιν

290 2098 375 2162 ἀλλην
399 2098 446 2148 καὶ
471 2095 601 2148 ἐναντίαν
624 2097 710 2163 γεννᾷ
734 2093 849 2148 εἴδωλον
875 2096 957 2162 αὐτῆς
982 2099 1116 2161 αἴσθησιν
1140 2098 1186 2147 καὶ
1211 2097 1299 2166 φύσιν
1318 2097 1366 2161 τὴν
1383 2097 1414 2148 ἐν

292 2189 350 2244 τοῖς
373 2188 477 2253 φυτοῖς.
515 2181 615 2235 Multae
640 2182 740 2236 animae
764 2198 794 2235 ex
819 2199 872 2236 unu
895 2183 983 2236 anima
1006 2183 1098 2236 mundi
1122 2182 1260 2252 preeedere
1286 2181 1351 2236 dicit
1375 2182 1414 2235 Ν
1459 2177 1464 2184 ’

290 2273 318 2338 9,
336 2271 367 2337 4;
386 2271 417 2324 ef.
436 2269 474 2322 IV
492 2271 518 2335 8,
537 2270 562 2323 4.

363 2375 393 2430 b.
413 2375 445 2428 In
463 2375 505 2428 hie
524 2374 696 2429 Aristotelem
715 2376 843 2447 sequitur,
861 2393 886 2430 v.
905 2377 1028 2430 1212326.

364 2495 390 2536 σ.
410 2481 537 2536 Similiter
554 2481 621 2535 Eun.
640 2481 678 2534 VI
696 2482 722 2550 4,
742 2483 776 2536 16
796 2482 827 2536 de
846 2483 946 2536 anima:
966 2481 1035 2537 ὥστε
1053 2485 1085 2537 τὸ
1102 2485 1156 2557 μὲν
1173 2487 1317 2539 κατελθεῖν
1335 2488 1368 2539 τὸ
1385 2487 1415 2538 ἐν

292 2573 403 2644 σώματι
421 2575 562 2640 γενέσθαι,
583 2568 618 2630 ὥς
637 2589 731 2642 φαμεν
750 2573 843 2641 ψυχὴν
861 2571 891 2624 ἒν
910 2573 1020 2644 σώματι
1038 2575 1172 2640 γενέσθαι
1191 2573 1222 2625 τὸ
1241 2574 1330 2642 τούτῳ
1348 2572 1414 2626 ἀοῦ-

293 2664 342 2712 ναί
359 2679 386 2712 ιι
405 2655 475 2734 παρ’
500 2661 588 2726 αὐτῆς.
625 2657 695 2712 Nam
719 2658 747 2712 in
771 2657 971 2712 multitudinem
996 2675 1084 2712 rerum
1108 2659 1271 2714 sensibilium
1296 2660 1416 2729 ingressa

293 2747 422 2801 dilabitur
446 2763 476 2800 εο
500 2747 540 2800 ita
564 2747 647 2800 veluti
666 2751 819 2817 separatur,
848 2751 959 2818 utpute
978 2748 1034 2800 eius
1053 2747 1168 2802 deterior
1185 2749 1213 2802 in
1230 2749 1357 2802 mundum
1375 2749 1415 2802 iu·

294 2836 430 2904 grediutur
449 2839 477 2890 et
496 2835 617 2890 deorsum
635 2836 669 2889 ad
687 2837 824 2890 materiam
844 2837 1012 2891 detrahatur:
1036 2835 1064 2890 Π
1082 2837 1107 2904 9,
1126 2837 1144 2892 2
1172 2840 1204 2891 τὸ
1218 2845 1315 2910 χεῖρον
1334 2841 1417 2905 αὐτῆς

294 2927 496 2980 καθελκυσθέν·
522 2953 556 2964 -
582 2927 614 2978 τὸ
637 2927 691 2996 γάρ
717 2935 775 2980 πᾶν
801 2927 883 2993 αὐτῆς
908 2927 956 2979 οὐκ
981 2924 1014 2992 ἢν
1037 2929 1120 2998 θέμις
1137 2929 1312 2982 καθελκύσαι.
1351 2925 1417 2981 Cum

295 3029 401 3082 corpore
425 3012 563 3066 ueniuneta
588 3011 738 3068 detrahitur
761 3013 886 3081 libertus,
913 3014 1036 3084 quoniam
1054 3014 1179 3084 quiequid
1196 3017 1224 3068 in
1242 3015 1343 3084 agendo
1362 3031 1417 3068 ver·

296 3104 378 3165 satur,
397 3101 514 3171 quemvis
529 3101 596 3156 ratio
615 3105 729 3172 superet,
747 3103 858 3156 mixtum
877 3105 932 3156 est:
951 3103 988 3156 VI
1001 3104 1027 3168 8,
1047 3103 1063 3156 2
1082 3105 1256 3158 insinuit&
1275 3105 1304 3158 ἐν
1319 3107 1416 3176 πράξει

297 3201 367 3255 πᾶν,
393 3193 445 3244 κάν
463 3192 547 3264 κρατῇ
568 3193 582 3243 ὁ
601 3192 693 3260 λόγος,
712 3194 813 3264 μικτὸν
837 3196 883 3245 καὶ
903 3194 936 3246 οὐ
953 3194 1080 3266 καθαρὸν
1098 3192 1217 3246 δύναται
1235 3194 1267 3244 τὸ
1285 3189 1332 3262 ἐφ’
1350 3195 1417 3264 ἡμῖν

296 3282 376 3350 ἔχειν.

189 3481 211 3508 m
236 3480 270 3508 um
365 3457 446 3520 Eun.
470 3455 487 3519 I
511 3465 539 3533 8,
566 3465 593 3522 7.
637 3443 740 3520 'sitit
763 3469 836 3534 πῶς
859 3453 913 3522 οὖν
936 3455 972 3536 ἒξ
994 3455 1141 3546 ἀνάγκης,
1165 3453 1254 3522 εἰτὸ
1277 3454 1462 3542 &addeum

271 3609 276 3626 .
298 3560 408 3626 καὶτὸ
431 3560 532 3628 κακόν
539 3591 549 3643 ‚·
573 3549 627 3648 ἀρ’
646 3557 700 3626 οὖν
723 3562 832 3642 οὕτως,
857 3563 908 3628 ὅτι
924 3561 957 3628 έν
979 3561 1027 3649 τῷ
1043 3561 1146 3628 παντί
1162 3563 1219 3650 τὴν
1241 3561 1318 3650 ὕλην
1333 3555 1417 3628 εἶναι

298 3668 365 3748 ὁεῖ,·
389 3665 424 3746 ἐξ
439 3661 592 3732 ἐναντίων
607 3669 668 3754 γὰρ
692 3665 728 3746 ἐξ
750 3665 892 3756 ἀνάγκης
913 3668 988 3734 τάδε
1010 3670 1048 3735 τὸ
1072 3678 1156 3734 πᾶν·
1180 3669 1201 3756 ἢ
1223 3657 1294 3736 οὐδ’
1313 3665 1418 3757 ἀνείη

297 3775 342 3862 μὴ
365 3774 441 3862 ὕλης
464 3771 587 3862 σ’ίσηςβ.
611 3777 614 3780 ’
626 3773 803 3861 μεμιγμένη
834 3777 894 3862 γὰρ
919 3772 973 3841 οὖν
995 3776 1034 3863 δὴ
1057 3777 1077 3863 η
1099 3775 1192 3844 τοῦδε
1214 3785 1272 3841 τοῦ
1294 3775 1418 3858 κόσμου

298 3881 396 3968 φάσις
425 3875 462 3946 έκ
491 3904 527 3946 τε
556 3891 612 3946 νοῦ
640 3879 697 3946 καί
720 3879 868 3970 ἀνάγκης.
903 3917 946 3930 -
981 3878 1010 3948 εί
1032 3883 1071 3970 ἀι)
1095 3883 1212 3962 οὕτως,
1246 3879 1358 3968 ὀρθῶς
1381 3883 1420 3946 ἀν

299 3985 426 4071 λέγοιτο
449 3988 495 4074 μὴ
518 3987 557 4052 ἀν
579 3984 771 4054 ἀπολέσθαι
794 3989 836 4052 τά
859 3987 975 4054 κακά’).
1008 4026 1049 4036 ·-
1085 3984 1155 4056 έστι
1178 3986 1215 4054 δέ
1236 3997 1295 4054 τοῦ
1316 3998 1420 4054 κακοῦ

300 4094 411 4178 λαβεῖν
440 4091 498 4158 καί
527 4095 611 4159 οὕτω
641 4094 698 4180 τὴν
722 4092 870 4181 ἀνάγκην.
917 4092 991 4160 ἐπεί
1014 4096 1074 4180 γάρ
1098 4093 1135 4162 οά
1156 4093 1253 4177 μόνον
1276 4093 1314 4160 τὸ
1338 4092 1419 4178 ἀγα-

299 4199 371 4280 θόν’,
396 4199 518 4288 ἀνάγκη
542 4199 583 4287 τῇ
606 4197 736 4283 ἐκβάσει
758 4199 801 4288 τῇ
823 4189 910 4286 παρ’
929 4199 1009 4266 αὐτὸ
1024 4198 1053 4289 ἥ,
1077 4198 1107 4266 εί
1124 4199 1212 4268 οὕτω
1236 4224 1288 4278 τις
1311 4197 1419 4266 ἐθέλει

301 4303 411 4388 λέγειν,
435 4303 479 4394 τῇ
501 4303 552 4370 ἀεί
575 4305 736 4390 ἀποβάσει
759 4305 817 4372 καί
833 4305 1015 4374 ἀποστάσει
1039 4309 1078 4372 τὸ
1100 4303 1234 4390 ἔσχατον
1257 4304 1314 4372 καί
1336 4293 1416 4388 μεθ’

299 4407 319 4474 ὃ
343 4409 400 4476 οὐκ
429 4409 466 4498 ἦν·
494 4407 545 4478 έτι
575 4410 727 4497 γενέσθαι
757 4413 880 4478 ὁτιοῦν·
922 4425 1017 4480 τοῦτο
1046 4406 1130 4480 εῖναι
1159 4415 1197 4481 τὸ
1227 4411 1337 4478 κακόν.
1384 4410 1421 4492 ἐξ
