3140 4990
285 269 337 332 186
754 271 931 342 Empedocles.

336 432 432 488 Melius
450 431 524 486 Diels
542 433 656 488 Hormos
673 431 723 486 XV
743 433 807 488 161:

440 523 525 590 χωρὶς
543 520 599 590 γάρ
618 521 688 590 propri
706 525 763 574 πάν
781 525 824 572 καὶ
840 523 925 590 γωρλς
944 525 1053 590 κοῦφον
1068 517 1212 587 (έθηκεν).
1335 521 1367 574 il

132 657 265 700 ειίιιωυιῑε
355 647 379 702 i.
410 646 566 702 Aristoteles
591 646 655 700 Met.
680 645 767 713 1111,
793 645 911 702 99624
938 646 1008 700 iuter
1035 645 1258 715 Pythagoreorum
1287 647 1315 698 et
1341 644 1408 698 Em-

145 719 253 762 Μαίη
280 735 394 806 pedoolis
412 735 572 789 sententiam
590 735 631 788 ita
649 733 806 802 distinguit:
832 730 872 786 ἔτι
898 733 931 788 δλ
957 729 990 786 τό
1016 734 1124 787 πάντων
1141 730 1341 801 χαλεπώτατον
1359 733 1406 784 καὶ

280 823 409 886 πλείστην
432 819 550 890 άπορίαν
576 819 648 890 ἔχον,
675 821 792 894 πότερον
818 817 850 874 τό
868 822 900 874 ἓν
922 825 968 874 καλ
993 818 1025 874 τό
1044 820 1085 886 ὂν,
1110 819 1239 890 καθάπερ
1264 821 1290 872 οἱ
1309 825 1406 872 Ποθα-

280 905 385 982 γόρειοι
403 913 448 963 καὶ
467 911 583 963 Πλάτων
602 905 708 978 ἔλεγεν,
733 908 784 979 οῦγ
807 909 902 980 ἕτερόν
927 914 954 964 τί
971 908 1044 964 ἐστιν
1062 905 1122 962 άλλ’
1140 907 1220 963 ου’σία
1240 914 1297 963 ταῖν
1316 905 1408 960 ὄντων

280 998 357 1066 ἤοό,
380 997 440 1052 ἄλλ’
456 993 551 1068 ἕτερόν
577 1015 602 1052 τι
621 999 653 1052 τδ
676 1001 866 1070 ῦποκείμενον,
891 997 984 1068 ὥσπερ
1000 995 1183 1069 Ἐμπεδοκλῆς
1207 1014 1275 1068 φησι
1300 997 1406 1062 Φιλίαν,

280 1087 362 1149 ἄλλος
380 1088 414 1141 δέ
432 1104 473 1148 τις
492 1093 557 1158 πῦρ,
575 1088 591 1139 ό
609 1088 642 1141 δέ
662 1087 747 1157 ὕδωρ,
767 1088 783 1140 ό
802 1088 835 1142 δὲ
851 1087 927 1158 α’έρα.
963 1089 1008 1144 ΙΙΙ
1026 1091 1051 1144 4,
1073 1091 1225 1144 1001212.
1245 1091 1271 1139 ολ
1288 1085 1323 1140 δὲ
1341 1087 1407 1158 περὶ

279 1175 401 1249 φάσεως,
419 1168 478 1230 οἷον
496 1174 694 1247 Ἐμπεδοκλῆς,
713 1175 749 1235 ως
766 1179 805 1238 είς
822 1176 1038 1248 γνωριμώτερον
1055 1173 1176 1248 άνάγων,
1201 1177 1276 1246 λέγει
1294 1172 1309 1228 ὅ
1328 1193 1354 1228 τι
1372 1174 1408 1228 ro*

279 1267 310 1322 έν
323 1266 379 1337 [όν]
394 1266 477 1321 ἐστιν.
504 1265 595 1326 δόξειε
609 1265 666 1334 γάρ
680 1262 716 1318 riv
735 1265 825 1335 λέγειν
844 1271 928 1320 τοῦτο
948 1264 997 1330 τήν
1011 1266 1112 1319 ’Φιλίαν
1131 1253 1219 1318 εἶναι·
1239 1269 1312 1318 αίτία
1331 1267 1407 1333 γοῦν

280 1355 354 1410 ἐστιν
373 1355 440 1417 αὕτη
459 1359 508 1408 τοῦ
528 1354 558 1407 ἓν
577 1341 646 1407 εἶναι
664 1361 765 1410 πεῖσινε
786 1356 880 1425 quibus
899 1357 964 1412 loois
979 1355 994 1421 'i
1009 1355 1087 1408 Φιλία
1101 1355 1199 1410 dicitur
1218 1355 1307 1410 eodem
1325 1371 1405 1408 sensu

280 1462 332 1516 quo
350 1445 385 1500 ab
404 1443 518 1499 Eudemo
538 1443 553 1508 ἡ
570 1447 618 1508 τῆς
638 1444 731 1503 Φιλίας
749 1441 915 1514 ἐπικράτεια.
1380 1459 1383 1466 ’

352 1533 407 1600 g*.
440 1533 510 1588 Aliis
539 1531 603 1589 loeis
631 1533 788 1588 Aristoteles
816 1534 961 1604 Sphaernm
992 1533 1111 1603 appellat
1136 1529 1347 1604 Ἐμπεδοκλέους
1371 1527 1406 1582 τό

279 1629 389 1694 μῖγμα,
414 1625 567 1690 comparatu
592 1623 742 1692 plerumque
768 1623 889 1678 doctrina
908 1624 1087 1692 Anaxagorae.
1124 1625 1188 1678 Met.
1209 1621 1248 1674 XI
1266 1622 1291 1674 2.
1312 1621 1405 1675 1069b

280 1713 323 1767 20.
351 1713 398 1762 καί
427 1712 508 1762 τοῦτο
532 1707 575 1778 (ιδ
594 1708 714 1781 δυνάμει
741 1709 781 1774 ὄν,
808 1708 847 1780 μδ
872 1729 904 1762 ον
928 1709 962 1764 δὲ
990 1707 1125 1779 ἐνεργείᾳ)
1152 1708 1209 1762 ἐστὶ
1235 1709 1268 1762 τδ
1295 1707 1405 1770 irroga-

279 1798 367 1868 γόρου
393 1796 424 1849 ἓν
451 1797 566 1866 (βέλτιον
592 1799 648 1870 γάρ
678 1795 695 1863 ἢ
723 1794 796 1870 ὁμοῦ
822 1798 922 1868 πάντα)
950 1803 994 1850 καὶ
1012 1795 1226 1870 Ἐμπεδοκλέους
1250 1795 1282 1850 τό
1309 1783 1405 1866 μῖγιια

280 1890 326 1940 καλ
344 1883 564 1957 Ἀναξιμάνδρου,
601 1889 643 1944 (if.
663 1889 743 1959 Phys.
762 1889 819 1944 14.
846 1891 925 1944 187³
950 1890 984 1944 22
1003 1891 1057 1958 (BP
1077 1890 1110 1943 12
1129 1889 1162 1954 c.)
1192 1889 1289 1954 οἵσπερ
1306 1885 1405 1956 Ἐμπε-

280 1975 381 2046 δοκλῆς
398 1979 444 2027 καὶ
462 1973 661 2046 Ἀναξαγόρας·
689 1976 718 2029 ἐκ
743 1982 794 2030 τοῦ
818 1981 958 2047 μίγματος
986 1976 1041 2046 γάρ
1070 1978 1115 2029 καλ
1142 1965 1217 2028 οῦτοι
1250 1974 1406 2042 έκκρίνουσι

279 2053 373 2122 τᾶλλα.
410 2067 484 2120 Duas
512 2083 553 2120 res
580 2068 722 2136 vituperat.
758 2067 822 2122 Mer.
848 2067 888 2120 XI
915 2069 956 2121 10.
981 2066 1078 2122 1075b
1099 2069 1122 2122 1.
1159 2061 1269 2124 tironos
1298 2062 1330 2118 δὲ
1357 2065 1405 2115 καὶ

277 2150 479 2225 Ἐμπεδοκλῆς·
503 2153 549 2218 τῆν
577 2153 634 2223 γάρ
657 2154 755 2223 φιλίαν
779 2161 854 2208 ποιεῖ
873 2155 906 2208 τδ
928 2152 1056 2222 α’γαθόν·
1077 2151 1146 2218 αῦτη
1165 2154 1184 2205 δ
1191 2153 1197 2171 ¹
1215 2148 1285 2222 cipp}
1302 2155 1348 2204 καὶ
1367 2153 1405 2210 ιδς

279 2247 391 2295 κινοῦσα
410 2243 534 2312 (συνάγει
551 2239 617 2313 γάρ)
642 2245 687 2294 καὶ
712 2243 749 2301 τός
773 2238 840 2306 itq-
864 2235 964 2313 μόριον
988 2241 1045 2312 γάρ
1071 2249 1121 2296 τοῦ
1144 2247 1300 2314 μίγματος.
1325 2244 1351 2293 εί
1368 2239 1405 2304 δὴ

279 2333 380 2401 καὶτῷ
399 2326 474 2402 αότῷ
496 2333 645 2402 συμβέβηκε
668 2333 714 2383 καὶ
738 2327 774 2390 ιῦς
799 2328 850 2399 ὕλῃ
875 2330 948 2400 α’ργῇ
973 2317 1106 2383 εἶναικαὶ
1126 2330 1162 2390 ιῦς
1180 2335 1313 2396 κινοῦντι,
1334 2327 1406 2382 άλλά

279 2419 313 2471 τό
331 2415 362 2488 γ’
377 2405 446 2472 εἶναι
460 2416 493 2470 ου’
511 2417 601 2476 ταύτό.
621 2420 689 2472 κατά
703 2417 822 2489 πότερον
841 2409 891 2471 οὖν
910 2419 984 2484 φιλία
991 2440 1001 2484 ,·
1019 2419 1123 2472 άτοπον
1138 2419 1168 2471 δὲ
1184 2422 1229 2472 καὶ
1242 2419 1273 2472 τό
1288 2415 1421 2488 ἄφθαρ-Ι

279 2525 327 2560 τον
346 2493 415 2559 εἶναι
435 2507 466 2560 τό
484 2514 588 2568 νεῖκος·
607 2512 689 2560 τοῦτο
709 2506 742 2558 δ’
760 2506 837 2561 ἐστὶν
856 2506 923 2559 αδτδ
942 2503 958 2572 ἡ
977 2512 1026 2560 τοῦ
1045 2511 1130 2562 κακοῦ
1149 2506 1244 2577 φάσις.

351 2597 404 2652 λι*.
433 2596 565 2652 Subtilius
584 2598 612 2652 iu
631 2613 732 2651 omnem
751 2596 857 2650 eiusde
875 2600 1042 2668 generatione
1060 2598 1207 2654 doctrinam
1221 2597 1331 2667 inquirit
1344 2595 1407 2650 Ari-

279 2688 342 2741 stot.
363 2683 425 2740 (iren.
445 2689 473 2740 ei
491 2687 563 2741 Corr.
582 2686 597 2740 I
616 2687 640 2740 1.
666 2685 719 2740 315
734 2698 746 2725 ³
764 2687 789 2740 3.
827 2684 1009 2755 Ἐμπεδοκλῆς
1026 2691 1080 2758 μὲν
1100 2674 1150 2740 οὖν
1178 2683 1264 2738 έοικεν
1292 2682 1404 2738 ἐναντία

279 2774 370 2843 λέγειν
388 2775 433 2826 καὶ
451 2773 521 2844 πρδς
541 2769 574 2826 τά
593 2771 752 2843 φαινόμενα
771 2776 817 2826 καὶ
835 2773 905 2843 πρός
923 2775 1007 2828 αὑτόν
1027 2770 1117 2835 αότός.
1142 2772 1203 2845 άμα
1222 2774 1275 2846 μὲν
1293 2773 1348 2842 γάρ
1372 2769 1407 2826 οό

280 2879 363 2932 φησιν
382 2862 476 2930 ἕτερον
491 2861 519 2923 ἐξ
534 2861 630 2932 ἑτέρου
648 2867 798 2932 γίγνεσθαι
808 2868 867 2915 τοῖν
877 2867 1016 2932 στοιχείων
1026 2862 1119 2927 ου’δέν,
1139 2859 1207 2915 α’λλά
1218 2855 1300 2916 τᾶλλα
1311 2859 1407 2915 πάντα

279 2948 311 3002 ἐκ
328 2950 442 3015 τούτων,
460 2945 521 3020 άμα
540 2950 579 3020 δ’,
604 2947 673 3003 ὅταν
692 2954 731 3010 είς
750 2951 781 3004 ἓν
801 2950 941 3022 συναγάγῃ
960 2951 1010 3016 τήν
1029 2948 1140 3005 ἅπασαν
1159 2951 1246 3020 φῦσιν
1265 2949 1335 3015 πλήν
1355 2956 1407 3004 τοῦ

280 3029 391 3098 Νείκους
409 3041 463 3105 (BP
484 3041 553 3108 134),
573 3039 603 3092 έκ
621 3043 671 3093 τοῦ
689 3040 750 3100 ένδς
767 3047 916 3110 γίγνεσθαι
934 3040 1017 3094 πάλιν
1036 3041 1159 3096 ἕκαστον.
1180 3069 1214 3078 ·-
1242 3044 1282 3096 19.
1302 3038 1408 3100 ἄδηλον

280 3123 314 3181 δὲ
332 3129 377 3178 καὶ
395 3119 513 3197 πότερον
530 3125 617 3198 α’ργῆν
636 3125 728 3182 αῦτιῦν
747 3131 846 3182 θετέον
864 3130 896 3183 τό
915 3128 944 3182 ἓν
960 3126 977 3194 ἢ
992 3128 1023 3181 τά
1038 3129 1133 3196 πολλά,
1153 3130 1225 3199 λέγω
1240 3129 1273 3182 δὲ
1287 3133 1344 3197 πῦρ
1358 3130 1408 3180 καλ
1508 3108 1513 3122 ⁸

279 3221 336 3286 γῆν
353 3219 399 3268 καὶ
417 3216 452 3269 ιδ
469 3215 601 3288 σύστοιχα
619 3217 733 3272 τούτων.
751 3203 768 3290 ᾗ
786 3219 839 3289 μέν
858 3216 913 3288 γάρ
933 3220 968 3276 τίς
987 3214 1035 3281 ὅλη
1055 3213 1206 3286 δπόκειται,
1225 3216 1254 3277 ἐξ
1268 3207 1301 3270 οῦ
1318 3234 1407 3287 μετα-

278 3303 413 3374 βάλλοντα
438 3305 484 3358 oa?
507 3307 555 3370 viv
580 3311 685 3370 κίνησιν
703 3311 848 3376 γίγνονται
866 3313 905 3377 γῆ
923 3311 969 3360 καὶ
988 3311 1051 3379 πῦρ,
1070 3307 1101 3360 τὰ
1120 3306 1151 3359 ἓν
1170 3313 1315 3376 στοιχεῖον.
1335 3295 1352 3376 ᾗ
1371 3305 1408 3360 δὲ

279 3394 433 3464 τοῦτομὲν
452 3394 482 3448 ἐκ
500 3396 653 3456 συνθέσεως
670 3400 797 3464 γίγνεται
816 3395 966 3450 συνιόντων
985 3396 1105 3462 ἐκείνων,
1132 3394 1221 3448 έκεῖνο
1241 3394 1259 3446 δ
1266 3393 1274 3412 ’
1291 3392 1322 3445 έκ
1340 3394 1407 3446 δια-Ἰ

281 3481 393 3544 λόσεως,
412 3484 656 3554 στοιχειωδέστερα
676 3484 765 3538 έκεῖνα
779 3487 823 3536 καὶ
838 3485 958 3556 πρότερα
973 3484 1023 3550 τὴν
1037 3485 1130 3554 φῦσιν.
1166 3485 1196 3540 ΙΙ
1216 3487 1239 3540 6.
1260 3486 1340 3540 333¹J
1361 3485 1403 3538 19.

281 3566 346 3624 ὅδὲ
365 3570 414 3636 τὴν
432 3579 507 3641 μῖξιν
524 3571 613 3643 μόνον
633 3571 745 3627 ἐπαινεῖ.
773 3579 858 3626 καίτοι
885 3571 918 3626 τά
946 3591 980 3642 γε
1008 3580 1131 3642 στοιχεῖα
1159 3573 1293 3639 διακρίνει
1315 3568 1348 3624 ov’
1372 3569 1408 3622 τδ-

281 3666 388 3725 Νεῖκος,
412 3655 466 3712 αλλ’
488 3661 597 3723 ἡΦιλία
623 3659 654 3714 τά
678 3660 764 3732 φύσει
787 3663 908 3733 πρότερα
934 3665 983 3714 τοῦ
1006 3668 1094 3715 θεοῦ·
1115 3666 1177 3715 θεοῦ
1195 3661 1228 3715 δὲ
1246 3663 1292 3714 καὶ
1310 3664 1403 3716 ταῦτα.

280 3749 354 3804 Dicit
381 3749 523 3816 elemento,
550 3767 579 3804 eu
605 3750 699 3820 quibus
724 3751 829 3806 Amoris
853 3753 946 3806 effectu
973 3752 1116 3807 misceatur
1134 3751 1266 3820 Sphaerus
1285 3751 1330 3804 ille
1348 3751 1404 3804 sive

280 3837 381 3904 Unum,
405 3838 473 3892 undo
499 3840 628 3894 elementa
655 3838 689 3891 τά
717 3837 801 3907 φάσει
828 3837 957 3908 πρότερα.
1000 3841 1038 3894 Ao
1057 3841 1121 3894 Met.
1146 3840 1200 3894 ΧΠ
1219 3841 1243 3894 6.
1271 3841 1407 3894 1072124

280 3929 370 3981 uotum
389 3926 423 3980 ab
437 3943 466 3981 eo
480 3929 600 3997 priorem,
615 3929 762 3997 potentiam
776 3929 944 3996 posteriorem
962 3929 1023 3998 poni
1043 3929 1141 3997 arguit.

351 4015 394 4070 i*.
421 4015 539 4085 Aequius
557 4017 688 4070 rationem
706 4016 870 4086 Empedoclis
889 4018 1052 4085 aliorumque
1070 4017 1283 4087 philosophorum
1301 4019 1405 4072 exami-

279 4106 328 4158 nat
356 4103 508 4173 Simplicius
533 4105 564 4160 de
592 4105 672 4160 Caelo
690 4122 715 4174 p.
734 4105 788 4160 488
806 4104 893 4160 Schol.
913 4105 1009 4159 Brund.
1037 4094 1113 4158 οὗτοι
1141 4095 1190 4158 οῦν
1213 4104 1328 4174 γενητόν
1355 4107 1402 4157 καλ

277 4188 425 4261 ἄφθαρτον
444 4193 572 4261 λέγοντες
600 4191 648 4244 τόν
675 4193 779 4263 κόσμον
804 4192 853 4256 τὴν
877 4195 986 4261 γένεσιν
1010 4191 1060 4261 οῦγ
1079 4194 1116 4252 (ῦς
1133 4189 1190 4246 άπδ
1207 4194 1311 4264 χρόνου
1331 4199 1403 4264 φασὶ

280 4279 341 4332 δεῖν
351 4279 470 4350 α’κοόειν,
488 4278 586 4337 ἁλλ’έξ
599 4281 757 4341 ῦποθέσεως
771 4283 924 4352 εἰρημένην,
942 4280 1124 4340 διδασκαλίας
1138 4280 1224 4352 χάριν
1237 4287 1282 4345 τῆς
1300 4280 1405 4345 τάξεως

278 4372 333 4422 τῶν
348 4365 378 4420 ἐν
392 4366 468 4442 αῦτρῖ
483 4370 626 4440 προτέρων
639 4387 667 4423 το
682 4372 727 4423 καὶ
742 4372 964 4440 συνθετωτέρων.
982 4373 1076 4440 Itaque
1090 4371 1259 4440 Empedocles
1271 4373 1406 4442 ceterique
