3148 4984
512 277 671 332 lamblichus
689 277 796 346 eiusque
815 277 942 346 discipuli.
1234 273 1287 334 ῡίδ

112 435 156 478 ⁵²⁹
233 439 356 520 Eunap.
381 438 421 502 V.
453 438 547 521 Soph.
576 459 606 521 p.
639 447 689 503 19.
741 426 921 518 Ἐκδέχεται
950 435 987 502 δὲ
1015 437 1072 524 τὴν
1098 425 1284 519 Ἰαμβλίχον
1313 453 1420 496 Aeaeum

166 544 338 631 διατριβὴν
352 542 410 609 καὶ
426 540 559 627 ὁμιλίαν
573 542 607 622 ἐς
621 544 696 621 τοὺς
712 539 861 629 ἑταίρους
873 538 1032 621 Αίδίσιος
1047 542 1065 608 ὁ
1080 538 1117 608 ἐκ
1132 549 1287 607 Καππα-

166 648 290 730 δοκίας,
307 687 350 702 -··
365 651 483 736 μικρὸν
505 647 657 714 ἀποδέων
678 637 873 732 Ἰαμβλίχου,
896 649 982 736 πλὴν
1005 648 1066 714 ὅσα
1089 671 1123 733 γε
1145 644 1193 726 εἰς
1212 653 1287 714 θει-

167 757 291 839 ασμὸνΙι
311 744 494 838 Ἰαμβλίχοο
528 753 637 843 φέρει·
676 756 798 820 τούτων
831 757 892 842 γὰρ
927 753 1018 820 οὐδὲν
1051 751 1176 837 εἴχομεν
1208 753 1288 820 σίνα-
1317 752 1320 757 ’

166 863 319 950 γράφειν,
354 861 406 927 δτι
438 863 476 927 τὸ
504 861 564 944 μὲν
593 859 798 948 ἐπέκρυπτον
826 858 907 940 ίσως
929 857 1089 938 Αίδίσιος
1111 859 1209 938 αὐτὸς
1232 861 1288 926 διὰ

167 970 242 1047 τοὺς
252 969 383 1056 χρόνους
395 969 654 1052 (Κωνσταντῖνος
665 968 728 1056 γὰρ
743 966 1009 1052 resalutavere
1023 979 1088 1032 τῶν
1106 963 1200 1053 ἱερῶν
1212 965 1289 1032 ε’ττι-

167 1074 358 1163 φανίστατα
389 1073 625 1162 καταστρέφων
655 1073 712 1140 καί
740 1080 782 1138 τὰ
804 1087 870 1138 τῶν
896 1078 1101 1160 Χριστιανῶν
1123 1071 1290 1158 δνογείρων

167 1179 363 1270 οἰκήματα),
393 1182 436 1245 τὰ
465 1179 502 1246 δὲ
529 1175 610 1258 ίσως
634 1175 752 1247 καὶτὸ
775 1193 840 1244 τῶν
863 1180 1027 1268 ὁμιλητῶν
1050 1178 1183 1260 ἄριστον
1205 1181 1289 1265 ντρδς

168 1288 376 1375 μυστηριώδη
407 1288 480 1352 τινὰ
510 1287 638 1374 σιωπὴν
666 1285 724 1352 καὶ
748 1282 972 1374 ἱεροφαντικην
995 1282 1170 1368 ἐχεμυθίαν
1193 1284 1289 1372 ἐταρ-

169 1392 268 1478 ρεττὲς
291 1390 407 1480 ἦνκαὶ
430 1390 643 1458 συνεκίκλιτο.
679 1392 794 1476 δγοῦν
816 1403 920 1457 ταῦτα
952 1391 1086 1480 γράφων
1108 1389 1145 1457 ἑκ
1168 1393 1290 1470 παιδὸς

168 1500 332 1588 ἀκροατὴς
357 1495 566 1585 Χροσανθίοο
583 1497 748 1583 γενόμενος
769 1498 865 1581 μόλις
888 1493 944 1580 είς
957 1494 1103 1564 εἰκοστὸν
1125 1493 1197 1575 ἔτος
1219 1497 1259 1586 vi}
1274 1537 1290 1546 -

168 1617 246 1672 οῢτο
268 1619 334 1670 τῶν
357 1602 611 1693 ἀληθεστέρωνῑ).

242 1759 271 1800 a.
291 1745 466 1813 Cogitandum
489 1761 541 1798 nou
567 1745 643 1799 modo
667 1745 699 1800 de
717 1745 948 1800 vaticinationibus
967 1745 1118 1812 Iambliohi,
1146 1745 1291 1800 sedetiam

171 1834 203 1887 de
221 1834 363 1900 miraculis,
383 1851 450 1904 quae
468 1833 513 1888 ille
530 1834 697 1903 frequentare
717 1835 826 1888 solebat.
855 1834 1019 1903 Quamquam
1037 1834 1221 1888 miraculorum
1239 1851 1292 1888 uon

79 1971 81 1976 .
170 1938 260 1975 omnes
280 1939 361 1991 acque
380 1921 492 1980 studiosi
511 1925 587 1974 eraut
605 1921 803 1991 Neoplatonici‚
828 1940 852 1976 v.
870 1922 971 1992 Eunap.
990 1922 1045 1976 vit.
1065 1921 1143 1992 Soph.
1163 1940 1188 1992 p.
1206 1923 1242 1976 49
1252 1939 1290 1993 sq.

170 2009 357 2076 Eusebius,
376 2010 521 2080 discipulus
540 2009 653 2076 Aedesii,
671 2013 743 2084 μετὰ
762 2011 812 2076 τὴν
830 2013 959 2080 ἐξήγησιν
982 2010 1119 2076 (librorum
1137 2009 1291 2064 Aristotelis
1318 2019 1428 2062 Eusebius

171 2099 324 2166 delegisse,
353 2102 385 2151 ut
403 2099 517 2164 videtur)
541 2097 690 2168 praedicare
715 2101 899 2166 consueverat,
928 2101 963 2160 ὡς
986 2109 1072 2152 ταῦτα
1097 2103 1137 2165 εἴη
1157 2101 1190 2151 τὰ
1209 2103 1293 2160 ὄντως

170 2193 248 2252 ὄντα,
269 2191 299 2241 αἱ
313 2188 345 2242 δὲ
360 2189 408 2254 τὴν
423 2193 556 2254 αἴσθησιν
570 2189 720 2241 ἀπατῶσαι
733 2193 907 2260 μαγγανεῖαι
921 2190 968 2240 καὶ
982 2189 1165 2256 γοητεύουσαι
1180 2193 1293 2260 θαυμα-

172 2287 295 2330 τοποιῶν
313 2277 380 2349 ἔργα
398 2280 445 2329 καὶ
464 2277 534 2349 πρὸς
555 2277 646 2336 ὑλικάς
665 2295 742 2336 τινας
760 2275 895 2347 δυνάμεις
909 2277 1127 2346 παραπαιόντων
1140 2281 1186 2329 καὶ
1203 2295 1293 2348 μεμη-

162 2367 266 2420 νότων.
304 2363 376 2428 Quae
394 2365 634 2434 pronuntiabantur
652 2363 776 2416 adversus
795 2363 986 2430 Maximum,
1006 2363 1086 2418 elium
1099 2363 1204 2417 Aedesii
1218 2365 1293 2418 disci·
1320 2375 1427 2416 unxina

170 2454 272 2523 pulum,
291 2453 337 2522 qui
356 2454 404 2506 διὰ
422 2458 543 2525 μέγεθος
562 2455 670 2524 φύσεως
687 2457 734 2505 καί
752 2454 842 2521 λόγων
863 2454 998 2524 ὑπεροχὴν
1015 2456 1227 2527 καταφρονήσας
1241 2465 1295 2507 τῶν

172 2546 202 2596 ίν
221 2545 330 2602 τούτοις
349 2542 520 2603 ἀποδείξεων
538 2557 585 2610 pro
604 2541 768 2608 argumentis
782 2540 907 2594 miracula
926 2540 1071 2594 exhibenda
1089 2528 1209 2610 putebat.
1238 2539 1294 2606 Quo

171 2631 262 2684 studio
282 2633 410 2700 quantum
429 2629 570 2682 indulserit
588 2632 665 2698 patet
682 2645 713 2682 ex
731 2628 810 2694 hisce,
829 2629 864 2682 ib.
884 2645 909 2698 p.
930 2629 982 2682 109
1002 2632 1017 2682 ὁ
1034 2630 1088 2701 μὲν
1107 2631 1160 2702 γὰρ
1180 2631 1250 2700 ἔχων
1269 2651 1295 2684 τι

172 2721 331 2791 φιλόνεικον
353 2720 383 2772 ἐν
401 2721 433 2790 τῇ
453 2719 537 2788 φύσει
555 2721 602 2770 καὶ
620 2717 821 2784 δυσεκβίαστον
846 2723 904 2778 τοῖς
922 2723 1057 2787 φανθεῐσι
1076 2723 1199 2790 σημείοις
1218 2722 1295 2790 παρὰ

173 2819 228 2861 τῶν
241 2815 315 2860 θεῶν
329 2809 494 2874 ἀντιβαίνων
512 2806 590 2876 ἕτερα
610 2800 667 2878 ᾔτει
684 2811 731 2860 καὶ
750 2809 980 2879 προσηνάγκαζεν.
1005 2805 1095 2860 Talem
1108 2807 1154 2860 ille
1168 2808 1297 2875 rationem

172 2899 281 2950 secutus
305 2898 361 2960 est,
389 2909 448 2948 cum
473 2893 548 2962 sigua
572 2910 632 2946 eum
656 2893 690 2946 ad
708 2894 839 2948 Iulianum
862 2893 1047 2963 imperatorem
1068 2898 1187 2948 vocatum
1205 2911 1222 2947 a
1240 2913 1298 2965 pro·

172 2983 311 3038 ficiscaudo
330 2983 443 3036 retinere
463 2982 622 3036 viderentur.

245 3106 276 3161 b.
297 3104 556 3173 Chrysantbius
574 3107 633 3156 erat
651 3103 794 3173 discipulus
808 3104 922 3171 Acdesii,
941 3105 1038 3159 Iuliani
1056 3106 1221 3176 imperatoris
1240 3109 1299 3162 doc-
1326 3116 1489 3168 Chrysanthus

172 3202 224 3261 tor,
244 3195 345 3264 Euuap.
365 3194 383 3247 l.
403 3194 420 3246 1.
440 3209 467 3262 p.
486 3193 529 3246 49.
567 3191 680 3246 Omnino
698 3191 889 3261 Neoplatonici‚
915 3209 967 3262 quo
984 3195 1070 3261 magis
1089 3193 1299 3250 Christianorum

173 3284 302 3337 instituta
320 3281 527 3347 invalescebant,
556 3297 585 3334 eo
603 3281 687 3348 magis
706 3280 825 3333 artificiis
850 3281 911 3333 istis
937 3281 1081 3349 theurgicis
1099 3284 1202 3352 ipsique
1221 3285 1300 3353 placi-

174 3375 263 3426 torum
289 3387 395 3424 suomm
420 3369 574 3439 professioni
600 3369 713 3421 latibula
738 3385 861 3438 quaerere
887 3369 1061 3436 cogebantur:
1090 3387 1140 3439 quo
1165 3373 1300 3440 pertinent

173 3462 261 3514 multa
280 3475 347 3529 quae
365 3460 508 3512 narrantur
527 3456 558 3508 de
577 3457 639 3509 vitis
654 3473 750 3510 eorum.
789 3456 952 3526 Quemquam
970 3458 1067 3527 stipsi
1086 3459 1156 3512 ultro
1175 3461 1301 3513 amabant

175 3552 283 3604 secreta
292 3545 429 3611 simulare3
450 3546 579 3614 simulque
593 3544 689 3598 fiducia
702 3546 888 3598 miraculorum
902 3550 982 3616 atquc
1000 3547 1084 3616 ipsius
1098 3547 1164 3600 artis
1183 3548 1300 3617 theurgi-

174 3655 228 3704 cae,
248 3637 291 3690 cui
310 3638 417 3688 tautum
436 3635 498 3687 olim
517 3634 677 3700 tribuerant,
695 3635 854 3687 labefactata
872 3634 953 3688 luisse
972 3635 1084 3689 videtur.

122 3854 166 3895 νο
243 3833 292 3896 De
316 3833 451 3913 Mysten
467 3832 544 3910 Aeg·
567 3828 666 3910 lap.
684 3837 702 3894 8
719 3827 781 3890 Pe.
829 3825 869 3896 Εὶ
892 3827 929 3893 δὲ
951 3829 1001 3894 δεῖ
1023 3827 1298 3918 rotnascenses,
1327 3841 1453 3938 ἀηηφηη

176 3937 251 4004 οὐδὲ
281 3932 398 4022 γνῶσίς
430 3933 518 4002 ἐστιν
541 3935 560 4020 ἡ
584 3934 669 4020 πρὸς
691 3935 846 4024 τὸιόεῖον
868 3936 1011 4023 συναφή·
1041 3933 1214 4022 διείργεται
1238 3939 1299 4024 γὰρ

158 4045 260 4132 αὕτη
284 4067 357 4120 πως
381 4039 554 4127 ἑτερότητι.
579 4077 620 4087 —-
646 4039 663 4103 ὁ
687 4037 723 4103 δὲ
746 4038 843 4117 αὐτός
867 4038 937 4113 ἐστί
958 4063 1016 4122 μοι
1040 4042 1134 4125 λόγος
1158 4041 1243 4125 τυρός
1266 4066 1302 4108 σε

175 4150 234 4216 καὶ
258 4148 337 4234 περὶ
353 4160 419 4211 τῶν
434 4143 657 4227 συνεπομένων
679 4149 774 4221 θεοῖς
797 4146 987 4230 κρειττόνων
1010 4160 1115 4230 γενῶν,
1139 4146 1303 4228 δαιμόνων

175 4256 264 4345 φημὶ
294 4253 352 4321 καὶ
383 4255 495 4341 ἡρώων
523 4251 579 4316 καί
609 4263 720 4335 ψυχῶν
743 4250 915 4336 ἅχροίντων.
954 4289 993 4300 -
1029 4251 1161 4318 ἐοικέτω
1185 4253 1224 4339 δη
1248 4251 1303 4319 οὖν

175 4368 248 4440 τοῖς
278 4359 400 4437 ἀιδίοις
430 4371 494 4422 τῶν
525 4362 612 4422 θεῶν
644 4357 845 4434 συνοτταδοῑς
876 4355 933 4421 καὶ
963 4359 981 4443 η
1005 4359 1174 4445 σύμφυτος
1198 4356 1305 4423 αὐτῶν

234 4485 290 4526 unc
306 4483 367 4524 rau.
397 4481 437 4522 aa.
452 4481 500 4521 vn.
1054 4465 1088 4516 36
