3156 4988
297 369 351 429 368
706 369 819 439 Sceptici
838 369 1007 438 antiquiores.

299 543 352 586 τῶν
380 535 577 606 ἀρχαιοτέρων,
606 533 635 584 ἐν
661 530 692 583 δὲ
711 535 748 598 τῷ
773 536 854 602 τρίτῳ
873 533 935 599 περὶ
954 538 1008 581 τῶν
1029 530 1153 599 ὑστέρων.
1184 554 1217 562 -
1247 524 1305 577 112.
1334 525 1366 576 τὸ
1384 523 1416 575 δὲ

298 633 407 694 πρῶτον
435 622 521 673 ταύτὰ
550 624 670 694 περιέχει
699 623 852 689 πράγματα
882 619 952 683 πλὴν
980 617 1022 670 δτι
1049 615 1272 688 μονοπρόσωπός
1299 615 1375 666 ἔστιν
1400 615 1416 677 ἡ

299 716 415 778 ποίησις.
444 739 478 750 -·
506 707 693 778 Antiquiorum
720 707 898 777 Scepticorum
926 705 1064 775 disciplina
1086 720 1146 756 cum
1164 703 1271 756 limone
1297 701 1351 754 fere
1378 717 1419 752 ex·

262 797 267 807 '
299 799 397 852 stincta
415 800 465 864 est,
489 797 520 851 cf.
540 797 616 864 Diog.
636 797 675 850 IX
694 796 774 856 115„
793 795 844 850 Cic.
865 795 897 848 de
916 793 961 850 Or.
986 794 1027 846 III
1046 794 1088 847 62.
1125 783 1165 845 De
1188 790 1376 844 recentioribus
1393 807 1421 842 v.

176 1446 258 1474 summa

156 1489 273 1538 praecepta

221 2647 222 2652 κ
300 2605 401 2696 ἢκαὶ
436 2602 505 2672 ἔστι
540 2603 598 2670 καὶ
632 2603 690 2670 οὐκ
725 2601 826 2684 ἔστιν,
862 2604 881 2691 q

146 3981 276 4034 hypothesis

297 893 341 940 ur
359 888 459 956 474sq.
479 915 513 924 -
532 886 572 938 De
590 885 705 938 Timonis
723 884 780 936 vita
798 887 826 936 et
844 883 950 953 scriptis
969 883 1163 935 disseruerunt:
1187 879 1217 934 C.
1236 878 1417 942 Wachsmuth,
1486 926 1488 930 .

297 975 454 1046 Sillograpb.
470 973 560 1028 Graec.
574 957 675 1043 reliqu,
694 973 764 1042 Lips.
780 971 858 1038 1885,
873 989 898 1041 p.
912 971 1010 1026 8-85.
1037 969 1070 1023 U.
1085 969 1117 1022 de
1127 968 1308 1032 Wilamowitz‚
1323 966 1417 1034 Antip.

297 1081 322 1118 c.
342 1063 412 1118 Kar.
432 1081 457 1134 p.
477 1065 557 1132 31sq.
577 1063 657 1131 tlsq.
700 1061 732 1115 R.
751 1061 854 1126 Hirael‚
887 1060 1046 1114 Ueteraech.
1066 1074 1090 1112 a.
1110 1057 1165 1112 ce.
1186 1057 1255 1126 plait.
1275 1055 1351 1110 Sabe.
1369 1055 1418 1120 III,

297 1154 367 1223 Lips.
387 1154 466 1208 1883.
502 1152 531 1206 P.
551 1152 661 1222 Natorp,
681 1150 882 1218 Foracbuupen
901 1167 924 1203 ε.
940 1148 1035 1204 Geaet.
1060 1147 1085 1201 δ.
1103 1145 1418 1213 Erkcnntm'ssprcblems

296 1245 314 1295 ιῒ.
335 1241 460 1308 Alema,
479 1241 553 1295 Berl.
573 1240 650 1295 1884.

365 1438 538 1502 Aristocles
563 1456 613 1518 ap.
636 1436 751 1500 Euseb.
774 1435 826 1498 Pr.
849 1435 905 1510 Er.
929 1434 1006 1498 XIV
1032 1443 1083 1510 18,
1100 1441 1130 1497 2.
1173 1421 1213 1496 ‘0
1236 1428 1273 1495 δέ
1296 1453 1332 1514 γε
1354 1454 1420 1512 μα-
1429 1451 1467 1491 aa

298 1543 404 1630 θητὴς
438 1541 537 1608 αὐτοῦ
571 1542 771 1628 (Πύρρωνος)
810 1537 921 1624 Τίμων
956 1538 1040 1628 φησὶ
1070 1540 1138 1604 δεῖν
1171 1539 1227 1603 τὸν
1259 1534 1420 1620 μέλλοντα

299 1647 540 1736 εὐδαιμονήσειν
568 1644 614 1724 εἷς
643 1645 719 1734 τρία
742 1656 846 1712 ταῦτα
869 1644 1019 1730 βλέπειν·
1066 1657 1199 1731 πρῶτον
1226 1641 1287 1726 μὲν
1318 1642 1420 1708 ὁποῖα

300 1753 429 1843 πέφυκε
457 1755 500 1818 τά
530 1753 728 1840 πράγματα,
764 1753 910 1840 δεύτερον
940 1751 976 1817 δὲ
1003 1748 1078 1816 τίνα
1107 1752 1167 1838 χρὴ
1189 1749 1314 1836 τρόπον
1337 1751 1424 1836 ἡμᾶς

300 1863 385 1948 πρὸς
399 1841 498 1926 ἀὐτὰ
533 1863 742 1940 διακεῖσθαι,
785 1861 971 1926 τελευταῖον
1005 1857 1041 1924 δὲ
1075 1855 1110 1922 τί
1144 1853 1316 1943 περιέσται
1351 1858 1424 1932 τοῖς

301 1970 402 2046 οὕτως
429 1963 545 2050 {tovos
592 1978 621 2035 3.
652 1969 694 2033 τὰ
716 1966 776 2049 μὲν
799 1963 853 2032 οὖν
880 1964 1061 2050 πράγματά
1092 1985 1191 2052 φησιν
1214 1960 1311 2027 αὐτὸν
1334 1961 1422 2026 ἀπο-

300 2072 428 2162 φαίνειν
451 2063 510 2140 ἐπ’
528 2071 602 2160 ἰ’σης
625 2073 792 2162 ἀδιάφορα
816 2071 873 2138 καὶ
901 2071 1102 2159 ἀστάθμητα
1125 2068 1182 2136 καὶ
1207 2067 1422 2156 ἀνεπῖκριτα·

300 2182 366 2246 διὰ·
386 2191 481 2247 τοῦτο
509 2182 590 2269 μήτε
618 2182 678 2259 τάς
707 2177 880 2268 αἰσθήσεις
909 2181 998 2266 ἡμῶν
1027 2159 1190 2265 μήτετδς
1218 2177 1318 2256 δόξας
1342 2176 1421 2264 ἀλη-

300 2289 408 2353 θεόειν
431 2289 451 2375 ἢ
473 2289 668 2372 ψεύδεσθαι.
715 2287 770 2351 διὰ
793 2295 889 2351 τοῦτο
919 2281 973 2350 οὖν
1000 2283 1083 2372 μηδὲ
1113 2284 1276 2350 πιστεύειν
1306 2281 1425 2360 αὐτοῖς

301 2395 379 2473 δεῖν,
415 2385 490 2458 ἀλλ’
516 2392 715 2472 ἀδοξάστοος
741 2390 798 2457 καὶ
830 2391 971 2468 άκλινεῖς
1000 2389 1057 2455 καὶ
1088 2389 1310 2476 ἀκραδάντοες
1339 2381 1422 2454 εἶναι

301 2499 378 2586 περὶ
403 2495 472 2577 ἑνὸς
496 2497 632 2565 ἑκάστου
648 2498 799 2584 λέγοντας
823 2497 873 2562 δτι
898 2496 935 2562 οδ
950 2497 1074 2580 μᾶλλον
1097 2492 1185 2561 ἔστιν
1207 2497 1227 2584 ἢ
1250 2494 1308 2560 οδε
1325 2492 1423 2573 ἔστιν,

299 2590 303 2598 ’
874 2601 977 2668 *obre
1008 2598 1096 2668 ἓῖττιν
1119 2591 1191 2667 σῖτ’
1210 2601 1267 2667 οὐκ
1303 2598 1422 2666 {beent

301 2724 331 2779 4.
355 2716 426 2790 τοῖς
455 2711 566 2796 μέντοι
597 2709 814 2794 διακειμένοις
845 2711 927 2775 οὕτω
951 2707 1166 2792 περιέσεσθαι
1199 2705 1310 2790 Τίμων
1340 2707 1422 2797 φησὶ

301 2831 434 2905 πρῶτον
455 2816 515 2900 μὲν
537 2814 694 2906 ἀφασίαν,
718 2812 835 2882 ἔπειτα
859 2804 894 2880 δ’
913 2812 1123 2901 anapaestis.

373 2955 402 2996 a.
427 2939 494 2994 Gell.
513 2941 546 2994 N.
566 2941 598 2994 A.
612 2941 651 2993 XI
668 2940 693 2992 ό,
712 2941 730 2993 4
754 2939 925 3008 (Pyrrhonem
942 2939 985 2991 his
1003 2939 1100 3002 verbis)
1118 2955 1174 2992 esec
1192 2955 1271 2991 osum
1291 2939 1423 2992 traduat:

303 3033 461 3100 οὐμᾶλλον
480 3032 564 3090 οὕτως
583 3031 639 3100 ἔχει
658 3029 722 3082 τόδε
741 3033 757 3094 ἢ
775 3031 882 3088 ἐκείνως
901 3033 916 3093 ἢ
936 3029 1090 3097 οδθετέρως.

372 3134 403 3189 b.
431 3133 514 3199 Quam
542 3135 622 3188 animi
650 3135 871 3204 tranquillitatem
899 3134 945 3203 qui
969 3136 1106 3186 assecutus
1131 3135 1217 3186 estin
1246 3151 1298 3186 une
1321 3135 1422 3187 virtute

301 3241 389 3277 veram
407 3223 560 3277 felicitatem
577 3223 663 3276 inesse
682 3224 777 3276 sentit:
797 3222 849 3276 Cic.
870 3221 976 3276 delto.
995 3222 1033 3274 IV
1051 3223 1085 3275 43
1105 3223 1216 3290 Pyrrho
1235 3252 1278 3288 —‚
1302 3225 1351 3290 qui
1369 3224 1422 3276 eir-

301 3319 358 3368 tute
368 3314 515 3366 confatctuta
524 3313 595 3366 nihil
609 3314 716 3365 omnino
726 3312 799 3381 qood
812 3311 993 3380 appetendum
1004 3311 1041 3365 sit
1054 3311 1196 3380 relinquat.
1216 3311 1289 3364 Timo
1299 3328 1340 3380 ap.
1351 3311 1421 3364 Sext.

301 3402 386 3455 Math.
405 3401 444 3454 XI
458 3401 493 3455 20
511 3401 527 3468 ἦ
546 3403 600 3474 γὰρ
618 3403 688 3470 ἐγὼν
706 3404 770 3473 (pto)
789 3400 824 3462 ὣς
837 3421 889 3473 μοι
907 3407 1108 3470 καταφαίνεται
1129 3401 1206 3464 εἶναι,
1224 3401 1228 3466 Ι
1248 3407 1344 3472 μῦθον
1358 3403 1421 3467 ἀλη-

299 3496 378 3557 θείης
396 3493 482 3560 ὀρθὸν
501 3492 571 3560 ἔχων
588 3493 699 3553 κανόνα,
717 3495 721 3558 Ι
742 3492 777 3550 ὡς
795 3492 811 3555 ἦ
830 3499 879 3542 τοῦ
896 3495 977 3542 θείου
996 3509 1024 3542 τε
1039 3492 1123 3560 φάσις
1136 3495 1181 3542 καὶ
1199 3491 1328 3558 τάγαθοῦ
1346 3488 1418 3550 olet}

302 3581 332 3640 ἐξ
350 3575 387 3631 ὧν
406 3581 535 3639 rodestoc
553 3583 660 3648 γίνεται
680 3579 761 3652 ἀνδρὶ
780 3584 845 3646 βίος.
871 3607 904 3616 -—
933 3577 991 3630 Hoc
1009 3581 1098 3631 autem
1116 3578 1226 3630 maxime
1251 3578 1336 3645 egisse
1355 3577 1421 3630 vide

303 3669 349 3720 tur
366 3666 454 3733 Timo,
483 3669 515 3718 ut
543 3667 674 3736 prioribus
701 3665 857 3734 dogmaticis
884 3665 1030 3719 refutandis
1056 3670 1084 3719 et
1102 3665 1241 3719 irridendis
1267 3683 1314 3719 suo
1339 3667 1420 3736 ipsius

304 3754 468 3824 eceptieismo
486 3755 699 3824 probabilitatem
718 3755 875 3819 adstrueret,
895 3772 918 3807 v.
938 3759 981 3806 ΒΡ
1000 3753 1052 3808 357
1061 3756 1091 3820 b;
1111 3755 1187 3822 Diog.
1207 3754 1246 3807 IX
1265 3756 1308 3808 90.

374 3967 459 4033 Sext.
482 3967 583 4031 Metu.
606 3967 656 4030 ΙΠ
682 3976 710 4032 2.
764 3965 834 4032 Kal
868 3967 928 4052 γάρ
965 3967 982 4030 δ
1021 3964 1131 4049 Τίμων
1166 3962 1199 4032 ἓν
1234 3969 1304 4044 τοῖς
1339 3967 1464 4052 πρδςαι
1549 4017 1551 4046 ‚

302 4073 376 4152 τοὺς
409 4074 565 4162 φυσικοὺς
588 4083 683 4137 τοῦτο
706 4070 850 4154 ὑπέλαβε
873 4072 939 4136 δεῖν
962 4069 995 4136 ἐν
1018 4073 1163 4158 πρώτοις
1186 4073 1307 4161 ζητεῖν,
1336 4071 1419 4162 φημὶ
1549 4065 1551 4096 l

303 4178 339 4244 δὲ
360 4181 399 4244 τδ
422 4176 451 4245 εὶ
473 4178 509 4258 ἐξ
532 4177 722 4255 duodecade
745 4203 778 4242 τι
801 4175 971 4266 ληπτέον.

375 4315 402 4358 a.
426 4302 588 4373 Hypothesis
607 4319 623 4356 a
641 4302 768 4372 Scepticis
787 4302 923 4354 dicebatur
941 4301 1077 4370 quodlibet
1095 4303 1209 4368 axioma,
1229 4320 1259 4356 ex
1278 4321 1329 4374 quo
1347 4321 1420 4371 argu-

302 4393 420 4443 mentum
439 4391 550 4443 derivari
568 4393 671 4460 posset,
694 4391 804 4460 ideoque
829 4390 908 4443 etiam
928 4390 1046 4444 definitio
1065 4391 1210 4460 quaelibet:
1235 4392 1312 4460 Dicg.
1331 4393 1369 4445 IX
1387 4393 1419 4444 74

302 4483 349 4533 aul
368 4481 399 4532 τὸ
417 4480 458 4552 μὴ
476 4481 572 4548 ὁρίζειν
592 4475 710 4552 ιἰνῂροαν
728 4483 864 4548 λέγοντες
888 4479 978 4533 Οὐδὲν
997 4482 1128 4552 ὁρίζομεν.
1167 4479 1205 4532 lb.
1225 4483 1273 4547 90;
1293 4483 1337 4536 91.
1401 4470 1403 4475 ’
