3148 4984
597 377 600 382 .
678 333 808 387 Plotinus.
1253 330 1309 393 525

185 501 306 572 πᾶσαν,
330 488 456 558 ἑστιῦτα
480 489 539 558 ἀεί.
574 489 608 558 τί
630 493 692 580 γάρ
715 492 805 582 ζητεῖ
826 492 1042 578 μεταβάλλειν
1065 490 1098 560 εὖ
1121 489 1218 578 ἔχωνς
1241 505 1309 560 ποῦ

185 596 221 664 δὲ
243 597 414 682 μετελθεῖν
436 599 547 664 πάντα
570 589 657 688 παρ’
677 599 766 686 αύτῷ
789 596 885 682 ῖηωνς
913 589 989 666 ἀλλ’
1008 598 1082 667 οὐδὲ
1105 597 1204 688 αύξην
1219 600 1308 689 ζητεῖ

186 705 387 784 τελειότατος
417 704 469 772 ύῖν.
509 705 561 773 διὸ
591 703 648 772 καὶ
679 707 720 772 τὰ
744 697 829 795 παρ’
849 703 938 794 αὐτῷ
961 706 1072 773 πάντα
1094 703 1218 788 τέλεια,
1252 707 1308 772 ῖνα

187 810 295 900 πάντη
318 797 341 901 ᾗ
362 811 485 891 τέλειος
508 811 599 879 οὐδὲν
621 809 700 896 ἐηων
722 813 742 879 δ’
762 837 797 880 τι
818 815 864 901 μη
887 825 1041 894 τοιοῦτον,
1065 811 1156 880 οὐδὲν
1179 807 1259 896 ἐῖςων
1274 811 1311 879 ἐν

187 919 276 1004 αὕτη]
298 915 316 983 ὃ
338 919 383 1007 μη
406 923 488 986 νοεῖ·
512 923 579 986 νοεῖ
601 917 638 986 δὲ
661 918 697 987 ού
721 920 833 1010 ζητῶν,
857 907 933 986 ἀλλ’
952 916 1060 1002 ἐηωνῖ.
1098 917 1157 986 καὶ
1179 921 1218 986 τὸ
1239 944 1307 1003 μα-

187 1024 300 1112 κάριον
330 1023 418 1112 αότηῖ
449 1023 507 1091 οὐκ
537 1023 728 1115 ἐπίκτητον,
764 1015 840 1092 άλλ>
858 1025 891 1093 ἐν
921 1023 1017 1092 αἰῶνι
1046 1025 1173 1107 πάντα,
1209 1023 1310 1092 καὶὸ

186 1128 285 1210 όντως
320 1128 417 1214 αἰών,
452 1129 488 1198 ὃν
521 1136 672 1217 μιμεῖται
699 1133 811 1221 χρόνος
841 1132 1008 1221 περιθέων
1038 1133 1143 1222 ψυχὴν
1173 1134 1215 1197 τά
1248 1130 1309 1216 μὲν

187 1237 320 1326 παριεὶς
342 1241 413 1318 τοῖς
436 1236 473 1306 δὲ
496 1238 691 1324 ἐπιβάλλων.
716 1238 773 1305 καὶ
797 1241 858 1328 γὰρ
874 1239 959 1306 άλλα
982 1238 1040 1306 καὶ
1064 1239 1148 1306 άλλα
1172 1235 1214 1306 αὖ
1230 1237 1308 1327 περὶ

187 1345 307 1434 ψυχάν·
341 1343 426 1412 ποτὲ
454 1347 516 1432 γάρ
547 1345 722 1436 Σωκράτης
752 1345 837 1414 ποτὲ
859 1346 896 1414 δὲ
917 1347 1035 1429 ῖππος,
1059 1343 1093 1412 ἑν
1115 1371 1149 1412 τι
1171 1344 1221 1412 ἀεὶ
1243 1358 1309 1411 τῶν
1373 1423 1378 1434 .

187 1447 302 1518 όντων·
326 1451 344 1518 ό
367 1450 403 1518 δὲ
425 1462 498 1530 νοῦς
521 1452 640 1520 πάντα.
665 1449 729 1536 ῖηει
745 1450 800 1520 σύν
822 1452 856 1520 ἐν
878 1452 967 1541 αὐτῷ
989 1453 1100 1520 πάντα
1125 1449 1252 1520 ἑστῶτα
1275 1450 1311 1518 ἐν

186 1556 234 1644 τηῖ
264 1557 354 1645 αύτηῖ
383 1557 441 1624 καὶ
472 1554 543 1625 ἔστι
571 1559 668 1643 μόνον
697 1559 755 1626 καὶ
778 1561 816 1626 τὸ
839 1555 929 1626 ἔστιν
951 1557 1002 1626 άεῖ
1024 1558 1082 1626 καὶ
1105 1557 1248 1642 οὐδαμοῦ
1270 1558 1311 1622 τὸ

187 1663 305 1748 μέλλον
328 1659 413 1752 (ἔστι
435 1667 496 1753 γὰρ
512 1663 571 1732 καὶ
593 1665 679 1751 τότε)
704 1665 778 1734 οὐδὲ
800 1668 839 1733 τό
862 1665 1112 1755 παρεληλυθός·
1135 1663 1172 1732 ού
1195 1662 1309 1752 γάρτι

188 1769 254 1838 ἐκεῖ
276 1771 513 1860 παρελήλυθεν,
537 1761 613 1838 ἀλλ’
632 1771 797 1868 ἐνέστηκεν
812 1771 864 1840 άεῖ
887 1775 944 1840 άτε
966 1775 1008 1840 τὰ
1032 1771 1116 1838 αὐτὰ
1139 1767 1217 1838 όντα
1242 1759 1312 1836 οἷον

188 1875 368 1963 άγαπωντα
398 1873 498 1944 ἑαυτὰ
528 1879 630 1958 ούτως
653 1875 774 1962 ἑῇςοντα.
799 1877 938 1946 ἑκαστον
968 1878 1004 1944 δὲ
1027 1877 1133 1944 αὐτῶν
1156 1887 1229 1955 νοῦς
1251 1874 1308 1941 καὶ

187 1980 222 2050 όν
245 1980 332 2065 ἔστι,
365 1982 429 2050 καῖ
453 1985 491 2050 τὸ
515 1985 647 2068 σύμπαν
670 1996 739 2064 πᾶς
762 1995 835 2063 νοῦς
856 1983 914 2051 καὶ
938 1995 1007 2050 πᾶν
1029 1981 1079 2064 όν,
1115 1983 1132 2050 ό
1154 1981 1214 2066 μὲν
1236 1992 1311 2059 νοῦς

187 2092 272 2156 κατὰ
295 2091 333 2156 τὸ
355 2093 439 2156 νοεῖν
461 2091 603 2179 ὑφιστὰς
625 2092 664 2158 τὸ
686 2087 736 2172 όν,
772 2093 810 2158 τὸ
833 2090 870 2157 δὲ
892 2091 928 2157 δν
951 2091 1000 2177 τηῖ
1022 2093 1173 2156 νοεῖσθαι
1195 2087 1243 2175 τῷ
1264 2087 1311 2174 νηῖ

188 2196 278 2262 διδόν
300 2198 338 2262 τὸ
361 2200 444 2262 νοεῖν
466 2195 525 2263 καὶ
547 2189 707 2264 τὸεῖναι·
730 2209 789 2265 τοῦ
810 2197 847 2264 δὲ
869 2201 953 2263 νοεῖν
975 2191 1084 2263 αῖτιον
1106 2193 1196 2276 άλλο,
1219 2191 1311 2260 ὃκαὶ

188 2299 235 2390 τηῖ
268 2299 346 2368 όντι.
386 2300 581 2392 ἀμφοτέρων
610 2299 664 2370 οὖν
693 2306 762 2388 άμα
793 2301 900 2370 αἴτιον
930 2303 1025 2370 άλλο·
1061 2305 1130 2387 ἅμα
1158 2300 1218 2386 μὲν
1248 2301 1311 2387 γάρ

189 2407 294 2476 ἐκεῖνα
317 2407 375 2476 καὶ
398 2410 596 2498 συνυπάρχει
618 2407 676 2476 καὶ
699 2407 756 2476 ούκ
779 2407 956 2477 ἀπολείπει
980 2409 1114 2498 άλληλα,
1145 2407 1229 2474 άλλά
1253 2407 1312 2474 δύο

188 2511 266 2582 όντα
288 2525 384 2582 τοῦτο
405 2517 444 2582 τὸ
467 2511 501 2582 ἓν
524 2517 606 2600 ὁμοῦ
628 2527 700 2595 νοῦς
722 2515 780 2584 καὶ
802 2517 838 2584 ὃν
860 2515 918 2584 καὶ
938 2527 1029 2584 νοοῦν
1052 2515 1110 2582 καὶ
1133 2516 1311 2598 νοούμενον,

188 2621 206 2688 ὁ
228 2620 287 2705 μὲν
308 2633 382 2699 νοῦς
403 2623 490 2688 κατά
512 2625 550 2688 τὸ
573 2626 665 2704 νοεῖν,
689 2625 728 2689 τὸ
751 2622 788 2689 δὲ
809 2623 846 2689 δν
867 2624 954 2689 κατά
976 2623 1152 2706 νοούμενον.
1188 2620 1226 2688 οὐ
1248 2621 1309 2706 γάρ

189 2726 228 2792 ἂν
251 2726 375 2813 γένοιτο
398 2728 436 2793 τὸ
460 2731 542 2794 νοεῖν
568 2723 755 2816 ἑτερότητος
777 2730 821 2817 μὴ
838 2726 934 2817 α’ύσης
956 2727 1013 2794 καῖ
1035 2727 1234 2816 ταυτότητος
1257 2726 1309 2793 δέ·

189 2830 311 2919 γίνεται
341 2829 394 2900 σύν
424 2835 466 2899 τά
489 2845 607 2920 πρῶτα
630 2844 711 2918 νοῦς,
742 2831 786 2916 όν,
812 2831 967 2923 ἑτερότης,
991 2834 1165 2924 ταυτότης·
1200 2833 1309 2900 δεῖδὲ
1335 2850 1445 2904 principi·

189 2937 247 3006 καὶ
275 2937 399 3028 κίνησιν
428 2940 541 3025 λαβεῖν
568 2939 627 3007 καὶ
656 2939 798 3007 στάσινᾱ.
833 2940 891 3006 καὶ
921 2939 1045 3030 κίνησιν
1073 2939 1148 3024 μέν,
1184 2937 1213 3006 εὶ
1236 2943 1310 3020 νοεῖ,

190 3045 305 3112 στάσιν
327 3044 372 3127 δέ,
406 3046 461 3112 ῖνα
484 3047 523 3114 τὸ
546 3046 634 3128 αύτό,
669 3049 726 3136 τὴν
753 3046 790 3114 δὲ
813 3043 996 3136 ἑτερότητα,
1029 3031 1117 3136 {Vp}
1140 3057 1231 3112 νοοῦν
1253 3046 1311 3112 καὶ

189 3153 366 3236 νοούμενον.
400 3153 420 3240 ἢ
450 3151 505 3218 ἐὰν
534 3151 657 3242 άφέλης
686 3154 744 3241 τὴν
767 3151 955 3242 ἑτερότητα,
985 3149 1020 3219 ἓν
1043 3153 1208 3238 γενόμενον
1231 3175 1310 3218 σιω-

191 3258 342 3347 πήσεται.
390 3259 440 3325 δεῖ
468 3258 505 3325 δὲ
537 3259 594 3326 καὶ
622 3264 694 3338 τοῖς
716 3265 883 3349 νοηθεῖσιν
906 3257 1055 3349 ἑτέροις1
1079 3261 1163 3347 πρὸς
1187 3259 1311 3348 άλληλα

191 3355 290 3431 εῖναι·
325 3363 443 3431 ταύτὸν
466 3363 510 3446 δέ,
535 3364 609 3432 ἐπεὶ
632 3361 666 3433 ἑν
689 3363 804 3455 ἑαυτῷ,
828 3365 885 3432 καὶ
908 3368 1014 3433 κοινὸν
1038 3365 1074 3432 δέ
1096 3390 1128 3431 τι
1152 3363 1184 3431 ἕν
1207 3377 1311 3431 πᾶσι·

190 3469 248 3537 καὶ
271 3475 291 3561 η
315 3472 462 3560 διαφορὰ
485 3469 643 3560 ἑτερότης.
674 3484 778 3538 ταῦτα
803 3469 839 3538 δὲ
861 3469 967 3539 πλείω
995 3472 1144 3559 γενόμενα
1168 3468 1312 3558 άριθμδν

190 3577 248 3644 καὶ
277 3579 316 3644 τὸ
346 3579 451 3644 ποσὸν
479 3582 587 3644 ποιεῖ·
625 3577 683 3644 καὶ
712 3581 751 3646 τὸ
780 3580 878 3646 ποιὸν
908 3578 945 3646 δὲ
974 3581 993 3667 ἡ
1024 3575 1161 3645 ἑκάστου
1191 3578 1313 3646 τούτων

191 3680 323 3773 ἰδιότης,
346 3683 382 3763 ἐξ
405 3679 449 3750 ὧν
472 3685 517 3763 ὡς
539 3684 645 3772 ἀρχῶν
667 3682 772 3750 τᾶλλα
780 3697 801 3750 ⁰.

262 3839 290 3880 a.
311 3824 349 3881 cf.
367 3825 437 3879 Plat.
457 3824 556 3895 Cratyl.
576 3827 628 3881 396
638 3826 669 3880 Β.

262 3931 293 3987 1).
312 3932 449 4002 Inquirere
468 3933 576 4000 (ζητεῖν)
599 3931 768 4003 imperfectae
791 3933 888 3987 mentis
907 3935 962 4000 est,
987 3949 1039 3986 non
1062 3931 1146 4002 igitur
1163 3931 1311 3986 intellectui
1338 3931 1448 3984 mimia

190 4019 240 4074 hoe
263 4021 474 4076 attribuendum.
510 4019 607 4075 Anima
629 4021 795 4075 intellectum
827 4039 879 4075 non
902 4021 984 4074 habet
1008 4021 1060 4074 nisi
1085 4021 1246 4090 cogitantem
1269 4019 1311 4074 vel

192 4109 401 4164 oonsiderantnm
419 4111 496 4178 (νοῦν
513 4111 715 4184 λυγιζόμενον);
740 4109 808 4164 Enn.
827 4110 851 4160 V
870 4111 894 4176 1,
915 4110 950 4164 10
967 4120 1031 4171 νοῦς
1051 4109 1082 4164 δὲ
1102 4112 1117 4163 ὁ
1135 4111 1188 4183 μὲν
1206 4111 1311 4180 λογιζό-

190 4217 288 4272 μενος,
314 4199 380 4252 δδὲ
398 4201 558 4270 λογίζεσθαι
577 4203 716 4272 παρέχων·
746 4201 777 4252 τὸ
797 4199 831 4266 δὴ
849 4200 1028 4270 λογιζόμενον
1047 4209 1129 4252 τοῦτο
1148 4207 1194 4268 τῆς
1213 4207 1310 4270 ψυχῆς.

191 4285 229 4340 Ib.
253 4287 282 4341 11
302 4292 349 4341 καὶ
368 4292 392 4340 εἰ
411 4288 526 4360 ὁτὲμὲν
544 4289 679 4357 λογίζεται
697 4291 760 4359 περὶ
779 4289 884 4340 τούτων
904 4287 993 4357 ψυχή,
1020 4287 1064 4340 ύτὲ
1084 4287 1115 4342 δὲ
1133 4290 1185 4361 μή,
1212 4287 1257 4342 δεῖ
1273 4289 1313 4360 μὴ

264 4447 291 4510 1)
309 4447 411 4518 ἑτέροις
429 4445 505 4500 libri:
525 4447 668 4520 ἑτερότητα
686 4447 790 4500 mavult
807 4445 937 4514 Vitringa.
