3148 4984
309 318 364 378 512
595 321 725 374 Platonici
743 324 771 374 et
788 321 958 402 Pythagorici
976 322 1140 376 recentiores.

311 480 377 534 tiam
391 480 447 534 eius
460 497 492 534 ex
505 481 591 550 prisca
604 479 802 550 Aegyptiorum,
816 481 963 549 Magorum,
982 480 1146 547 Iudaeorum,
1164 480 1289 534 Indorum
1303 480 1432 551 sapientia

310 572 435 639 repetere,
460 587 538 640 quam
562 587 609 640 per
627 569 805 638 Pythagoram
829 570 857 624 in
876 568 1012 625 Graeciam
1037 570 1195 624 translatam
1219 587 1276 624 esse
1295 570 1430 624 censebat:

310 657 405 722 Euseb.
424 658 467 712 Pr.
486 658 532 712 Er.
551 659 590 712 IX
610 659 634 712 l.
671 659 771 714 Mosam
796 675 876 729 supra
900 661 1001 714 ceteros
1019 658 1136 714 Orientis
1156 659 1288 728 sapientes
1306 661 1431 727 vatesque

310 747 450 802 eminuisse
468 747 761 817 conplebantur.
781 777 814 786 -
833 747 916 802 Aetas
934 747 1058 802 Numenii
1071 748 1172 802 incerta
1185 750 1235 802 est.
1272 747 1431 800 Nominatur

310 836 424 906 primum
442 852 458 890 a
476 835 611 890 Clemente
629 835 805 890 Alexandrino
823 836 842 890 l.
861 837 888 903 1.,
917 836 1011 890 deinde
1029 836 1062 890 ab
1081 834 1193 904 Origene
1211 853 1233 889 c.
1253 835 1321 890 Cels.
1340 835 1378 888 IV
1396 835 1429 889 51

309 943 335 995 p.
356 927 408 980 198
427 926 480 995 ἐγὼ
499 922 529 978 δ’
549 926 614 979 οἶδα
638 930 685 980 καί
704 928 866 998 Νουμήνιον
890 955 924 964 -
951 929 1095 996 πολλαχοῦ
1120 936 1174 978 τῶν
1201 928 1431 998 συγγραμμάτων

311 1017 396 1068 αὐτοῦ
420 1015 596 1087 ἰατιδέμενον
620 1016 654 1068 τὰ
673 1018 817 1076 Μωυσέως
839 1019 959 1070 καὶτῶν
978 1025 1128 1084 προφητῶν
1152 1019 1199 1068 καὶ
1218 1016 1267 1068 οὐκ
1286 1015 1431 1072 ἀπιθάνως

311 1105 381 1158 αὐτὰ
406 1107 638 1176 τροπολογοῡντα.
667 1132 700 1140 -
730 1104 760 1158 ίν
779 1103 810 1158 δὲ
829 1107 867 1172 τῷ
885 1108 967 1175 τρίτῳ
987 1108 1055 1174 Περὶ
1075 1105 1204 1172 τάγαθοῦ
1225 1102 1266 1168 (fr.
1286 1101 1321 1154 24
1339 1099 1431 1165 Thed)

310 1194 447 1248 ἐκτίθεται
464 1197 511 1246 καί
530 1195 593 1262 περὶ
612 1202 662 1246 τοῦ
677 1187 767 1258 Ἰησοῦ
785 1195 912 1263 ἱστορίαν
931 1193 992 1246 τινὰ
1012 1195 1044 1244 τὸ
1061 1195 1152 1264 ὄνομα
1172 1193 1259 1244 αὐτοῦ
1280 1194 1367 1260 λέγων
1384 1191 1431 1242 καὶ

310 1285 475 1354 τροποίογεῑ
492 1283 585 1347 αὐτήν.
622 1279 646 1334 Α
664 1279 775 1334 Proculo
794 1279 821 1332 in
840 1279 906 1333 Tim.
925 1279 953 1332 H
970 1297 996 1349 p.
1016 1281 1050 1334 93
1074 1296 1133 1334 cum
1150 1278 1281 1332 Numenio
1304 1278 1356 1331 duo
1374 1277 1431 1330 Pla·

310 1370 391 1424 tonici
408 1370 592 1436 nominantur,
611 1369 718 1422 Atticus
737 1371 765 1421 et
782 1367 972 1438 Harpocratio‚
991 1385 1102 1438 quorum
1120 1367 1180 1434 ille,
1200 1367 1245 1437 qui
1263 1367 1371 1436 scripsit
1388 1365 1431 1418 ad·

309 1475 400 1512 versus
417 1457 597 1524 Aristotelem,
617 1458 666 1512 sub
685 1457 773 1512 Marco
791 1456 898 1512 Aurelio
917 1457 1016 1524 floruit,
1035 1475 1057 1510 v.
1076 1456 1170 1510 Euseb.
1186 1456 1229 1510 Pr.
1243 1455 1290 1508 Ev.
1308 1454 1430 1523 XV4sq.

309 1548 334 1600 A
351 1547 496 1616 Porphyrio
515 1547 547 1600 de
564 1546 643 1600 Antr.
662 1545 776 1616 Nymph.
796 1547 829 1600 21
849 1545 996 1600 Numenius
1015 1562 1073 1600 cum
1092 1544 1186 1600 Crouio
1204 1543 1362 1609 nominatur¹
1386 1542 1431 1612 qui

309 1635 417 1690 Homeri
441 1635 557 1688 carmina
580 1635 718 1703 allegorice
741 1635 934 1704 interpretatus
958 1637 1008 1688 est.
1049 1634 1154 1704 Scripta
1177 1633 1302 1687 Numenii
1325 1631 1431 1702 plurimi

310 1723 380 1795 apud
406 1723 608 1793 Neoplatonieos
636 1723 858 1790 aestimabantur,
874 1713 876 1718 ¹
891 1740 915 1778 v.
943 1723 1070 1793 Porphyr.
1099 1724 1154 1777 vit.
1182 1723 1251 1776 Plot.
1279 1722 1297 1775 3
1325 1737 1350 1790 p.
1379 1719 1431 1774 104

309 1813 458 1879 λίσσονται,
478 1812 523 1866 ubi
541 1811 667 1878 Amulius,
682 1812 780 1866 Plotini
800 1812 954 1882 discipulus,
973 1812 1131 1866 omniafere
1150 1811 1274 1866 Numenii
1292 1811 1431 1879 praecepta

311 1901 446 1956 edidicisse
464 1901 625 1972 perhibetur.
662 1899 731 1966 Quid
757 1901 826 1970 quod
851 1901 1013 1956 exstiterrmt
1034 1901 1081 1971 qui
1098 1901 1233 1954 Plotinum
1250 1897 1375 1952 Numenii
1393 1897 1431 1950 in·

310 1994 388 2044 venta
407 1990 457 2043 sibi
475 2006 610 2058 arrogasse
628 1989 837 2056 criminarentur,
857 1990 983 2044 adversus
1006 2007 1071 2060 quos
1090 1989 1158 2044 idem
1176 1987 1294 2042 Amelius
1312 1985 1431 2040 ediderat

310 2079 406 2132 librum
431 2084 492 2151 περὶ
518 2089 563 2146 τῆς
580 2079 651 2132 κατὰ
671 2080 704 2132 τὰ
724 2079 855 2152 δόγματα
881 2089 931 2134 τοῦ
951 2083 1095 2134 Πλωτίνου
1114 2081 1184 2150 πρὸς
1202 2079 1251 2130 τὸν
1269 2077 1431 2147 Νουμήνιον

311 2168 449 2240 διαηορας
472 2167 643 2237 inscriptum,
670 2184 694 2220 r.
713 2167 748 2219 ib.
769 2168 802 2220 17
815 2183 853 2238 sq.
873 2185 899 2237 p.
922 2167 1024 2221 lllW.
1061 2167 1100 2220 Er
1127 2167 1194 2220 libro
1219 2170 1281 2237 περὶ
1306 2173 1352 2232 τῆς
1378 2173 1431 2216 τῶν

307 2251 520 2328 Ἀκαδημαϊκῶν
539 2258 607 2329 πρὸς
626 2259 764 2309 Πλάτωνα
784 2256 956 2318 διαστάσεως
975 2257 1041 2309 satis
1061 2273 1157 2324 magna
1174 2255 1322 2323 fragmenta
1341 2268 1430 2321 super-

311 2347 376 2396 sunt
393 2361 434 2414 ap.
453 2344 550 2396 Eusab.
570 2343 613 2397 Pr.
632 2342 678 2396 Ev.
697 2343 760 2396 XIV
779 2343 850 2398 5-9
875 2344 917 2410 (fr.
938 2345 1007 2398 1-8
1026 2343 1099 2410 Th.);
1127 2343 1253 2396 nonnulla
1279 2357 1382 2412 quoquo
1400 2356 1431 2394 er

311 2431 378 2486 libro
398 2438 460 2504 περὶ
480 2435 609 2501 τάγαθοῦ
627 2431 668 2498 (fr.
689 2432 778 2486 9—40
796 2431 856 2498 Th.)
875 2432 910 2486 ib.
930 2433 969 2486 XI
988 2433 1031 2486 10.
1051 2433 1100 2498 223
1119 2431 1167 2485 XV
1187 2431 1235 2498 17,
1262 2431 1308 2501 qui
1326 2430 1432 2484 videtur

310 2521 391 2574 fuisse
410 2521 529 2588 dialogus
557 2520 599 2587 (cf.
619 2519 700 2574 Thed.
720 2538 746 2590 p.
767 2521 807 2588 7),
836 2521 953 2591 iemque
981 2538 1012 2574 ex
1039 2521 1106 2574 libro
1135 2523 1168 2576 τὰ
1197 2522 1272 2596 παρὰ
1301 2523 1431 2574 Πλάτωνι
1488 2560 1494 2571 .

311 2611 453 2684 ἀπόρρητα
471 2609 536 2663 XIII
554 2610 571 2662 5
590 2609 631 2675 (fr.
651 2609 704 2674 41).

129 2841 283 2906 contemtio
377 2823 555 2888 Numenius
580 2841 628 2906 ap.
652 2824 766 2886 Euseb.
789 2822 841 2886 Pr.
863 2821 920 2888 Er.
939 2821 986 2886 XI
1010 2831 1061 2900 22,
1087 2831 1102 2886 1
1129 2821 1178 2906 (fr.
1197 2831 1237 2888 10
1252 2821 1332 2904 Th.).
1383 2820 1431 2884 Τὰ
1440 2840 1476 2881 ωε

126 2905 216 2936 ’Μ
231 2895 267 2936 ⁶⁰²
311 2927 372 3010 μὲν
405 2926 460 2994 οὖν
494 2929 633 3012 σώματα
664 2928 775 3012 λαβεῖν
809 2929 885 3014 ἡμῖν
920 2924 1025 3006 ἔξεστι
1055 2926 1301 3016 σημαινομένοις
1330 2922 1367 2991 έκ
1396 2949 1431 2990 τε

311 3031 431 3118 ὁμοίων
453 3033 522 3100 ἀπό
544 3059 580 3100 τε
601 3047 666 3099 τῶν
689 3033 721 3100 ἐν
744 3039 815 3112 τοῖς
830 3033 1083 3122 παρακειμένοις
1099 3033 1329 3122 γνωρισμάτων
1345 3031 1430 3098 ἐνόν·

310 3161 390 3206 των·
429 3141 576 3226 τάγαθὸν
608 3138 643 3206 δὲ
677 3139 801 3218 οὐδενὸς
842 3139 879 3206 ἐκ
914 3138 1155 3227 παρακειμένου
1190 3128 1261 3205 οὐδ’
1287 3136 1328 3204 αὖ
1362 3139 1430 3206 ἀπὸ

311 3245 423 3330 ὁμοίου
447 3244 611 3334 αἰσθητοῦ
634 3245 703 3312 ἐστι
726 3247 838 3330 λαβεῖν
859 3248 984 3334 μηχανή
1006 3271 1058 3324 τις
1080 3243 1241 3329 ottoniae,
1273 3245 1357 3312 ἀλλὰ
1379 3248 1430 3312 δε-

310 3354 389 3442 ήσει,
414 3345 482 3420 οἷον
496 3350 530 3419 εί
542 3377 593 3430 τις
616 3351 674 3418 ε’πί
696 3351 809 3441 σκοπῇ
825 3355 1010 3440 καθήμενος
1033 3364 1109 3418 ναῦν
1132 3353 1254 3419 ἁλιάδα
1276 3351 1430 3440 βραχεῖάν

310 3484 383 3526 τινα
411 3461 533 3526 τούτων
555 3473 620 3524 τῶν
643 3457 851 3546 ἑπακτρίδων
873 3473 938 3524 τῶν
960 3459 1082 3542 μόνων,
1105 3456 1194 3542 μίαν,
1216 3459 1331 3546 μόνην,
1355 3456 1429 3547 έρη-

310 3591 386 3650 μον,
415 3563 628 3650 μετακυμίοις
658 3563 807 3654 ἐχομένην
836 3563 892 3644 ὀξὺ
922 3566 1082 3654 δεδορκὼς
1110 3566 1173 3653 μιᾷ
1195 3566 1280 3654 βολῇ
1302 3567 1432 3632 κατεῖδε

310 3673 368 3760 τὴν
389 3683 474 3749 ναῦν,
506 3674 589 3738 οὕτω
613 3673 652 3761 δή
675 3697 749 3737 τινα
773 3671 966 3737 ἀπελθόντα
990 3673 1103 3761 πόρρω
1127 3671 1195 3738 ἀπὸ
1218 3686 1283 3737 τῶν
1306 3669 1429 3761 αἰσθη-

310 3793 374 3844 τῶν
397 3779 552 3868 ὁμιλῆσαι
572 3777 619 3866 τῴ
643 3777 763 3864 ἀγαθῷ
778 3778 865 3866 μόνη)
888 3780 993 3862 μόνον,
1017 3775 1100 3844 ἔνθα
1123 3780 1203 3868 μήτε
1224 3804 1275 3856 τις
1299 3778 1429 3868 ἀνδρω-

310 3910 375 3963 πος
404 3886 485 3974 μήτε
515 3911 548 3951 τι
580 3885 663 3972 ζῷον
692 3881 814 3972 ίτερον,
849 3885 932 3973 μηδὲ
954 3899 1049 3968 σῶμα
1072 3883 1155 3970 μέγα
1178 3883 1261 3974 μηδὲ
1284 3885 1427 3972 σμικρόν,

310 3991 395 4056 ἀλλά
417 4017 467 4070 τις
490 3991 618 4080 ἀφατος
647 3989 704 4057 καί
736 3991 909 4080 ἀδιήγητος
931 3991 1068 4073 ἀτεχνῶς
1092 3989 1209 4080 ἐρημία
1232 3991 1427 4070 θεσπέσιος·

310 4095 394 4164 ἔνθα
417 4109 475 4164 τοῦ
496 4098 627 4184 ἀγαθοῦ
649 4095 717 4188 ἤδη
741 4095 911 4185 διατριβαί
932 4097 1046 4164 τεκαὶ
1070 4095 1213 4184 ἀγλαΐαι,
1238 4096 1318 4164 αὐτὸ
1342 4097 1379 4164 δὲ
1397 4097 1429 4163 ἐν

311 4201 426 4293 εἰρήνη,
450 4204 483 4270 ἐν
506 4201 648 4292 εὐμενείᾳ
672 4205 709 4270 τὸ
733 4201 858 4292 ἤρεμον,
887 4206 925 4270 τὸ
949 4203 1143 4293 ἡγεμονικόν,
1174 4205 1269 4270 ἵλεων
1293 4203 1428 4287 ἐποχού-

309 4333 403 4393 μενοι
426 4309 484 4376 ὲπί
507 4312 549 4400 τῇ
572 4307 695 4399 adripi.
742 4320 771 4376 2.
795 4307 824 4376 εἰ
847 4309 884 4375 δέ
905 4335 957 4390 τις
980 4313 1064 4396 πρὸς
1087 4315 1156 4390 τοῖς
1180 4307 1357 4399 αἰσθητοῖς
1380 4311 1428 4376 λι·

312 4429 430 4504 παρών
452 4419 490 4483 τὸ
513 4418 641 4502 ἀγαθὸν
663 4416 887 4506 ἐφιπτάμενον
909 4418 1109 4506 φαντάζεται
1133 4417 1278 4484 κάπειτα
1301 4431 1429 4506 τροφῶν
