3150 4996
186 2694 292 2746 perfectio

317 308 354 370 oo
796 305 963 376 Pythagorei.

390 471 420 526 b.
449 471 579 537 Frequens
598 470 654 522 eius
673 472 714 521 est
733 468 802 536 apud
818 467 973 520 recentiores
984 463 1324 533 (postPlatonistempora)
1336 463 1444 516 mentio.

318 561 395 628 Diog,
406 559 474 612 VIII
484 560 526 612 25.
561 560 628 626 φησι
648 553 674 608 δ’
692 551 707 607 ὁ
726 552 901 624 Ἀλέξανδρος
922 554 1092 622 (Polyhistor‚
1114 569 1179 608 saec.
1202 553 1259 607 Iu.
1280 553 1321 619 C.)
1341 548 1371 602 ἐν
1385 559 1447 610 ταῖς

319 653 372 699 τῶν
396 644 559 715 φιλοσόφων
583 645 730 714 διαδοχαῖς
757 648 800 695 καὶ
826 647 913 696 ταῦτα
940 639 1080 709 εὑρηκέναι
1105 639 1135 690 ἐν
1155 643 1355 708 Πυθαγορικοῖς
1374 639 1446 691 ὑπο-

318 735 472 806 μνήμασιν·
493 731 583 804 άρχὴν
602 736 655 803 μὲν
674 729 806 786 ἁπάντων
829 730 961 803 μονάδα·
982 731 1011 782 ἐν.
1035 729 1068 783 δὲ
1092 735 1138 793 τῆς
1164 728 1289 798 μονάδος
1313 726 1446 795 άόριστον

318 823 412 878 δυάδα
431 822 467 884 ὠς
486 823 521 875 ἄν
540 820 605 885 ἱῖλην
624 829 657 892 τῇ
676 821 780 893 μονάδι
799 826 877 892 αι’τίῳ
897 820 953 873 ὄντι
973 821 1136 884 ὑποστῆναι·
1157 817 1187 871 ἐκ
1205 819 1237 870 δὲ
1252 824 1302 882 τῆς
1315 815 1446 888 μονάδος

318 919 362 966 καὶ
382 920 428 977 τῆς
447 910 575 982 ιῖορίστου
595 910 700 970 δυάδος
719 911 780 970 τους
800 907 950 979 α’ριθμοάς,
970 909 1000 960 ἐκ
1019 908 1051 961 δὲ
1066 913 1121 960 τιῦν
1135 907 1266 978 ἀριθμῶν
1284 908 1317 960 τά
1335 916 1446 978 σημεῖα,

318 1004 348 1054 ἐκ
367 1003 399 1056 δὲ
419 1001 527 1054 τούτων
546 1000 594 1060 τάς
613 999 759 1070 γραμμάς,
780 998 809 1060 ἐξ
828 989 867 1051 ὧν
886 998 917 1052 τά
937 997 1056 1050 ἐπίπεδα
1076 985 1204 1065 σχήματά
1224 1001 1272 1054 cet.
1301 998 1373 1052 Plau.
1389 999 1403 1051 I
1419 999 1445 1051 7.

317 1095 382 1147 Dox.
401 1094 462 1146 302.
501 1089 667 1158 Πυθαγόρας
686 1095 744 1142 ταῖν
763 1085 861 1157 άρχαῖν
881 1087 929 1149 τὴν
947 1086 1060 1157 μονάδα
1080 1085 1146 1137 θεὸν
1165 1089 1209 1136 καὶ
1228 1083 1362 1153 τάγαδάν,
1386 1083 1448 1148 ἥτις

318 1177 394 1233 ἐστὶν
415 1177 428 1244 ἡ
447 1183 497 1232 τοῦ
516 1175 576 1238 ἑνδς
595 1179 688 1247 φάσις,
708 1177 792 1238 αιῖτδς
812 1177 827 1229 ὁ
846 1180 929 1236 roric·
951 1176 999 1238 1sz
1019 1174 1051 1225 δ’
1064 1175 1192 1244 α’άριστον
1212 1173 1303 1226 δυάδα
1323 1175 1448 1244 δαίμονα

318 1273 364 1322 καὶ
383 1269 414 1320 τδ
434 1270 525 1331 κακόν,
545 1271 606 1334 περὶ
626 1267 657 1331 ἥν
677 1265 732 1320 ἐστι
752 1267 783 1318 τδ
804 1265 894 1318 ὑλικόν
912 1265 1028 1330 πλῆθος.
1064 1266 1137 1320 Plao.
1157 1265 1215 1318 13.
1244 1267 1307 1319 Dor.
1328 1266 1400 1320 281³
1419 1265 1446 1329 2,

319 1359 438 1428 deinceps
458 1362 481 1414 6.
522 1363 627 1426 Πυθαγ.
646 1357 739 1426 α’ρχάς
757 1355 820 1415 rode
840 1349 974 1426 u'pu‘iprodg
997 1384 1030 1392 -
1051 1354 1133 1406 πάλιν
1153 1353 1185 1405 δὲ
1204 1351 1253 1416 τήν
1271 1352 1382 1422 μονάδα
1402 1355 1449 1402 καὶ

319 1445 368 1511 τήν
381 1444 510 1514 άόριστον
525 1446 616 1499 δυάδα
636 1444 666 1498 ἐν
685 1455 742 1505 ταῖς
762 1442 882 1514 άρχαῐς·
903 1443 1018 1496 σπειῗδει
1038 1443 1069 1496 δὲ
1089 1441 1161 1513 stirp
1180 1445 1236 1494 τῶν
1255 1439 1349 1510 α’ρχιιῖν
1366 1436 1448 1512 ἡμὲν

320 1534 365 1588 ἐπὶ
384 1535 415 1588 re*
434 1536 572 1599 ποιητικόν
592 1539 678 1588 αἴτιον
702 1539 747 1586 καὶ
772 1534 884 1597 εἰδικόν,
911 1530 977 1601 ὅπερ
1004 1531 1059 1585 ἐστὶ
1084 1537 1149 1590 νοῦς
1168 1527 1182 1582 ὁ
1202 1527 1280 1595 θεός,
1310 1531 1375 1594 ἡδὲ
1400 1532 1449 1583 ἐπὶ

319 1622 351 1676 ro*
369 1619 522 1688 παθητικόν
541 1641 571 1676 τε
589 1627 634 1675 καὶ
654 1617 755 1687 ὑλικόν,
774 1619 841 1690 ὅπερ
862 1621 935 1674 ἐστὶν
954 1623 968 1672 ό
987 1620 1086 1687 ὁρατδς
1106 1623 1214 1692 κόσμος.

391 1748 418 1788 o.
446 1733 522 1786 Patri
551 1736 578 1785 et
606 1732 686 1785 matri
715 1732 820 1799 saepius
849 1734 1044 1798 comparantur.
1083 1730 1121 1784 Ut
1146 1728 1250 1798 Hippol.
1276 1727 1365 1780 Refert.
1386 1728 1447 1782 12.

319 1825 382 1877 Dox.
398 1823 459 1884 556,
478 1823 503 1876 8.
530 1816 652 1889 άριθμδς
671 1819 771 1887 γέγονε
790 1823 902 1886 πρῶτος
919 1816 996 1885 α’ρχή,
1017 1815 1086 1884 ὅπερ
1107 1815 1181 1869 ἐστὶν
1200 1816 1329 1884 άόριστον
1348 1813 1450 1868 άκατά-

320 1907 523 1978 ληπτον,,ἓχων
544 1906 573 1959 ἐν
593 1907 679 1978 ἑαυτῷ
697 1906 803 1966 πάντας
817 1903 880 1965 τούς
896 1905 937 1958 ἐπ’
947 1905 1061 1974 ἄπειρον
1080 1905 1252 1975 δυναμένους
1271 1906 1363 1958 ἐλθεῖν
1387 1904 1449 1974 άρι-

320 1997 413 2069 θμοδς
431 1997 500 2049 κατά
519 1996 550 2050 τὸ
569 1998 679 2061 πλῆθος.
702 2001 759 2049 ταῖν
778 1996 810 2049 δὲ
830 1994 961 2066 άριθμνῖν
974 1992 1048 2065 άρχή
1067 1997 1167 2065 γέγονε
1187 1992 1251 2046 καθ’
1260 1990 1413 2048 ὑπόστασιν
1432 1991 1449 2059 ἡ

320 2086 413 2156 πρώτη
437 2081 540 2157 μονάς,
566 2083 626 2150 ἥτις
651 2085 708 2138 ἐστὶ
732 2084 818 2156 μονάς
842 2083 929 2154 άρσην
948 2090 1078 2152 γεννυῖσα
1097 2089 1235 2153 πατρικῶς
1259 2080 1363 2143 πάντας
1383 2083 1450 2144 τους

318 2173 414 2236 citrove
433 2173 578 2246 άριθμοάς.
617 2173 749 2244 δεύτερον
770 2175 784 2239 ἡ
803 2173 874 2233 δυάς
893 2177 934 2238 δῇ
936 2174 982 2232 λος
1001 2166 1122 2244 άριδμός
1142 2177 1191 2227 oet.

392 2286 421 2342 d.
450 2286 505 2338 Hoc
524 2285 576 2337 fere
601 2283 679 2338 dicit:
708 2282 838 2347 „difficile
867 2299 922 2336 esse
951 2284 1072 2336 constare
1097 2282 1154 2334 sine
1182 2280 1230 2333 illa
1258 2281 1374 2334 universi
1401 2298 1451 2335 na-

320 2381 422 2438 turarn,
449 2376 528 2427 immo
554 2389 656 2427 necesse
684 2389 765 2440 aequo
785 2371 837 2425 fere
856 2371 911 2424 iure
935 2387 989 2424 esse
1015 2371 1128 2424 alterum
1154 2370 1232 2423 alteri
1256 2369 1384 2438 principio
1404 2387 1451 2439 op·

321 2464 463 2533 positum.“

387 2660 484 2723 Arist.
513 2659 590 2722 Met.
614 2656 678 2720 XII
710 2666 737 2720 7.
765 2663 878 2720 1072ἃ
902 2662 953 2719 28.
1001 2659 1110 2738 Φαμὲν
1144 2657 1177 2720 δὲ
1200 2653 1253 2719 τὸν
1276 2651 1350 2720 θεὸν
1373 2655 1450 2722 εἶναι
1471 2690 1499 2731 61

321 2767 397 2855 ζῴον
432 2761 530 2831 δι’·διον
566 2762 701 2848 ἄριστον,
739 2760 816 2827 ὥστε
849 2761 909 2846 ζωὴ
937 2767 985 2825 καὶ
1017 2762 1092 2826 atriu
1122 2757 1251 2846 συνεχὴς
1280 2769 1327 2828 καὶ
1350 2760 1451 2841 ἀΐδιος

319 2866 445 2957 ὑπάρχει
469 2874 513 2959 τῷ
536 2871 604 2959 θεῷ
618 2891 624 2904 ·
650 2870 743 2934 τοῦτο
768 2863 825 2955 γάρ
850 2863 865 2934 d
890 2865 975 2942 θεός.
1013 2867 1079 2933 ὅσοι
1104 2871 1137 2932 δὲ
1167 2862 1448 2952 ὖτιολαμβάνουοιν,

321 2972 421 3060 ὥσπερ
453 2979 480 3042 οἳ
502 2975 714 3062 Πυθαγόρειοι
744 2982 792 3041 καὶ
815 2973 1022 3054 Σπεύσιππος,
1053 2971 1088 3040 τὸ
1117 2970 1276 3040 κάλλιστον
1305 2981 1353 3040 καὶ
1382 2974 1450 3062 dpe-

323 3111 397 3150 στον
425 3083 468 3168 μὴ
504 3087 535 3148 ἐν
570 3079 652 3171 ἀρχῇ
689 3081 777 3164 εἶναι,
817 3077 867 3147 διά
903 3077 938 3147 τὸ
975 3087 1023 3148 καὶ
1059 3088 1124 3147 τῶν
1161 3083 1269 3168 (ponda
1303 3088 1351 3146 καὶ
1386 3084 1450 3148 τῶν

323 3185 409 3280 ζῴων
433 3187 488 3267 τάς
511 3185 608 3276 ἀρχάς
638 3192 720 3254 αἴτια
748 3193 805 3272 μὲν
836 3187 925 3269 εἶναι,
956 3183 991 3253 τὸ
1022 3191 1055 3255 δὲ
1084 3187 1175 3254 καλὸν
1204 3195 1253 3252 καὶ
1282 3191 1394 3256 reddor
1418 3193 1451 3254 ἐν

322 3310 386 3376 τοῖς
405 3297 439 3379 Ιἐκ
463 3296 592 3378 τούτων,
618 3293 672 3361 οὒκ
696 3293 801 3378 ὀρθῶς
825 3298 950 3361 οἴονται.
981 3293 1016 3360 τὸ
1047 3295 1105 3381 γὰρ
1131 3297 1249 3378 σπέρμα
1280 3299 1311 3372 ἐξ
1341 3295 1452 3381 ἑτέρων

322 3405 383 3470 ἐστὶ
406 3404 561 3490 προτέρων
585 3407 716 3484 τελείων,
747 3397 853 3468 καὶτὸ
878 3401 1000 3487 πρῶτον
1032 3399 1067 3467 οὗ
1098 3403 1216 3488 σπέρμα
1245 3405 1336 3484 ἐστίν,
1373 3399 1452 3468 ἀλλὰ

322 3507 358 3576 rd
381 3512 503 3577 τέλειον.

395 3636 482 3688 Antea
501 3633 659 3687 Aristoteles
679 3632 712 3688 de
731 3632 773 3686 dei
792 3633 850 3686 vita
869 3635 979 3686 aeterna
997 3635 1024 3686 et
1042 3631 1157 3700 perfecta
1175 3630 1342 3686 disseruerat.
1380 3631 1452 3698 Qua·

322 3725 427 3792 propter
445 3723 549 3776 Rittero
577 3721 642 3776 haec
670 3737 772 3790 quoque
800 3721 834 3774 ad
862 3737 994 3774 summum
1019 3736 1115 3774 nurnen
1140 3719 1262 3773 referenti
1286 3720 1452 3789 Pythagorei

323 3809 481 3864 videbantur
496 3811 639 3864 statuisse:
660 3809 737 3863 deum
751 3811 859 3864 seminis
878 3811 966 3864 instar
984 3809 1013 3862 in
1032 3809 1097 3877 ipsis
1115 3825 1202 3862 rerum
1220 3809 1451 3864 vicissitudinibus

323 3901 408 3954 inesse
426 3901 454 3954 et
472 3916 531 3953 oum
549 3899 626 3954 rebus
647 3899 738 3968 augeri
757 3902 784 3952 et
802 3899 906 3968 perfici;
926 3916 950 3954 v.
961 3898 1041 3968 Pyth.
1051 3897 1122 3952 Phil.
1133 3899 1193 3952 150.
1231 3896 1326 3952 Geeoh.
1345 3899 1450 3956 Phiioe.

323 3989 410 4043 1399.
431 3987 507 4054 Quod
527 3989 560 4042 ab
579 3989 652 4042 ornni
671 3988 836 4056 antiquitate
855 3989 972 4041 alienum
992 4003 1046 4040 esse
1065 3987 1201 4040 contendit
1216 3987 1243 4039 Z.
1258 3985 1290 4040 1⁴
1308 3989 1369 4042 349.
1408 3987 1449 4042 df.

324 4078 449 4142 Krische,
468 4077 669 4145 Forschonpeu
688 4077 749 4131 250.
786 4077 891 4140 Bonitz‚
912 4093 1005 4131 comm.
1025 4075 1143 4144 Metaph.
1162 4093 1187 4144 p.
1208 4077 1268 4130 503.
1307 4076 1339 4129 In
1365 4077 1452 4130 medio

324 4166 524 4234 relinquendum
540 4181 593 4234 qua
606 4166 635 4218 in
648 4168 725 4234 parte
739 4164 873 4218 doctrinae
883 4164 1068 4234 Pythagoreae
1083 4163 1150 4218 illud
1165 4164 1234 4233 quod
1248 4164 1279 4218 de
1294 4169 1451 4234 augescente

324 4254 481 4324 perfectione
500 4253 669 4308 tradiderunt
693 4253 874 4308 collocandum
902 4256 947 4308 sit.
985 4254 1084 4323 Tangit
1117 4257 1206 4307 autern
1238 4253 1315 4322 plura
1346 4270 1451 4324 genera.

325 4343 396 4396 Nam
419 4346 450 4396 ut
475 4343 506 4397 de
532 4343 630 4397 mundo
654 4343 775 4397 universo
795 4343 917 4398 adhunc
941 4343 1147 4412 pulcritudinem
1173 4342 1207 4396 ab
1230 4343 1374 4398 inconditis
1398 4346 1464 4413 pri-'

325 4431 434 4486 mordiis
453 4436 583 4488 crescente
608 4449 659 4486 non
684 4430 783 4486 dicam:
809 4448 933 4486 numerus
952 4433 1007 4501 ipse
1031 4431 1161 4501 perfectus
1180 4449 1193 4486 e
1212 4433 1300 4486 miuus
1325 4433 1449 4502 perfectis
