3156 4988
656 358 756 413 ειωιι.
1212 357 1269 424 ,εἴτε
1318 329 1322 338 ’

149 529 296 595 τοιοῦτος
318 515 390 602 βίος
412 516 469 584 καὶ
493 519 576 603 πρὸς
592 516 705 606 ἀρετὴν
723 515 921 596 ὑπεναντίος.
954 517 1027 584 οὐδὲ
1050 519 1089 607 δὴ
1112 522 1268 607 γεωργοὺς

149 618 232 690 εἶναι
267 626 340 702 τοὺς
374 623 551 706 μέλλοντας
585 621 738 690 ἔσεσθαι·
785 625 834 689 δεῖ
869 626 929 710 γάρ
959 625 1074 712 σχολῆς
1103 625 1268 713 καὶπρὸς

149 733 206 820 τὴν
230 729 349 816 γένεσιν
372 743 428 817 τῆς
451 729 566 816 ἀρετῆς
589 729 646 794 καὶ
671 731 754 816 πρὸς
769 732 829 808 τοῖς
846 729 984 816 πράξεις
1000 733 1059 808 τὰς
1082 732 1267 810 πολιτικάς.

149 836 222 904 ἐπεὶ
258 835 294 902 δὲ
329 834 385 900 καὶ
421 837 458 900 τὸ
492 836 671 918 πολεμικὸν
705 835 762 900 καί
792 837 830 900 τὸ
852 837 1080 920 βουλευόμενον
1104 837 1180 924 περὶ
1204 853 1268 904 τῶν

148 942 376 1032 συμφερόντων
410 940 466 1006 καὶ
501 945 610 1027 κρῖνον
645 940 721 1027 περὶ
756 955 820 1006 τῶν
851 939 986 1008 δικαιίον
1016 941 1187 1030 ἐνυπάρχει
1210 943 1268 1010 καὶ

148 1049 230 1137 μέρη
255 1047 408 1137 φαίνεται
443 1060 500 1134 τῆς
534 1048 661 1123 πόλεως
694 1047 839 1130 μάλιστα
874 1045 967 1128 όντα,
1002 1049 1140 1135 πότερον
1172 1048 1267 1137 ἕτερα

153 1153 344 1243 <ῖετέροις>1
365 1153 422 1218 καὶ
445 1164 548 1218 ταῦτα
572 1151 686 1220 θετέον
709 1155 728 1242 ἢ
743 1158 812 1230 τοῖς
828 1150 939 1232 αι’·τοῖςΙ
955 1154 1135 1221 ἀποδοτέον
1150 1156 1267 1244 άμφω,

149 1265 288 1353 φανερόν
317 1259 352 1326 δέ
381 1259 439 1325 καί
467 1271 576 1338 τοῦτο’,
609 1259 693 1326 διότι
723 1261 847 1346 τρόπον
874 1259 934 1343 μέν
961 1283 1030 1326 τινα
1053 1267 1123 1338 τοῖς
1147 1260 1266 1342 αὐτοῖς,

148 1369 273 1456 τρόπον
295 1366 331 1432 δέ
353 1392 425 1432 τινα
454 1365 511 1431 καὶ
539 1362 669 1452 ἑτέροις.
713 1350 734 1456 ᾗ
756 1365 816 1448 μέν
838 1369 899 1453 γάρ
924 1364 1036 1454 ἑτέρας
1063 1369 1167 1456 ἀκμῆς
1191 1365 1267 1432 ἑκά-

148 1501 239 1563 τερον
261 1489 325 1540 τῶν
348 1469 463 1560 έργων,
494 1471 550 1538 καί
575 1475 611 1538 τό
633 1471 694 1556 μὲν
717 1474 822 1538 δεῖται
846 1476 1028 1562 φρονήσεως
1051 1477 1088 1540 τὸ
1112 1475 1148 1540 δὲ
1171 1474 1267 1540 δυνά-

147 1607 242 1666 μεως,
267 1578 404 1665 ἑτέροις·
450 1563 472 1668 ᾗ
507 1578 543 1644 δέ
576 1593 641 1643 τῶν
675 1579 840 1646 ἀδυνάτιον
875 1580 944 1646 ἐστὶ
973 1583 1048 1658 τοὺς
1075 1582 1267 1666 δυναμένους

147 1689 327 1774 βιάζεσθαι
361 1686 418 1752 καὶ
453 1687 602 1766 κωλύειν,
637 1687 769 1763 τούτους
800 1686 971 1769 ὑπομένειν
993 1687 1184 1774 ἀρχομένους
1207 1689 1266 1768 ἀεί,

148 1797 250 1883 ταύτῃ
274 1794 309 1860 δέ
332 1797 402 1871 τοῖς
425 1792 553 1870 αὐτοῖς·
600 1789 631 1858 οῖ
655 1795 715 1879 γάρ
739 1807 803 1857 τῶν
826 1793 937 1858 ὅπλων
953 1795 1058 1879 κύριοι
1083 1795 1141 1860 καί
1162 1796 1268 1878 μένειν

148 1906 169 1993 ἢ
202 1905 248 1991 μὴ
277 1899 382 1984 μένειν
415 1901 520 1986 κύριοι
555 1901 612 1987 τὴν
646 1897 828 1966 πολιτείαν.
875 1898 1025 1966 λείπεται
1059 1899 1164 1966 τοίνυν
1197 1907 1268 1981 τοῖς

150 2009 263 2086 αὐτοῖς
285 2006 353 2090 μὲν
367 2005 566 2094 ἀμφοτέροις
589 2005 787 2070 ἀποδιδόναι
810 2007 867 2092 τὴν
884 2004 1055 2070 πολιτείαν
1070 2009 1198 2096 ταύτην,
1220 2012 1266 2097 μὴ

149 2118 218 2199 άμα
243 2113 287 2194 δέ,
311 2102 385 2178 ἀλλ’
409 2116 520 2200 ὥσπερ
543 2111 688 2200 πέφυκεν
711 2113 730 2198 ἦ
752 2110 811 2194 μὲν
834 2112 969 2194 δύναμις
992 2111 1024 2176 έν
1046 2112 1223 2200 νειοτέροις,
1248 2117 1267 2201 ἦ

149 2221 185 2288 δὲ
216 2221 370 2308 φρόνησις
400 2217 433 2284 ἐν
464 2217 698 2306 πρεσβυτέροις
720 2210 802 2282 εἶναι
818 2219 839 2282 ².
886 2217 998 2283 οάκοῦν
1021 2220 1122 2297 οὕτως
1144 2220 1268 2308 ἀμφοῖν

148 2332 343 2414 νενεμῆσθαι
367 2323 523 2412 συμφέρει
552 2324 610 2390 καί
641 2322 768 2390 δίκαιόν
796 2320 883 2389 ἐστιν
897 2326 926 2364 ³·
972 2321 1035 2405 ἔχει
1057 2317 1119 2412 γάρ
1144 2327 1223 2414 αὕτη
1247 2329 1266 2414 ἦ

149 2430 307 2520 διαίρεσις
341 2434 379 2497 τὸ
414 2423 488 2496 κατ’
514 2428 617 2510 ἀξίαν.
665 2430 747 2495 ἀλλά
780 2432 843 2518 μὴν
877 2429 934 2496 καί
970 2433 1028 2508 τοῖς
1063 2433 1190 2520 κτήσεις
1218 2434 1267 2498 δεῖ

147 2531 230 2605 εῖναι
256 2537 333 2625 περὶ
357 2539 504 2615 τούτους·
551 2537 726 2622 ἀναγκαῖον
750 2539 810 2624 γάρ
840 2533 997 2622 εάπορίαν
1019 2539 1174 2623 ὑπάρχειν
1197 2545 1267 2618 τοῖς

148 2643 322 2723 πολίταις,
351 2644 490 2708 πολῖται
523 2643 559 2709 δέ
577 2638 686 2709 «οὗτοι.
732 2645 770 2708 τδ
794 2645 855 2728 γάρ
888 2644 1048 2727 βάναυσον
1077 2643 1113 2709 ού
1142 2644 1267 2726 μετέχει

147 2765 206 2840 τῆς
230 2751 372 2830 πόλεως,
410 2740 480 2814 οὐδ’
499 2750 580 2814 άλλο
604 2749 703 2814 ούθέν
732 2749 822 2833 γένος
845 2746 862 2814 ὃ
884 2752 929 2837 μὴ
952 2762 1009 2836 τῆς
1033 2749 1146 2838 ἀρετῆς
1169 2751 1266 2838 δημι-

148 2857 262 2943 ουργόν
296 2856 390 2922 ἐστιν.
437 2867 531 2920 τοῦτο
561 2854 596 2922 δὲ
626 2855 721 2942 δῆλον
750 2852 787 2920 έκ
816 2867 873 2943 τῆς
895 2854 1103 2934 ὑποδέσεως·
1149 2859 1186 2921 τδ
1208 2855 1268 2938 μέν

148 2965 208 3048 γάρ
232 2961 431 3045 εὐδαιμονεῖν
454 2961 628 3046 ἀναγκαῖον
651 2961 805 3047 ύπάρχειν
827 2964 909 3044 μετά
932 2974 989 3049 της
1011 2961 1134 3050 ἀρετῆς,
1158 2959 1267 3026 εὐδαί-

148 3093 232 3152 μονα
257 3067 293 3132 δέ
317 3069 415 3133 πόλιν
439 3067 495 3132 οάκ
518 3064 564 3146 εἷς
586 3066 685 3152 μέρος
707 3093 739 3132 τι
755 3066 945 3154 βλέψαντας
969 3069 1019 3134 δεῖ
1041 3067 1144 3152 λέγειν
1159 3067 1265 3156 αὐτῆς,

149 3164 226 3240 ἀλλ’
245 3171 291 3252 εἰς
315 3175 441 3251 πάντας
464 3175 538 3252 τοὺς
561 3171 711 3250 πολίτας.
758 3175 896 3261 φανερὸν
918 3173 954 3238 δὲ
983 3173 1039 3239 καὶ
1063 3175 1114 3239 ότι
1137 3176 1186 3239 δεῖ
1208 3177 1268 3252 τοῖς

149 3283 276 3369 κτήσεις
305 3272 388 3346 εἶναι
417 3280 553 3358 τούτων,
584 3275 677 3365 ε’ίπερ
701 3279 878 3364 ἀναγκαῖον
907 3271 990 3344 εἶναι
1013 3281 1088 3357 τοῖς
1111 3281 1267 3366 γεωργούς

149 3388 282 3464 δούλους
306 3387 325 3474 ἢ
347 3386 531 3472 βαρβάρους
554 3387 574 3473 ἢ
597 3383 792 3472 περιοίκους.
826 3385 943 3450 λοιπὸν
967 3374 999 3449 δ)
1018 3381 1054 3452 ἐκ
1077 3400 1141 3450 των
1166 3409 1267 3450 κατα-

150 3491 401 3582 ριθμηθέντωνθ
424 3494 461 3556 τὸ
491 3505 556 3556 τῶν
587 3487 694 3578 ίερέων
718 3490 814 3575 γένος.
862 3493 985 3578 φανερὰ
1009 3489 1044 3555 δὲ
1068 3491 1124 3556 καὶ
1147 3493 1166 3578 ἡ
1192 3491 1267 3556 τού-

149 3625 212 3664 των
235 3598 338 3678 τάξις.
385 3596 455 3662 ούιε
490 3600 549 3684 γάρ
584 3598 720 3683 γεωργὸν
755 3596 826 3662 ούτε
859 3597 1020 3678 βάναυσον
1051 3593 1138 3684 ῖερέα
1162 3621 1264 3662 κατα-

148 3703 298 3770 στατέον·
359 3705 425 3769 ὑπὸ
460 3707 519 3788 γάρ
555 3717 620 3768 τῶν
655 3703 800 3768 πολιτῶν
834 3701 956 3789 πρέπει
994 3707 1160 3785 τιμᾶσθαι
1194 3703 1268 3780 τοὺς

150 3813 264 3888 θεούς·
312 3809 385 3875 ἐπεὶ
410 3809 445 3875 δὲ
469 3806 622 3898 διῄρηται
645 3811 683 3874 τὸ
706 3809 877 3874 πολιτικόν
899 3806 944 3886 εἰς
968 3808 1024 3874 δύο
1047 3807 1144 3896 μέρη,
1175 3797 1265 3872 τοῦτ’

153 3913 221 3982 έστι
247 3917 286 3981 τό
309 3940 344 3982 τε
367 3917 538 3982 ὁπλιτικὸν
561 3915 618 3982 καί
641 3918 679 3980 τὸ
701 3915 915 3998 βουλευτικόν,
949 3913 1071 4001 πρέπει
1095 3913 1132 3978 δέ
1154 3914 1211 4000 τήν
1234 3936 1268 3978 τε

139 4019 340 4110 θεραπείαν
370 4023 567 4088 ἀποδιδόναι
597 4026 667 4100 τοῖς
695 4025 789 4098 θεοῖς
818 4021 876 4086 καί
898 4023 956 4108 τὴν
979 4021 1163 4086 ἀνάπαυσιν
1186 4015 1268 4099 ἔχειν

151 4128 228 4216 περὶ
262 4127 379 4204 αύτούς
408 4130 481 4208 τοδς
511 4129 567 4192 διὰ
597 4129 653 4194 τόν
673 4127 785 4213 χρόνον
815 4126 1050 4215 ἀπειρηκότας,
1075 4126 1207 4201 τούτους
1229 4125 1267 4188 ἀν

220 4381 247 4444 1)
276 4380 376 4449 ἑτέροις
404 4377 463 4430 add.
483 4376 592 4442 Comes,
621 4375 769 4428 Schneider.
798 4403 830 4412 -
860 4375 887 4438 2)
912 4373 982 4426 εἶναι
1008 4372 1162 4426 Lambinus:
1192 4375 1267 4426 ἐστίν

148 4466 216 4522 libri.
238 4495 272 4506 -
291 4468 319 4532 3)
338 4469 413 4522 ἐστιν
430 4466 586 4518 Lambinus:
606 4465 676 4520 εἶναι
694 4463 763 4516 libri.

1292 3611 1418 3653 sacerdote}
