3130 4980
533 1241 853 1342 Megarici.

639 1433 743 1440 ——.-..

75 1579 118 1617 ons
197 1553 289 1636 Diog.
305 1553 339 1617 H
357 1562 429 1619 106.
475 1549 648 1642 Εὐκλείδης
672 1553 741 1620 ἀπὸ
756 1555 920 1644 Μεγάρων
942 1570 1007 1622 τῶν
1029 1558 1113 1644 πρὸς
1126 1548 1251 1645 Ἰσθμῷ
1278 1592 1381 1635 Eum,

130 1661 150 1748 ἢ
174 1661 300 1738 Γελῶος
322 1649 393 1724 κατ’
420 1657 531 1738 ἐνίους.
546 1697 587 1710 --
604 1655 697 1739 οὗτος
720 1661 777 1727 καί
800 1665 842 1728 τὰ
865 1661 1088 1751 Παρμενίδεια
1110 1673 1252 1747 μετεχει-

130 1763 266 1852 ρίζετο3,
296 1764 353 1830 ναί
384 1763 415 1831 οἱ
445 1755 503 1830 ἀπ’
531 1764 630 1832 αὐτοῦ
651 1767 837 1856 Μεγαρικοί
866 1771 1157 1858 προσηγορεύοντο,
1192 1760 1250 1836 εἶτ’

128 1861 318 1960 Ἐριστικσί,
349 1873 480 1959 ὕστερον
510 1871 546 1938 δὲ
569 1871 807 1955 Διαλεκτικοίί),
836 1915 880 1924 --
911 1877 967 1941 διὰ
995 1877 1033 1942 εδ
1063 1879 1148 1964 πρὸς
1170 1875 1251 1964 ε’ρώ-

127 2001 221 2068 τησιν
243 1976 301 2044 καί
323 1979 499 2065 ἀπόκρισιν
528 1980 603 2057 τοὺς
632 1979 745 2064 λόγους
767 1980 996 2048 διατίθεσθαι.
1040 1984 1125 2066 πρὸς
1139 1983 1252 2049 τοῦτόν

128 2109 230 2174 φησιν
261 2075 500 2172 ὁἜρμδδωρος
527 2085 711 2180 ἀφικέσθαι
735 2088 900 2153 Πλάτωνα
930 2088 987 2154 καὶ
1016 2090 1092 2166 τοὺς
1115 2089 1251 2166 λοιποὺς

128 2192 332 2282 φιλοσόφους
357 2194 440 2275 μετὰ
463 2195 520 2280 τὴν
548 2204 606 2258 τοῦ
629 2194 814 2280 Σοκράτοος
836 2195 984 2284 τελευτὴν
1007 2193 1178 2272 δείσαντας
1193 2198 1251 2283 τὴν

130 2299 285 2386 ὠμότητα
308 2312 373 2363 τῶν
396 2299 581 2386 τνροίννωνθ.

202 2420 230 2460 a.
251 2390 303 2460 cic.
322 2404 403 2460 Aac.
422 2405 449 2458 u
470 2407 519 2459 no
547 2405 754 2476 Maenorenon
777 2408 835 2474 fait
861 2409 961 2464 norom
981 2408 1250 2478 disciplinandos,

126 2501 162 2549 nt
185 2495 322 2562 scriptun
347 2494 440 2561 uideo,
461 2495 596 2564 princepe
619 2497 805 2565 Xenophanes
824 2528 858 2536 —
878 2528 920 2564 -,
946 2497 1048 2551 deinde
1075 2513 1137 2551 enm
1164 2499 1251 2552 secuti

126 2583 310 2638 Parmenides
329 2589 355 2636 ei
374 2585 458 2650 Zeno,
477 2584 573 2652 itaque
591 2585 627 2638 ab
645 2586 689 2640 hie
708 2586 832 2640 Eleatici
846 2587 1006 2654 philosophi
1024 2585 1251 2648 nominabantur,

7 2709 8 2712 =
123 2673 193 2728 Posi
211 2671 360 2739 Euclides,
384 2671 507 2726 Socratis
525 2673 695 2740 discipulus,
714 2675 876 2743 Meyarens,
901 2693 920 2730 a
944 2691 997 2742 qne
1021 2675 1105 2728 iidem
1123 2675 1166 2728 iili
1185 2675 1245 2728 Me·

122 2763 219 2832 aorici
238 2761 314 2814 dicti.
342 2759 476 2825 Quantum
494 2760 610 2815 Socratis
627 2763 709 2816 fuerit
727 2765 863 2818 studiosus
877 2765 994 2818 cernitur
1012 2781 1042 2816 ex
1057 2764 1126 2816 Plai.
1141 2763 1249 2821 Theaet.

126 2851 214 2906 1421)
234 2867 273 2919 sq.
292 2851 350 2902 coll.
371 2849 437 2904 Gell.
456 2849 490 2904 N.
509 2849 542 2905 A.
562 2851 600 2903 VI
620 2853 661 2905 10.

198 2939 228 2994 b.
248 2939 357 2992 Minime
376 2942 465 2992 tamen
490 2957 578 2993 omnes
603 2941 648 3010 qui
666 2940 773 2994 Eristici
792 2941 833 2994 vel
851 2941 990 2995 Dialeciici
1008 2941 1178 2994 nominentur
1196 2939 1250 2993 Me-

125 3029 224 3098 garicis
243 3027 441 3082 adnumerandi.

198 3131 225 3173 e.
245 3115 424 3169 Hermodorus
448 3133 478 3168 ex
501 3115 663 3169 Academicis
680 3117 753 3170 'erui
790 3118 831 3171 De
848 3136 876 3171 re
895 3119 926 3172 cf.
945 3118 1021 3186 Diog.
1040 3119 1113 3172 1116
1131 3121 1159 3171 ei
1178 3118 1204 3171 Z.
1219 3117 1251 3170 Π

123 3209 169 3272 13,
188 3206 268 3272 3493,
288 3205 334 3257 ubi
352 3205 550 3258 demonstratur
565 3207 716 3304 ,ἠγτεοοοει
736 3207 769 3260 ab
783 3207 943 3260 Hermodoro
962 3207 1108 3276 appellatos
1127 3223 1184 3260 esse
1198 3223 1251 3259 non
1317 3195 1323 3206 '

123 3295 241 3363 triginta
264 3294 325 3347 illos
350 3295 395 3363 qui
421 3294 497 3347 hodie
521 3289 588 3347 ita’
585 3295 714 3347 nominari
739 3296 839 3361 solent,
866 3295 912 3349 sed
929 3287 1013 3365 plebis
1039 3297 1117 3348 duces
1140 3312 1251 3364 querum

125 3400 206 3453 opera
224 3381 346 3436 Soeraies
365 3382 493 3452 supplicio
511 3383 621 3436 aflectus
635 3385 701 3436 erat
728 3383 931 3454 —Seripsisse
948 3384 1070 3437 Euclides
1094 3384 1178 3436 fertur
1196 3383 1251 3444 dia

121 3474 211 3540 logos,
238 3471 385 3540 dequibus
407 3471 549 3524 dubitabat
566 3471 723 3538 Panaetius;
753 3489 777 3525 v.
795 3473 872 3540 Diog
890 3471 1159 3537 1164.108;Suid
1185 3488 1212 3546 s..
1225 3489 1249 3529 v.

122 3561 245 3615 Εὐκλείδ
277 3603 282 3613 .

195 3581 288 3703 Uinii.
314 3649 430 3716 Deyeks,
457 3648 488 3702 de
507 3649 697 3718 Megaricorum
724 3649 845 3702 doctrina
868 3649 974 3718 eiusque
999 3666 1040 3718 ap.
1059 3649 1197 3702 Platonem
1221 3652 1249 3701 et

120 3739 236 3792 Ariston.
256 3737 383 3804 vestigiis,
401 3737 483 3790 Bonn
499 3739 577 3792 1827.
613 3738 715 3805 Malloi,
729 3738 795 3792 hisi.-
812 3737 845 3791 de
864 3737 953 3793 l'deole
972 3737 1005 3790 de
1023 3738 1145 3808 Minore
1164 3737 1245 3790 Paris.

122 3821 211 3882 1845?
246 3826 432 3892 Hartensiein‚
460 3832 488 3881 n'.
514 3827 541 3880 d.
565 3827 682 3882 Bedeni.
708 3827 734 3882 ol
758 3827 831 3895 Meo.
857 3825 955 3880 δαλοῖο
982 3827 1243 3894 (oleronensi.

120 3915 288 3986 p.127sq.)

66 4081 109 4120 ue
165 4059 340 4124 Aristocles
373 4077 421 4140 ap.
451 4058 566 4122 Euseb.
596 4058 647 4122 Pr.
676 4059 733 4122 Ετ.
760 4058 838 4122 XIV
865 4068 922 4134 17,
952 4078 981 4140 p.
1013 4065 1088 4124 756.
1127 4042 1248 4119 ’Ἀλλοι

6 4225 8 4254 ,
119 4154 148 4230 δ”
175 4203 219 4212 -
244 4203 286 4212 -
310 4160 438 4229 οἴονται
462 4203 504 4210 -
529 4163 597 4228 δεῖν
627 4165 686 4241 τὰς
713 4161 773 4246 μὲν
801 4160 974 4252 αἰσθήσεις
996 4161 1055 4228 καί
1079 4162 1139 4238 τὰς
1162 4183 1245 4248 qino:

6 4257 7 4328 J
119 4270 251 4350 τασίας
274 4269 507 4354 καταβαλλειν,
550 4268 639 4356 αὐτῷ
672 4268 758 4353 δερ
745 4269 835 4356 μόνην
871 4269 919 4356 τῷ
954 4269 1037 4355 λόγῳ
1077 4266 1248 4332 πιστεύειν.

6 4361 8 4470 i
118 4390 259 4448 τοιαῦτα
283 4378 343 4465 γάρ
374 4401 446 4441 τινα
470 4376 671 4464 πρότερονγ
657 4401 717 4459 μεν
739 4376 929 4506 Ξεγοφάνης
959 4401 1017 4441 και
1009 4371 1249 4463 Παρμενίδης

119 4486 177 4554 καί
200 4485 314 4573 Ζήνων
344 4481 400 4549 ναί
425 4480 594 4561 Μέλισσος
621 4479 786 4568 ε’λεγον,“
773 4484 905 4569 ν’στερον
935 4472 965 4548 δ’
993 4505 1024 4548 οι
1049 4480 1177 4569 περὶ
1152 4479 1248 4546 Στίλ-
