3130 4980
303 321 356 382 294
779 323 944 378 Aristoteles.

175 501 276 554 Annua
304 495 362 550 τοῦ
390 481 499 569 γένους
520 473 757 550 Ἀπελλικῶντι
787 482 835 570 τῷ
862 483 951 572 Τηίφ
979 483 1111 548 πολλῶν
1133 480 1294 570 ἀργυρίων
1323 481 1364 548 τά
1386 507 1421 549 τε

301 581 547 680 Ἀριστοτέλους
580 588 638 655 καί
673 590 715 658 τὰ
748 600 807 656 τοῦ
840 589 1051 677 Θεοφράστου
1084 581 1230 674 βιβλία·’
1262 586 1300 677 ήν
1334 587 1370 654 δὲ
1402 590 1421 656 d

302 687 505 764 Ἀπελλικῶν
528 696 722 784 φιλόβιβλος
744 695 868 779 μᾶλλον
890 696 910 784 ἢ
934 695 1132 784 φιλόσοφος·
1163 694 1295 762 διὸκαὶ
1320 695 1419 784 ζητῶν

303 799 534 891 ἐπανόρθωσιν
563 815 627 868 τῶν
658 800 895 888 ἀιαβρωμάτων
925 798 971 879 είς
994 798 1179 889 ἀντίγραφα
1203 803 1301 867 καινά
1324 802 1420 890 μετή-

303 933 391 996 νεγκε
413 913 470 999 τήν
493 911 620 997 γραφήν
651 908 849 996 ἀναπληρῶν
872 906 930 974 οὐκ
957 905 991 973 εὖ
1014 906 1071 974 καί
1095 907 1248 987 ἐξέδωκεν
1271 907 1419 994 ἁμαρτά-

302 1018 366 1082 ἀων
389 1017 498 1105 πλήρη
521 1018 563 1080 soi
585 1012 726 1099 βιβλία“.
772 1013 888 1102 συνέβη
911 1012 948 1079 ἀὲ
970 1018 1040 1092 τοῖς
1064 1012 1100 1079 ἐκ
1129 1027 1194 1080 τῶν
1216 1014 1419 1101 περιπάτων,

301 1128 372 1202 τοῖς
394 1122 453 1207 μὲν
476 1121 584 1188 πάλαι
606 1125 677 1199 τοῖς
699 1123 782 1204 μετὰ
809 1120 1029 1209 Θεόφραστον,
1054 1119 1111 1186 οάκ
1127 1115 1251 1202 aloem
1274 1120 1358 1198 ὅλως
1379 1123 1419 1185 τά
1536 1116 1542 1167 ¹

301 1227 415 1315 βιβλία
447 1230 532 1317 πλήν
561 1225 676 1313 ὀλίγων
705 1229 762 1293 καὶ
791 1225 937 1310 μάλιστα
967 1240 1032 1292 τῶν
1061 1225 1286 1313 ἐξωτερικῶνθ,
1322 1225 1421 1314 μηδὲν

303 1331 384 1418 έγειν
406 1335 599 1424 φιλοσοφεῖν
621 1346 868 1421 πραγματικῶς,
893 1333 976 1398 ἀλλὰ
996 1331 1109 1410 θέσεις
1132 1329 1328 1420 ληκυθίζειν,
1352 1335 1419 1410 τοῖς

303 1431 334 1508 δ’
353 1444 498 1528 λέστερον,
529 1429 590 1528 ἀφ’
609 1434 649 1506 οὗ
669 1441 711 1504 τὰ
733 1437 849 1524 βιβλία
872 1450 976 1504 ταῦτα
1000 1439 1178 1527 προῆλθεν,
1209 1438 1340 1522 άμεινον
1362 1437 1420 1522 μέν

303 1546 431 1614 ἐκείνων
454 1547 647 1634 φιλοσοφεῖν
670 1545 727 1612 καὶ
751 1542 1019 1634 ἀριστοτελίζειν,
1042 1544 1286 1630 ἀναγκάζεσθαι
1311 1543 1419 1628 μέντοι

302 1657 343 1720 τά
368 1654 478 1720 πολλὰ
501 1649 612 1718 εἰκότα
636 1650 737 1737 λέγειν
761 1653 816 1718 διὰ
839 1654 877 1718 τὸ
893 1653 1026 1740 πλῆθος
1042 1665 1106 1718 τῶν
1122 1651 1298 1739 ἁμαρτιῶν.
1335 1651 1420 1718 πολὺ

303 1759 339 1826 δὲ
361 1756 406 1838 εἷς
429 1770 523 1825 τοῦτο
546 1757 603 1824 καὶ
627 1761 646 1847 ή
667 1749 771 1847 Ῥώμη
795 1759 1030 1848 προσελάβετο·
1062 1757 1159 1836 εὐθὺς
1182 1760 1243 1846 γάρ
1266 1760 1349 1842 μετὰ
1364 1761 1419 1846 τήν

300 1856 560 1942 Ἀπελλικῶντος
575 1865 721 1953 τελευτήν
735 1866 860 1943 Σάλλας
877 1862 932 1953 ήρε
946 1867 1003 1954 τήν
1016 1854 1277 1942 Ἀπελλικῶντος
1291 1865 1418 1948 βιβλιο-

301 1973 408 2062 θήκην
431 1972 448 2037 ὁ
471 1973 530 2049 τὰς
551 1960 697 2059 Ἀθήνας
732 1969 826 2036 ἑλών·
873 1973 964 2058 δεῦρο
999 1970 1035 2036 δὲ
1069 1967 1130 2056 (εἰς
1148 1960 1289 2059 Ἤάμην)
1325 1993 1418 2053 κομι-

199 2095 274 2136 rannio
302 2083 440 2146 σθεῖσαν
468 2073 648 2164 Τυραννίων
677 2101 712 2142 τε
741 2077 758 2142 ὁ
789 2078 1014 2164 γραμματικὸς
1044 2073 1256 2164 διεχειρίσατο
1284 2077 1417 2164 φιλαρι-

301 2184 454 2273 στοτέλης
478 2182 531 2264 ι’άν,
555 2184 766 2270 θεραπεύσας
789 2185 844 2250 τὸν
867 2182 925 2248 ἐπὶ
948 2196 1005 2271 τῆς
1027 2183 1261 2271 βιβλιοθήκης,
1286 2181 1343 2248 καὶ
1366 2187 1417 2266 βι-

225 2378 228 2383 .
300 2287 489 2376 βλιοπῶλαί
519 2313 602 2366 τινες
631 2301 789 2378 γραφεῦσι
820 2289 959 2378 φαύλοις
988 2289 1145 2375 χρώμενοι
1167 2288 1225 2354 καὶ
1248 2287 1306 2354 οὐκ
1329 2288 1416 2354 ἀντι-
1462 2337 1464 2342 -

301 2396 491 2481 βάλλοντες,
527 2395 607 2482 ὅπερ
642 2395 699 2461 καὶ
735 2394 793 2460 ἐπὶ
828 2409 893 2460 τῶν
928 2394 1034 2460 ἀλλων
1069 2392 1238 2478 συμβαίνει
1273 2408 1340 2460 τῶν
1373 2391 1417 2472 εἰς

158 2783 274 2824 „fuscus
327 2819 330 2824 ,
367 2752 452 2815 Plut.
478 2750 632 2827 Sullae,
658 2761 685 2814 1.
731 2748 877 2834 Λέγεται
907 2749 944 2817 ἀὲ
973 2748 1188 2838 κομισθείσης
1218 2748 1316 2835 αάτης
1351 2751 1484 2838 (τήςεθθΒ

297 2845 557 2934 Ἀπελλικῶντος
596 2856 825 2944 βιβλιοθήκης)
873 2853 919 2935 εἷς
953 2847 1082 2945 (Ράιμην
1119 2853 1322 2944 Τυραννίωνα
1363 2859 1415 2922 τὸν

301 2964 527 3050 γραμματικὸν
550 2961 811 3028 ἐνσκευάσασθαι
835 2965 876 3028 τά
899 2963 1021 3045 πολλά,
1050 2962 1107 3030 καί
1131 2951 1217 3051 παρ’
1243 2962 1343 3030 αίτοῦ
1364 2965 1416 3030 τὸν

298 3059 420 3134 Ῥόδιον
441 3059 645 3156 Ἀνδρόνικον
673 3068 899 3157 εὐπορήσαντα
928 3084 993 3135 τῶν
1015 3069 1221 3158 ἀντιγράφων
1247 3067 1294 3147 εἶς
1321 3068 1415 3154 μέσον

301 3179 412 3240 θεῖναι
435 3174 492 3242 καί
515 3175 707 3264 ἀναγράψαι
731 3179 807 3255 τοὺς
829 3188 882 3242 νῦν
905 3176 1100 3265 φερομένους
1124 3174 1294 3254 πίνακαςθ.

371 3349 398 3394 8.
425 3335 615 3406 Apellicontem
647 3336 831 3390 bibliothecam
857 3336 1010 3390 Aristotelis
1039 3337 1186 3407 possedisse
1215 3338 1308 3388 narrat
1338 3335 1415 3388 Athe-

299 3441 380 3478 naeus
398 3425 516 3491 V214d,
535 3425 580 3478 sed
598 3424 667 3478 idem
685 3425 699 3478 I
716 3426 756 3479 3a
774 3425 863 3496 prodit
881 3425 991 3479 Neleum
1004 3425 1157 3480 Aristotelis
1175 3426 1255 3479 libros
1269 3423 1415 3478 Ptolemaeo

299 3513 471 3583 Philadelpho
489 3513 643 3566 vendidisse.

210 3662 271 3692 aens
371 3635 401 3690 b.
428 3636 502 3701 Quod
521 3637 615 3690 Strabo
634 3636 749 3690 affirmat
766 3637 892 3707 (itemque
910 3637 1069 3692 Plutarchus
1088 3637 1152 3691 Sull.
1172 3638 1215 3704 26,
1235 3639 1262 3703 6)
1286 3638 1416 3707 Peripate·

299 3724 365 3776 ticos
384 3728 445 3794 post
463 3725 673 3795 Theophrastum
687 3724 841 3778 Aristotelis
859 3729 887 3778 et
901 3725 1074 3795 Theophrasti
1093 3727 1168 3780 libris
1186 3725 1309 3793 camisas,
1328 3727 1416 3796 aperte

298 3812 393 3866 falsum
412 3817 462 3880 est,
481 3831 542 3868 narn
560 3817 588 3867 et
605 3813 752 3867 manifestis
771 3813 890 3882 vestigiis
916 3817 1026 3884 apparet
1049 3815 1186 3884 plerosque
1210 3831 1241 3868 ex
1265 3815 1342 3868 libris
1360 3813 1415 3868 Ari-

300 3901 428 3954 stotelicis
456 3918 472 3954 a
496 3901 670 3972 Theophrasti
698 3903 858 3972 temporibus
883 3919 965 3972 usque
993 3903 1027 3956 ad
1049 3903 1226 3956 Andronicum
1253 3919 1305 3956 non
1334 3903 1414 3957 solum

298 3990 480 4060 Peripateticis
500 3990 545 4042 ssd
563 3991 643 4043 etiam
666 3990 822 4044 adversariis
840 4007 942 4058 eorum,
967 3992 1096 4061 imprimis
1115 3991 1224 4058 Stoicis,
1246 3993 1274 4046 in
1297 3992 1415 4045 manibus

298 4078 387 4146 fuisse,
413 4095 496 4148 neque
522 4079 576 4132 sine
599 4079 719 4132 veritatis
739 4080 822 4149 speeie
841 4080 972 4150 proditum
998 4083 1040 4134 est
1058 4081 1086 4134 in
1104 4081 1288 4134 bibliothecam
1306 4079 1415 4134 Alexan·
1525 3996 1550 4944 ή

302 2513 424 2590 πρᾶσιν
447 2501 658 2590 γραφομένων
673 2499 810 2587 βιβλίων
833 2499 890 2567 καὶ
914 2501 1034 2569 ένθάάε
1057 2499 1112 2566 καί
1138 2493 1416 2588 ἕνἈλεξανάρείηι.

299 4167 403 4220 drinam
428 4167 480 4220 iam
506 4167 688 4220 aPtolemaeo
712 4168 884 4239 Philadelpho
909 4167 1052 4237 Stagirites
1076 4169 1159 4222 libros
1186 4185 1242 4222 esse
1270 4171 1414 4236 congestos,

299 4255 331 4306 cf.
350 4253 469 4308 Ammon.
495 4255 523 4308 in
548 4255 637 4324 Categ.
657 4255 696 4310 ab
721 4256 816 4322 (Schol.
836 4258 881 4310 Ar.
906 4258 961 4312 28¹·
984 4257 1099 4322 43Br.);
1126 4257 1212 4310 David
1235 4257 1271 4311 ib.
1296 4257 1351 4311 28²
1374 4257 1414 4310 14.

299 4341 336 4396 Cf.
356 4343 477 4411 Brandis,
496 4351 524 4397 rt.
544 4344 570 4398 cl.
581 4342 734 4398 Schiekeale
753 4345 778 4397 d.
794 4345 879 4399 Arist.
895 4345 1015 4412 Btlcher,
1034 4346 1102 4399 Mus.
1113 4345 1290 4411 Rolnam)
1303 4346 1414 4414 236sq.;

298 4429 372 4483 Hdb.
392 4430 419 4482 Il
438 4434 461 4498 1,
483 4433 514 4486 71
527 4450 565 4500 eq.
603 4431 691 4499 Stahr‚
711 4431 871 4487 Aristotelia
889 4433 923 4500 11,
942 4435 1011 4504 Lips.
1032 4435 1109 4489 1832.
1138 4435 1202 4488 z.11
1216 4434 1251 4488 2³
1267 4433 1413 4490 rsa-154.
