<?xml version="1.0" encoding="UTF-8"?>
<!DOCTYPE html PUBLIC "-//W3C//DTD XHTML 1.0 Transitional//EN"
    "http://www.w3.org/TR/xhtml1/DTD/xhtml1-transitional.dtd">
<html xmlns="http://www.w3.org/1999/xhtml" xml:lang="en" lang="en">
 <head>
  <title>
</title>
<meta http-equiv="Content-Type" content="text/html;charset=utf-8" />
  <meta name='ocr-system' content='tesseract 3.04.00' />
  <meta name='ocr-capabilities' content='ocr_page ocr_carea ocr_par ocr_line ocrx_word'/>
</head>
<body>
  <div class='ocr_page' id='page_1' title='image "./historiaphiloso00rittgoog_0109.png"; bbox 0 0 3140 4990; ppageno 0'>
   <div class='ocr_carea' id='block_1_1' title="bbox 619 302 1265 363">
    <p class='ocr_par' dir='ltr' id='par_1_1' title="bbox 619 302 1265 363">
     <span class='ocr_line' id='line_1_1' title="bbox 619 302 1265 363; baseline 0 -1"><span class='ocrx_word' id='word_1_1' title='bbox 619 306 794 363; x_wconf 78' lang='lat' dir='ltr'><strong>Parmenides.</strong></span> <span class='ocrx_word' id='word_1_2' title='bbox 1229 302 1265 362; x_wconf 73' lang='lat'>99</span> 
     </span>
    </p>
   </div>
   <div class='ocr_carea' id='block_1_2' title="bbox 1153 460 1261 490">
    <p class='ocr_par' dir='ltr' id='par_1_2' title="bbox 1153 460 1261 490">
     <span class='ocr_line' id='line_1_2' title="bbox 1153 460 1261 490; baseline 0.019 -2"><span class='ocrx_word' id='word_1_3' title='bbox 1153 460 1261 490; x_wconf 62' lang='grc' dir='ltr'>τίκ</span> 
     </span>
    </p>
   </div>
   <div class='ocr_carea' id='block_1_3' title="bbox 151 464 1264 558">
    <p class='ocr_par' dir='ltr' id='par_1_3' title="bbox 151 464 1264 558">
     <span class='ocr_line' id='line_1_3' title="bbox 151 464 1264 558; baseline -0.006 -19"><span class='ocrx_word' id='word_1_4' title='bbox 151 472 296 553; x_wconf 73' lang='grc' dir='ltr'><em>διάθεσις,</em></span> <span class='ocrx_word' id='word_1_5' title='bbox 322 468 411 537; x_wconf 64' lang='lat' dir='ltr'>onitin</span> <span class='ocrx_word' id='word_1_6' title='bbox 434 471 475 536; x_wconf 67' lang='grc' dir='ltr'>ἔτι</span> <span class='ocrx_word' id='word_1_7' title='bbox 499 464 641 554; x_wconf 74' lang='grc' dir='ltr'><strong><em>διώρικεν.</em></strong></span> <span class='ocrx_word' id='word_1_8' title='bbox 672 464 719 534; x_wconf 79' lang='grc' dir='ltr'>ὅτι</span> <span class='ocrx_word' id='word_1_9' title='bbox 744 471 777 532; x_wconf 70' lang='grc' dir='ltr'>δι’</span> <span class='ocrx_word' id='word_1_10' title='bbox 799 473 846 534; x_wconf 80' lang='grc' dir='ltr'>καὶ</span> <span class='ocrx_word' id='word_1_11' title='bbox 869 469 912 558; x_wconf 77' lang='grc' dir='ltr'>τῷ</span> <span class='ocrx_word' id='word_1_12' title='bbox 935 471 1059 556; x_wconf 70' lang='grc' dir='ltr'><em>ἐναντίῳ</em></span> <span class='ocrx_word' id='word_1_13' title='bbox 1088 475 1153 532; x_wconf 79' lang='grc' dir='ltr'>καθ</span> <span class='ocrx_word' id='word_1_14' title='bbox 1187 493 1264 532; x_wconf 77' lang='lat' dir='ltr'>uoto</span> 
     </span>
    </p>
   </div>
   <div class='ocr_carea' id='block_1_4' title="bbox 151 572 1267 773">
    <p class='ocr_par' dir='ltr' id='par_1_4' title="bbox 151 572 1267 773">
     <span class='ocr_line' id='line_1_4' title="bbox 152 572 1265 667; baseline -0.006 -21"><span class='ocrx_word' id='word_1_15' title='bbox 152 593 231 646; x_wconf 72' lang='lat' dir='ltr'>noret</span> <span class='ocrx_word' id='word_1_16' title='bbox 249 576 305 667; x_wconf 76' lang='grc' dir='ltr'>τὴν</span> <span class='ocrx_word' id='word_1_17' title='bbox 327 583 473 662; x_wconf 70' lang='grc' dir='ltr'><em>αἴσθησιν</em></span> <span class='ocrx_word' id='word_1_18' title='bbox 497 573 637 666; x_wconf 73' lang='grc' dir='ltr'><em>φανεράν,</em></span> <span class='ocrx_word' id='word_1_19' title='bbox 662 579 692 641; x_wconf 72' lang='grc' dir='ltr'>ἓν</span> <span class='ocrx_word' id='word_1_20' title='bbox 716 573 760 651; x_wconf 79' lang='grc' dir='ltr'>οἷς</span> <span class='ocrx_word' id='word_1_21' title='bbox 783 603 858 662; x_wconf 77' lang='grc' dir='ltr'><em>φησι</em></span> <span class='ocrx_word' id='word_1_22' title='bbox 882 572 936 641; x_wconf 84' lang='grc' dir='ltr'>τὸν</span> <span class='ocrx_word' id='word_1_23' title='bbox 960 574 1062 661; x_wconf 76' lang='grc' dir='ltr'><em>νεκρὸν</em></span> <span class='ocrx_word' id='word_1_24' title='bbox 1086 573 1189 663; x_wconf 71' lang='grc' dir='ltr'><em>φωτὸς</em></span> <span class='ocrx_word' id='word_1_25' title='bbox 1210 576 1265 658; x_wconf 79' lang='grc' dir='ltr'>μὲν</span> 
     </span>
     <span class='ocr_line' id='line_1_5' title="bbox 151 678 1267 773; baseline -0.004 -21"><span class='ocrx_word' id='word_1_26' title='bbox 151 694 198 753; x_wconf 74' lang='grc' dir='ltr'>καὶ</span> <span class='ocrx_word' id='word_1_27' title='bbox 232 694 349 773; x_wconf 74' lang='grc' dir='ltr'><em>θερμοῦ</em></span> <span class='ocrx_word' id='word_1_28' title='bbox 371 691 417 752; x_wconf 78' lang='grc' dir='ltr'>καὶ</span> <span class='ocrx_word' id='word_1_29' title='bbox 442 693 545 772; x_wconf 77' lang='grc' dir='ltr'><em>φωνῆς</em></span> <span class='ocrx_word' id='word_1_30' title='bbox 568 679 622 750; x_wconf 77' lang='grc' dir='ltr'>οὐκ</span> <span class='ocrx_word' id='word_1_31' title='bbox 645 681 850 749; x_wconf 73' lang='grc' dir='ltr'><em>αἰσθάνεσθαι</em></span> <span class='ocrx_word' id='word_1_32' title='bbox 880 678 931 748; x_wconf 78' lang='grc' dir='ltr'>διὰ</span> <span class='ocrx_word' id='word_1_33' title='bbox 961 682 1017 768; x_wconf 79' lang='grc' dir='ltr'>τὴν</span> <span class='ocrx_word' id='word_1_34' title='bbox 1048 683 1181 764; x_wconf 65' lang='grc' dir='ltr'><em>ἔκλειψιν</em></span> <span class='ocrx_word' id='word_1_35' title='bbox 1210 683 1267 748; x_wconf 79' lang='grc' dir='ltr'>τοῦ</span> 
     </span>
    </p>
   </div>
   <div class='ocr_carea' id='block_1_5' title="bbox 153 784 1265 881">
    <p class='ocr_par' dir='ltr' id='par_1_5' title="bbox 153 784 1265 881">
     <span class='ocr_line' id='line_1_6' title="bbox 153 784 1265 881; baseline -0.004 -21"><span class='ocrx_word' id='word_1_36' title='bbox 153 791 258 880; x_wconf 80' lang='grc' dir='ltr'><em>πυρός,</em></span> <span class='ocrx_word' id='word_1_37' title='bbox 288 800 415 881; x_wconf 82' lang='grc' dir='ltr'><strong><em>ψυχροῦ</em></strong></span> <span class='ocrx_word' id='word_1_38' title='bbox 445 796 479 859; x_wconf 76' lang='grc' dir='ltr'>δὲ</span> <span class='ocrx_word' id='word_1_39' title='bbox 507 797 555 857; x_wconf 77' lang='grc' dir='ltr'>καὶ</span> <span class='ocrx_word' id='word_1_40' title='bbox 585 791 699 876; x_wconf 74' lang='grc' dir='ltr'><em>σιωπῆς</em></span> <span class='ocrx_word' id='word_1_41' title='bbox 721 795 769 855; x_wconf 78' lang='grc' dir='ltr'>καὶ</span> <span class='ocrx_word' id='word_1_42' title='bbox 794 797 854 856; x_wconf 83' lang='grc' dir='ltr'>τῶν</span> <span class='ocrx_word' id='word_1_43' title='bbox 878 794 1024 856; x_wconf 74' lang='grc' dir='ltr'><em>ἐναντίων</em></span> <span class='ocrx_word' id='word_1_44' title='bbox 1047 784 1265 872; x_wconf 73' lang='grc' dir='ltr'><em>αἰσθάνεσθαι,</em></span> 
     </span>
    </p>
   </div>
   <div class='ocr_carea' id='block_1_6' title="bbox 153 892 914 982">
    <p class='ocr_par' dir='ltr' id='par_1_6' title="bbox 153 892 914 982">
     <span class='ocr_line' id='line_1_7' title="bbox 153 892 914 982; baseline -0.005 -16"><span class='ocrx_word' id='word_1_45' title='bbox 153 909 199 967; x_wconf 78' lang='grc' dir='ltr'>καὶ</span> <span class='ocrx_word' id='word_1_46' title='bbox 224 901 299 978; x_wconf 77' lang='grc' dir='ltr'><em>ὅλως</em></span> <span class='ocrx_word' id='word_1_47' title='bbox 322 903 355 966; x_wconf 71' lang='grc' dir='ltr'>δὲ</span> <span class='ocrx_word' id='word_1_48' title='bbox 378 899 439 964; x_wconf 80' lang='grc' dir='ltr'>πιῖν</span> <span class='ocrx_word' id='word_1_49' title='bbox 462 897 498 965; x_wconf 84' lang='grc' dir='ltr'>τὸ</span> <span class='ocrx_word' id='word_1_50' title='bbox 522 892 556 963; x_wconf 74' lang='grc' dir='ltr'>ὂν</span> <span class='ocrx_word' id='word_1_51' title='bbox 579 900 654 982; x_wconf 57' lang='grc' dir='ltr'><em>ἔχειν</em></span> <span class='ocrx_word' id='word_1_52' title='bbox 677 893 745 962; x_wconf 75' lang='grc' dir='ltr'><em>τινὰ</em></span> <span class='ocrx_word' id='word_1_53' title='bbox 767 905 877 981; x_wconf 77' lang='grc' dir='ltr'><em>γνῶσιν</em></span> <span class='ocrx_word' id='word_1_54' title='bbox 891 896 914 962; x_wconf 65' lang='lat'>⁶.</span> 
     </span>
    </p>
   </div>
   <div class='ocr_carea' id='block_1_7' title="bbox 154 1021 1276 2607">
    <p class='ocr_par' dir='ltr' id='par_1_7' title="bbox 154 1021 1272 1716">
     <span class='ocr_line' id='line_1_8' title="bbox 225 1021 1267 1092; baseline -0.003 -12"><span class='ocrx_word' id='word_1_55' title='bbox 225 1041 253 1080; x_wconf 80' lang='lat' dir='ltr'>u.</span> <span class='ocrx_word' id='word_1_56' title='bbox 283 1024 304 1077; x_wconf 83' lang='grc' dir='ltr'>Ε</span> <span class='ocrx_word' id='word_1_57' title='bbox 314 1024 492 1092; x_wconf 82' lang='lat' dir='ltr'>Theophrasto</span> <span class='ocrx_word' id='word_1_58' title='bbox 502 1023 609 1076; x_wconf 82' lang='lat' dir='ltr'>hausta.</span> <span class='ocrx_word' id='word_1_59' title='bbox 637 1023 794 1076; x_wconf 81' lang='lat' dir='ltr'>Censorinus</span> <span class='ocrx_word' id='word_1_60' title='bbox 805 1023 847 1076; x_wconf 89' lang='lat' dir='ltr'>Di.</span> <span class='ocrx_word' id='word_1_61' title='bbox 858 1022 922 1076; x_wconf 84' lang='lat' dir='ltr'>Nat.</span> <span class='ocrx_word' id='word_1_62' title='bbox 933 1023 958 1087; x_wconf 89' lang='grc'>4,</span> <span class='ocrx_word' id='word_1_63' title='bbox 969 1024 986 1076; x_wconf 90' lang='lat'>8</span> <span class='ocrx_word' id='word_1_64' title='bbox 998 1021 1083 1076; x_wconf 81' lang='lat' dir='ltr'>tradit</span> <span class='ocrx_word' id='word_1_65' title='bbox 1093 1021 1124 1076; x_wconf 88' lang='lat' dir='ltr'>de</span> <span class='ocrx_word' id='word_1_66' title='bbox 1134 1022 1267 1077; x_wconf 86' lang='lat' dir='ltr'>hominum</span> 
     </span>
     <span class='ocr_line' id='line_1_9' title="bbox 154 1110 1269 1185; baseline -0.003 -17"><span class='ocrx_word' id='word_1_67' title='bbox 154 1115 319 1185; x_wconf 79' lang='lat' dir='ltr'>generatione</span> <span class='ocrx_word' id='word_1_68' title='bbox 347 1111 497 1166; x_wconf 79' lang='lat' dir='ltr'>Parmenidi</span> <span class='ocrx_word' id='word_1_69' title='bbox 521 1111 634 1165; x_wconf 85' lang='lat' dir='ltr'>similem</span> <span class='ocrx_word' id='word_1_70' title='bbox 662 1111 742 1165; x_wconf 84' lang='lat' dir='ltr'>fuisse</span> <span class='ocrx_word' id='word_1_71' title='bbox 772 1112 917 1180; x_wconf 79' lang='lat' dir='ltr'>opinionem</span> <span class='ocrx_word' id='word_1_72' title='bbox 944 1114 1022 1181; x_wconf 81' lang='lat' dir='ltr'>atque</span> <span class='ocrx_word' id='word_1_73' title='bbox 1047 1110 1195 1180; x_wconf 80' lang='lat' dir='ltr'>Empedocli</span> <span class='ocrx_word' id='word_1_74' title='bbox 1216 1112 1269 1179; x_wconf 77' lang='lat' dir='ltr'>(BP</span> 
     </span>
     <span class='ocr_line' id='line_1_10' title="bbox 157 1201 1270 1272; baseline 0 -15"><span class='ocrx_word' id='word_1_75' title='bbox 157 1205 225 1272; x_wconf 77' lang='lat'><strong>137).</strong></span> <span class='ocrx_word' id='word_1_76' title='bbox 263 1203 323 1257; x_wconf 81' lang='lat' dir='ltr'>Alio</span> <span class='ocrx_word' id='word_1_77' title='bbox 346 1202 402 1256; x_wconf 89' lang='lat' dir='ltr'>loco</span> <span class='ocrx_word' id='word_1_78' title='bbox 422 1201 555 1256; x_wconf 81' lang='lat' dir='ltr'>Censorio.</span> <span class='ocrx_word' id='word_1_79' title='bbox 576 1202 600 1266; x_wconf 85' lang='lat'>6,</span> <span class='ocrx_word' id='word_1_80' title='bbox 619 1201 644 1254; x_wconf 85' lang='lat'>5.</span> <span class='ocrx_word' id='word_1_81' title='bbox 664 1202 728 1254; x_wconf 81' lang='lat' dir='ltr'>Dor.</span> <span class='ocrx_word' id='word_1_82' title='bbox 749 1203 808 1255; x_wconf 75' lang='lat'>191,</span> <span class='ocrx_word' id='word_1_83' title='bbox 832 1201 903 1254; x_wconf 80' lang='lat' dir='ltr'>inter</span> <span class='ocrx_word' id='word_1_84' title='bbox 927 1218 955 1255; x_wconf 88' lang='lat' dir='ltr'>se</span> <span class='ocrx_word' id='word_1_85' title='bbox 980 1207 1082 1257; x_wconf 84' lang='lat' dir='ltr'>certare</span> <span class='ocrx_word' id='word_1_86' title='bbox 1101 1202 1220 1268; x_wconf 80' lang='lat' dir='ltr'>seminas</span> <span class='ocrx_word' id='word_1_87' title='bbox 1245 1209 1270 1257; x_wconf 87' lang='lat' dir='ltr'>et</span> 
     </span>
     <span class='ocr_line' id='line_1_11' title="bbox 155 1289 1272 1362; baseline -0.002 -16"><span class='ocrx_word' id='word_1_88' title='bbox 155 1311 249 1360; x_wconf 88' lang='lat' dir='ltr'>rnarcs,</span> <span class='ocrx_word' id='word_1_89' title='bbox 269 1299 294 1347; x_wconf 91' lang='lat' dir='ltr'>et</span> <span class='ocrx_word' id='word_1_90' title='bbox 310 1309 393 1362; x_wconf 85' lang='lat' dir='ltr'>penes</span> <span class='ocrx_word' id='word_1_91' title='bbox 412 1297 503 1345; x_wconf 84' lang='lat' dir='ltr'>utram</span> <span class='ocrx_word' id='word_1_92' title='bbox 523 1291 638 1344; x_wconf 82' lang='lat' dir='ltr'>uictoria</span> <span class='ocrx_word' id='word_1_93' title='bbox 657 1291 701 1357; x_wconf 82' lang='lat' dir='ltr'>sit,</span> <span class='ocrx_word' id='word_1_94' title='bbox 722 1291 780 1344; x_wconf 86' lang='lat' dir='ltr'>eius</span> <span class='ocrx_word' id='word_1_95' title='bbox 798 1291 918 1344; x_wconf 82' lang='lat' dir='ltr'>habitam</span> <span class='ocrx_word' id='word_1_96' title='bbox 935 1291 1032 1358; x_wconf 72' lang='lat' dir='ltr'>referri</span> <span class='ocrx_word' id='word_1_97' title='bbox 1045 1297 1140 1344; x_wconf 66' lang='lat' dir='ltr'>aanor</span> <span class='ocrx_word' id='word_1_98' title='bbox 1153 1297 1192 1344; x_wconf 85' lang='lat' dir='ltr'>est</span> <span class='ocrx_word' id='word_1_99' title='bbox 1205 1289 1272 1344; x_wconf 87' lang='lat' dir='ltr'>Par-</span> 
     </span>
     <span class='ocr_line' id='line_1_12' title="bbox 155 1379 1270 1448; baseline -0.004 -12"><span class='ocrx_word' id='word_1_100' title='bbox 155 1382 281 1436; x_wconf 83' lang='lat' dir='ltr'>menides.</span> <span class='ocrx_word' id='word_1_101' title='bbox 306 1381 411 1445; x_wconf 84' lang='lat' dir='ltr'>Versus,</span> <span class='ocrx_word' id='word_1_102' title='bbox 430 1379 476 1448; x_wconf 89' lang='lat' dir='ltr'>qni</span> <span class='ocrx_word' id='word_1_103' title='bbox 494 1380 544 1433; x_wconf 89' lang='lat' dir='ltr'>hnc</span> <span class='ocrx_word' id='word_1_104' title='bbox 563 1381 702 1448; x_wconf 78' lang='lat' dir='ltr'>pertinent,</span> <span class='ocrx_word' id='word_1_105' title='bbox 722 1379 805 1433; x_wconf 85' lang='lat' dir='ltr'>latine</span> <span class='ocrx_word' id='word_1_106' title='bbox 820 1395 954 1434; x_wconf 85' lang='lat' dir='ltr'>conversas</span> <span class='ocrx_word' id='word_1_107' title='bbox 968 1381 1083 1434; x_wconf 81' lang='lat' dir='ltr'>servavit</span> <span class='ocrx_word' id='word_1_108' title='bbox 1097 1379 1204 1434; x_wconf 80' lang='lat' dir='ltr'>Caelius</span> <span class='ocrx_word' id='word_1_109' title='bbox 1217 1379 1270 1434; x_wconf 83' lang='lat' dir='ltr'>An-</span> 
     </span>
     <span class='ocr_line' id='line_1_13' title="bbox 156 1468 1271 1538; baseline -0.002 -12"><span class='ocrx_word' id='word_1_110' title='bbox 156 1472 272 1526; x_wconf 83' lang='lat' dir='ltr'>relianus</span> <span class='ocrx_word' id='word_1_111' title='bbox 300 1471 330 1524; x_wconf 90' lang='lat' dir='ltr'>de</span> <span class='ocrx_word' id='word_1_112' title='bbox 358 1469 440 1524; x_wconf 87' lang='lat' dir='ltr'>Morb.</span> <span class='ocrx_word' id='word_1_113' title='bbox 464 1469 559 1523; x_wconf 85' lang='lat' dir='ltr'>Ghron.</span> <span class='ocrx_word' id='word_1_114' title='bbox 579 1468 618 1522; x_wconf 93' lang='lat' dir='ltr'>IV</span> <span class='ocrx_word' id='word_1_115' title='bbox 637 1471 661 1522; x_wconf 85' lang='lat'>9.</span> <span class='ocrx_word' id='word_1_116' title='bbox 687 1486 710 1538; x_wconf 93' lang='lat' dir='ltr'>p.</span> <span class='ocrx_word' id='word_1_117' title='bbox 730 1469 783 1523; x_wconf 83' lang='grc'>545</span> <span class='ocrx_word' id='word_1_118' title='bbox 803 1469 898 1522; x_wconf 85' lang='lat' dir='ltr'>Wetst.</span> <span class='ocrx_word' id='word_1_119' title='bbox 935 1469 1111 1524; x_wconf 80' lang='lat' dir='ltr'>Parmenides</span> <span class='ocrx_word' id='word_1_120' title='bbox 1138 1471 1168 1523; x_wconf 79' lang='lat' dir='ltr'>in</span> <span class='ocrx_word' id='word_1_121' title='bbox 1196 1469 1271 1524; x_wconf 83' lang='lat' dir='ltr'>libris</span> 
     </span>
     <span class='ocr_line' id='line_1_14' title="bbox 156 1558 1271 1630; baseline -0.002 -16"><span class='ocrx_word' id='word_1_122' title='bbox 156 1577 223 1630; x_wconf 81' lang='lat' dir='ltr'>qaas</span> <span class='ocrx_word' id='word_1_123' title='bbox 247 1561 280 1614; x_wconf 81' lang='lat' dir='ltr'>de</span> <span class='ocrx_word' id='word_1_124' title='bbox 307 1566 409 1614; x_wconf 83' lang='lat' dir='ltr'>natura</span> <span class='ocrx_word' id='word_1_125' title='bbox 434 1560 544 1628; x_wconf 72' lang='lat' dir='ltr'>scripsit</span> <span class='ocrx_word' id='word_1_126' title='bbox 570 1563 665 1612; x_wconf 85' lang='lat' dir='ltr'>eventa</span> <span class='ocrx_word' id='word_1_127' title='bbox 689 1558 779 1626; x_wconf 77' lang='lat' dir='ltr'>inanit</span> <span class='ocrx_word' id='word_1_128' title='bbox 804 1559 986 1625; x_wconf 79' lang='lat' dir='ltr'>conceptionis</span> <span class='ocrx_word' id='word_1_129' title='bbox 1009 1559 1099 1612; x_wconf 69' lang='lat' dir='ltr'>nunties</span> <span class='ocrx_word' id='word_1_130' title='bbox 1123 1558 1271 1628; x_wconf 76' lang='lat' dir='ltr'>aliqnando</span> 
     </span>
     <span class='ocr_line' id='line_1_15' title="bbox 157 1647 732 1716; baseline -0.005 -14"><span class='ocrx_word' id='word_1_131' title='bbox 157 1667 204 1702; x_wconf 85' lang='lat' dir='ltr'>sen</span> <span class='ocrx_word' id='word_1_132' title='bbox 222 1649 346 1703; x_wconf 76' lang='lat' dir='ltr'>serbaetos</span> <span class='ocrx_word' id='word_1_133' title='bbox 365 1647 483 1702; x_wconf 85' lang='lat' dir='ltr'>homines</span> <span class='ocrx_word' id='word_1_134' title='bbox 501 1649 627 1716; x_wconf 72' lang='lat' dir='ltr'>generari</span> <span class='ocrx_word' id='word_1_135' title='bbox 646 1689 651 1700; x_wconf 93' lang='lat'>.</span> <span class='ocrx_word' id='word_1_136' title='bbox 673 1688 679 1700; x_wconf 92' lang='lat'><strong>.</strong></span> <span class='ocrx_word' id='word_1_137' title='bbox 700 1686 732 1700; x_wconf 90' lang='lat'>..</span> 
     </span>
    </p>

    <p class='ocr_par' dir='ltr' id='par_1_8' title="bbox 157 1736 1272 1805">
     <span class='ocr_line' id='line_1_16' title="bbox 157 1736 1272 1805; baseline 0.001 -15"><span class='ocrx_word' id='word_1_138' title='bbox 157 1738 290 1805; x_wconf 81' lang='lat' dir='ltr'>(Karsten)</span> <span class='ocrx_word' id='word_1_139' title='bbox 310 1737 362 1791; x_wconf 86' lang='grc'>150</span> <span class='ocrx_word' id='word_1_140' title='bbox 381 1737 479 1790; x_wconf 79' lang='lat' dir='ltr'>femina</span> <span class='ocrx_word' id='word_1_141' title='bbox 496 1737 586 1805; x_wconf 83' lang='lat' dir='ltr'>virque</span> <span class='ocrx_word' id='word_1_142' title='bbox 605 1737 686 1790; x_wconf 83' lang='lat' dir='ltr'>simul</span> <span class='ocrx_word' id='word_1_143' title='bbox 705 1736 813 1790; x_wconf 85' lang='lat' dir='ltr'>Veneris</span> <span class='ocrx_word' id='word_1_144' title='bbox 831 1752 889 1790; x_wconf 90' lang='lat' dir='ltr'>cum</span> <span class='ocrx_word' id='word_1_145' title='bbox 911 1737 1030 1805; x_wconf 81' lang='lat' dir='ltr'>germina</span> <span class='ocrx_word' id='word_1_146' title='bbox 1047 1739 1167 1802; x_wconf 79' lang='lat' dir='ltr'>miscent,</span> <span class='ocrx_word' id='word_1_147' title='bbox 1220 1737 1272 1791; x_wconf 88' lang='grc'>143</span> 
     </span>
    </p>

    <p class='ocr_par' dir='ltr' id='par_1_9' title="bbox 387 1824 1078 1894">
     <span class='ocr_line' id='line_1_17' title="bbox 387 1824 1078 1894; baseline 0.003 -16"><span class='ocrx_word' id='word_1_148' title='bbox 387 1826 465 1878; x_wconf 82' lang='lat' dir='ltr'>nnius</span> <span class='ocrx_word' id='word_1_149' title='bbox 484 1827 511 1880; x_wconf 95' lang='lat' dir='ltr'>in</span> <span class='ocrx_word' id='word_1_150' title='bbox 532 1824 659 1880; x_wconf 88' lang='lat' dir='ltr'>formnm¹</span> <span class='ocrx_word' id='word_1_151' title='bbox 680 1825 781 1880; x_wconf 84' lang='lat' dir='ltr'>diverso</span> <span class='ocrx_word' id='word_1_152' title='bbox 799 1841 828 1878; x_wconf 84' lang='lat' dir='ltr'>ex</span> <span class='ocrx_word' id='word_1_153' title='bbox 846 1826 975 1894; x_wconf 79' lang='lat' dir='ltr'>sanguine</span> <span class='ocrx_word' id='word_1_154' title='bbox 993 1827 1078 1880; x_wconf 81' lang='lat' dir='ltr'>virtus</span> 
     </span>
    </p>

    <p class='ocr_par' dir='ltr' id='par_1_10' title="bbox 387 1913 1273 1986">
     <span class='ocr_line' id='line_1_18' title="bbox 387 1913 1273 1986; baseline 0.002 -18"><span class='ocrx_word' id='word_1_155' title='bbox 387 1915 535 1983; x_wconf 87' lang='lat' dir='ltr'>temperiem</span> <span class='ocrx_word' id='word_1_156' title='bbox 555 1930 660 1968; x_wconf 82' lang='lat' dir='ltr'>servans</span> <span class='ocrx_word' id='word_1_157' title='bbox 679 1913 743 1968; x_wconf 89' lang='lat' dir='ltr'>bene</span> <span class='ocrx_word' id='word_1_158' title='bbox 765 1914 873 1968; x_wconf 83' lang='lat' dir='ltr'>condita</span> <span class='ocrx_word' id='word_1_159' title='bbox 891 1931 996 1984; x_wconf 83' lang='lat' dir='ltr'>corpora</span> <span class='ocrx_word' id='word_1_160' title='bbox 1015 1915 1102 1986; x_wconf 81' lang='lat' dir='ltr'>fingit.</span> <span class='ocrx_word' id='word_1_161' title='bbox 1222 1916 1273 1970; x_wconf 82' lang='grc'>145</span> 
     </span>
    </p>

    <p class='ocr_par' dir='ltr' id='par_1_11' title="bbox 388 2003 990 2075">
     <span class='ocr_line' id='line_1_19' title="bbox 388 2003 990 2075; baseline 0.002 -19"><span class='ocrx_word' id='word_1_162' title='bbox 388 2005 418 2056; x_wconf 85' lang='lat' dir='ltr'>at</span> <span class='ocrx_word' id='word_1_163' title='bbox 437 2004 458 2056; x_wconf 90' lang='lat' dir='ltr'>si</span> <span class='ocrx_word' id='word_1_164' title='bbox 479 2003 592 2075; x_wconf 82' lang='lat' dir='ltr'>virtutes</span> <span class='ocrx_word' id='word_1_165' title='bbox 611 2003 738 2072; x_wconf 81' lang='lat' dir='ltr'>permixto</span> <span class='ocrx_word' id='word_1_166' title='bbox 757 2004 853 2057; x_wconf 87' lang='lat' dir='ltr'>semine</span> <span class='ocrx_word' id='word_1_167' title='bbox 871 2005 990 2074; x_wconf 85' lang='lat' dir='ltr'>pugnent</span> 
     </span>
    </p>

    <p class='ocr_par' dir='ltr' id='par_1_12' title="bbox 386 2092 1131 2163">
     <span class='ocr_line' id='line_1_20' title="bbox 386 2092 1131 2163; baseline 0.003 -19"><span class='ocrx_word' id='word_1_168' title='bbox 386 2108 432 2146; x_wconf 88' lang='lat' dir='ltr'>nec</span> <span class='ocrx_word' id='word_1_169' title='bbox 452 2093 554 2148; x_wconf 78' lang='lat' dir='ltr'>facient</span> <span class='ocrx_word' id='word_1_170' title='bbox 571 2109 651 2146; x_wconf 82' lang='lat' dir='ltr'>unam</span> <span class='ocrx_word' id='word_1_171' title='bbox 670 2093 796 2162; x_wconf 83' lang='lat' dir='ltr'>permixto</span> <span class='ocrx_word' id='word_1_172' title='bbox 815 2093 841 2146; x_wconf 91' lang='lat' dir='ltr'>in</span> <span class='ocrx_word' id='word_1_173' title='bbox 862 2109 965 2161; x_wconf 83' lang='lat' dir='ltr'>corpore</span> <span class='ocrx_word' id='word_1_174' title='bbox 984 2092 1056 2146; x_wconf 82' lang='lat' dir='ltr'>dirae</span> <span class='ocrx_word' id='word_1_175' title='bbox 1076 2093 1131 2163; x_wconf 79' lang='lat'><strong>[?],</strong></span> 
     </span>
    </p>

    <p class='ocr_par' dir='ltr' id='par_1_13' title="bbox 318 2181 1042 2251">
     <span class='ocr_line' id='line_1_21' title="bbox 318 2181 1042 2251; baseline 0 -15"><span class='ocrx_word' id='word_1_176' title='bbox 318 2181 370 2236; x_wconf 88' lang='grc'>155</span> <span class='ocrx_word' id='word_1_177' title='bbox 389 2184 539 2236; x_wconf 80' lang='lat' dir='ltr'>nascentem</span> <span class='ocrx_word' id='word_1_178' title='bbox 558 2183 661 2251; x_wconf 86' lang='lat' dir='ltr'>gemino</span> <span class='ocrx_word' id='word_1_179' title='bbox 680 2181 811 2236; x_wconf 81' lang='lat' dir='ltr'>vexabunt</span> <span class='ocrx_word' id='word_1_180' title='bbox 829 2183 927 2236; x_wconf 87' lang='lat' dir='ltr'>semine</span> <span class='ocrx_word' id='word_1_181' title='bbox 946 2199 1042 2237; x_wconf 83' lang='lat' dir='ltr'>senum.</span> 
     </span>
    </p>

    <p class='ocr_par' dir='ltr' id='par_1_14' title="bbox 159 2271 1276 2607">
     <span class='ocr_line' id='line_1_22' title="bbox 165 2271 1275 2340; baseline 0.001 -15"><span class='ocrx_word' id='word_1_182' title='bbox 165 2272 227 2325; x_wconf 85' lang='lat' dir='ltr'>Vatt</span> <span class='ocrx_word' id='word_1_183' title='bbox 245 2271 315 2325; x_wconf 88' lang='lat' dir='ltr'>enim</span> <span class='ocrx_word' id='word_1_184' title='bbox 332 2271 462 2324; x_wconf 84' lang='lat' dir='ltr'>seminam</span> <span class='ocrx_word' id='word_1_185' title='bbox 487 2277 593 2339; x_wconf 85' lang='lat' dir='ltr'>praeter</span> <span class='ocrx_word' id='word_1_186' title='bbox 617 2271 744 2325; x_wconf 81' lang='lat' dir='ltr'>materias</span> <span class='ocrx_word' id='word_1_187' title='bbox 768 2289 824 2325; x_wconf 89' lang='lat' dir='ltr'>esse</span> <span class='ocrx_word' id='word_1_188' title='bbox 848 2272 962 2326; x_wconf 83' lang='lat' dir='ltr'>uirtutes</span> <span class='ocrx_word' id='word_1_189' title='bbox 981 2289 1049 2340; x_wconf 80' lang='lat' dir='ltr'>qnae</span> <span class='ocrx_word' id='word_1_190' title='bbox 1067 2273 1093 2326; x_wconf 84' lang='lat' dir='ltr'>si</span> <span class='ocrx_word' id='word_1_191' title='bbox 1111 2289 1138 2326; x_wconf 91' lang='lat' dir='ltr'>se</span> <span class='ocrx_word' id='word_1_192' title='bbox 1156 2273 1196 2326; x_wconf 89' lang='lat' dir='ltr'>ita</span> <span class='ocrx_word' id='word_1_193' title='bbox 1214 2273 1275 2327; x_wconf 87' lang='lat' dir='ltr'>nris-</span> 
     </span>
     <span class='ocr_line' id='line_1_23' title="bbox 159 2359 1276 2430; baseline 0.002 -16"><span class='ocrx_word' id='word_1_194' title='bbox 159 2361 263 2414; x_wconf 85' lang='lat' dir='ltr'>enerint</span> <span class='ocrx_word' id='word_1_195' title='bbox 287 2365 317 2412; x_wconf 88' lang='lat' dir='ltr'>nt</span> <span class='ocrx_word' id='word_1_196' title='bbox 341 2359 458 2414; x_wconf 79' lang='lat' dir='ltr'>eiusdem</span> <span class='ocrx_word' id='word_1_197' title='bbox 477 2361 598 2428; x_wconf 87' lang='lat' dir='ltr'>eorporis</span> <span class='ocrx_word' id='word_1_198' title='bbox 622 2360 730 2426; x_wconf 83' lang='lat' dir='ltr'>faciant</span> <span class='ocrx_word' id='word_1_199' title='bbox 754 2377 848 2425; x_wconf 85' lang='lat' dir='ltr'>anam,</span> <span class='ocrx_word' id='word_1_200' title='bbox 873 2377 1020 2429; x_wconf 75' lang='lat' dir='ltr'>congruam</span> <span class='ocrx_word' id='word_1_201' title='bbox 1043 2361 1125 2415; x_wconf 83' lang='lat' dir='ltr'>seaai</span> <span class='ocrx_word' id='word_1_202' title='bbox 1148 2368 1276 2430; x_wconf 73' lang='lat' dir='ltr'>generent</span> 
     </span>
     <span class='ocr_line' id='line_1_24' title="bbox 160 2449 1275 2520; baseline 0.001 -18"><span class='ocrx_word' id='word_1_203' title='bbox 160 2450 321 2504; x_wconf 80' lang='lat' dir='ltr'>uoluntatem</span> <span class='ocrx_word' id='word_1_204' title='bbox 326 2470 336 2516; x_wconf 89' lang='lat'><em>;</em></span> <span class='ocrx_word' id='word_1_205' title='bbox 360 2449 385 2502; x_wconf 87' lang='lat' dir='ltr'>si</span> <span class='ocrx_word' id='word_1_206' title='bbox 408 2455 496 2503; x_wconf 85' lang='lat' dir='ltr'>antem</span> <span class='ocrx_word' id='word_1_207' title='bbox 510 2450 646 2517; x_wconf 77' lang='lat' dir='ltr'>perminto</span> <span class='ocrx_word' id='word_1_208' title='bbox 664 2449 763 2503; x_wconf 88' lang='lat' dir='ltr'>semine</span> <span class='ocrx_word' id='word_1_209' title='bbox 781 2465 906 2517; x_wconf 84' lang='lat' dir='ltr'>corporeo</span> <span class='ocrx_word' id='word_1_210' title='bbox 924 2449 1037 2504; x_wconf 81' lang='lat' dir='ltr'>uirtutes</span> <span class='ocrx_word' id='word_1_211' title='bbox 1054 2457 1196 2518; x_wconf 74' lang='lat' dir='ltr'>separatae</span> <span class='ocrx_word' id='word_1_212' title='bbox 1213 2467 1275 2520; x_wconf 88' lang='lat' dir='ltr'>per-</span> 
     </span>
     <span class='ocr_line' id='line_1_25' title="bbox 161 2523 1032 2607; baseline 0 -15"><span class='ocrx_word' id='word_1_213' title='bbox 161 2523 318 2602; x_wconf 79' lang='lat' dir='ltr'>manserint,</span> <span class='ocrx_word' id='word_1_214' title='bbox 338 2541 482 2606; x_wconf 77' lang='lat' dir='ltr'>aeriasque</span> <span class='ocrx_word' id='word_1_215' title='bbox 500 2539 604 2592; x_wconf 81' lang='lat' dir='ltr'>ueneris</span> <span class='ocrx_word' id='word_1_216' title='bbox 622 2544 702 2592; x_wconf 90' lang='lat' dir='ltr'>natos</span> <span class='ocrx_word' id='word_1_217' title='bbox 721 2539 876 2607; x_wconf 79' lang='lat' dir='ltr'>appetentia</span> <span class='ocrx_word' id='word_1_218' title='bbox 894 2545 1032 2607; x_wconf 79' lang='lat' dir='ltr'>sequatur.</span> 
     </span>
    </p>
   </div>
   <div class='ocr_carea' id='block_1_8' title="bbox 162 2644 1277 2804">
    <p class='ocr_par' dir='ltr' id='par_1_15' title="bbox 162 2644 1277 2804">
     <span class='ocr_line' id='line_1_26' title="bbox 232 2644 1277 2716; baseline 0.002 -16"><span class='ocrx_word' id='word_1_219' title='bbox 232 2645 262 2700; x_wconf 83' lang='lat' dir='ltr'>b.</span> <span class='ocrx_word' id='word_1_220' title='bbox 282 2644 303 2696; x_wconf 82' lang='grc' dir='ltr'><strong>Ε</strong></span> <span class='ocrx_word' id='word_1_221' title='bbox 323 2645 445 2713; x_wconf 89' lang='lat' dir='ltr'>temperie</span> <span class='ocrx_word' id='word_1_222' title='bbox 463 2645 576 2713; x_wconf 88' lang='lat' dir='ltr'>corporis</span> <span class='ocrx_word' id='word_1_223' title='bbox 595 2645 769 2698; x_wconf 78' lang='lat' dir='ltr'>constituitur</span> <span class='ocrx_word' id='word_1_224' title='bbox 788 2646 946 2714; x_wconf 81' lang='lat' dir='ltr'>cognitionis</span> <span class='ocrx_word' id='word_1_225' title='bbox 965 2649 1069 2699; x_wconf 80' lang='lat' dir='ltr'>nature.</span> <span class='ocrx_word' id='word_1_226' title='bbox 1107 2645 1180 2713; x_wconf 83' lang='lat' dir='ltr'>Quod</span> <span class='ocrx_word' id='word_1_227' title='bbox 1204 2663 1277 2716; x_wconf 83' lang='lat' dir='ltr'>prae-</span> 
     </span>
     <span class='ocr_line' id='line_1_27' title="bbox 162 2725 1277 2804; baseline -0.001 -16"><span class='ocrx_word' id='word_1_228' title='bbox 162 2734 241 2798; x_wconf 84' lang='lat' dir='ltr'>volet,</span> <span class='ocrx_word' id='word_1_229' title='bbox 256 2735 297 2788; x_wconf 84' lang='lat' dir='ltr'>est</span> <span class='ocrx_word' id='word_1_230' title='bbox 310 2733 446 2802; x_wconf 84' lang='lat' dir='ltr'>cogitatio,</span> <span class='ocrx_word' id='word_1_231' title='bbox 466 2731 593 2801; x_wconf 82' lang='lat' dir='ltr'>Theophr.</span> <span class='ocrx_word' id='word_1_232' title='bbox 608 2732 625 2786; x_wconf 90' lang='lat' dir='ltr'>l.</span> <span class='ocrx_word' id='word_1_233' title='bbox 638 2750 659 2787; x_wconf 87' lang='grc' dir='ltr'>ο.</span> <span class='ocrx_word' id='word_1_234' title='bbox 669 2751 674 2785; x_wconf 94' lang='lat'><strong>:</strong></span> <span class='ocrx_word' id='word_1_235' title='bbox 685 2725 773 2785; x_wconf 74' lang='grc' dir='ltr'><em>’δυοῖν</em></span> <span class='ocrx_word' id='word_1_236' title='bbox 792 2728 883 2784; x_wconf 82' lang='grc' dir='ltr'><em>ὄντοιν</em></span> <span class='ocrx_word' id='word_1_237' title='bbox 902 2737 1045 2800; x_wconf 79' lang='grc' dir='ltr'><em>στοιχείων</em></span> <span class='ocrx_word' id='word_1_238' title='bbox 1063 2733 1131 2786; x_wconf 75' lang='lat' dir='ltr'>nurci</span> <span class='ocrx_word' id='word_1_239' title='bbox 1145 2735 1177 2785; x_wconf 72' lang='grc' dir='ltr'>το·</span> <span class='ocrx_word' id='word_1_240' title='bbox 1193 2733 1277 2804; x_wconf 75' lang='grc' dir='ltr'><em>οἷπερ-</em></span> 
     </span>
    </p>
   </div>
   <div class='ocr_carea' id='block_1_9' title="bbox 162 2821 1278 3070">
    <p class='ocr_par' dir='ltr' id='par_1_16' title="bbox 162 2821 1278 3070">
     <span class='ocr_line' id='line_1_28' title="bbox 162 2821 1278 2894; baseline 0.004 -20"><span class='ocrx_word' id='word_1_241' title='bbox 162 2821 261 2891; x_wconf 76' lang='grc' dir='ltr'><em>ῥιὶλλον</em></span> <span class='ocrx_word' id='word_1_242' title='bbox 285 2821 359 2874; x_wconf 73' lang='grc' dir='ltr'><em>ἐστὶν</em></span> <span class='ocrx_word' id='word_1_243' title='bbox 379 2823 393 2885; x_wconf 85' lang='grc' dir='ltr'>η’</span> <span class='ocrx_word' id='word_1_244' title='bbox 411 2823 520 2890; x_wconf 78' lang='grc' dir='ltr'><em>γνῶσις.</em></span> <span class='ocrx_word' id='word_1_245' title='bbox 558 2821 613 2876; x_wconf 87' lang='lat' dir='ltr'>Atii</span> <span class='ocrx_word' id='word_1_246' title='bbox 637 2821 664 2875; x_wconf 91' lang='lat' dir='ltr'>id</span> <span class='ocrx_word' id='word_1_247' title='bbox 688 2838 738 2890; x_wconf 90' lang='lat' dir='ltr'>quo</span> <span class='ocrx_word' id='word_1_248' title='bbox 764 2822 924 2892; x_wconf 79' lang='lat' dir='ltr'>compleatur</span> <span class='ocrx_word' id='word_1_249' title='bbox 949 2826 976 2876; x_wconf 91' lang='lat' dir='ltr'>et</span> <span class='ocrx_word' id='word_1_250' title='bbox 1003 2823 1158 2878; x_wconf 84' lang='lat' dir='ltr'>conficiatur</span> <span class='ocrx_word' id='word_1_251' title='bbox 1185 2841 1278 2894; x_wconf 83' lang='lat' dir='ltr'>eorpus</span> 
     </span>
     <span class='ocr_line' id='line_1_29' title="bbox 163 2908 1278 2983; baseline 0.004 -21"><span class='ocrx_word' id='word_1_252' title='bbox 163 2911 204 2978; x_wconf 74' lang='lat' dir='ltr'>(rt</span> <span class='ocrx_word' id='word_1_253' title='bbox 224 2908 358 2981; x_wconf 71' lang='grc' dir='ltr'><em>ἔμπλεων,</em></span> <span class='ocrx_word' id='word_1_254' title='bbox 378 2911 410 2966; x_wconf 86' lang='lat' dir='ltr'>of.</span> <span class='ocrx_word' id='word_1_255' title='bbox 430 2912 465 2966; x_wconf 88' lang='grc'>80</span> <span class='ocrx_word' id='word_1_256' title='bbox 483 2915 511 2964; x_wconf 93' lang='lat' dir='ltr'>et</span> <span class='ocrx_word' id='word_1_257' title='bbox 526 2912 596 2978; x_wconf 81' lang='lat'>124),</span> <span class='ocrx_word' id='word_1_258' title='bbox 616 2912 664 2965; x_wconf 84' lang='lat' dir='ltr'>alii</span> <span class='ocrx_word' id='word_1_259' title='bbox 683 2912 742 2980; x_wconf 87' lang='lat' dir='ltr'>plus</span> <span class='ocrx_word' id='word_1_260' title='bbox 762 2913 803 2966; x_wconf 91' lang='lat' dir='ltr'>vel</span> <span class='ocrx_word' id='word_1_261' title='bbox 822 2912 964 2980; x_wconf 88' lang='lat' dir='ltr'>plurimum</span> <span class='ocrx_word' id='word_1_262' title='bbox 984 2912 1025 2966; x_wconf 85' lang='lat' dir='ltr'>rel</span> <span class='ocrx_word' id='word_1_263' title='bbox 1044 2914 1177 2982; x_wconf 88' lang='lat' dir='ltr'>potentius</span> <span class='ocrx_word' id='word_1_264' title='bbox 1196 2914 1278 2983; x_wconf 83' lang='lat' dir='ltr'>signi·</span> 
     </span>
     <span class='ocr_line' id='line_1_30' title="bbox 164 3001 361 3070; baseline 0 -16"><span class='ocrx_word' id='word_1_265' title='bbox 164 3001 237 3055; x_wconf 84' lang='lat' dir='ltr'>ficari</span> <span class='ocrx_word' id='word_1_266' title='bbox 257 3004 361 3070; x_wconf 81' lang='lat' dir='ltr'>putant.</span> 
     </span>
    </p>
   </div>
   <div class='ocr_carea' id='block_1_10' title="bbox 234 3103 1278 3178">
    <p class='ocr_par' dir='ltr' id='par_1_17' title="bbox 234 3103 1278 3178">
     <span class='ocr_line' id='line_1_31' title="bbox 234 3103 1278 3178; baseline 0 -16"><span class='ocrx_word' id='word_1_267' title='bbox 234 3122 260 3162; x_wconf 84' lang='lat' dir='ltr'>c.</span> <span class='ocrx_word' id='word_1_268' title='bbox 289 3108 346 3161; x_wconf 90' lang='lat' dir='ltr'>Non</span> <span class='ocrx_word' id='word_1_269' title='bbox 368 3112 426 3158; x_wconf 80' lang='grc' dir='ltr'><em>ταῖν</em></span> <span class='ocrx_word' id='word_1_270' title='bbox 445 3111 584 3174; x_wconf 77' lang='grc' dir='ltr'><em>στοιχείων</em></span> <span class='ocrx_word' id='word_1_271' title='bbox 603 3107 646 3160; x_wconf 84' lang='lat' dir='ltr'>sed</span> <span class='ocrx_word' id='word_1_272' title='bbox 665 3103 720 3159; x_wconf 81' lang='grc' dir='ltr'>οἷπό</span> <span class='ocrx_word' id='word_1_273' title='bbox 740 3110 790 3158; x_wconf 85' lang='grc' dir='ltr'>τοῦ</span> <span class='ocrx_word' id='word_1_274' title='bbox 810 3107 996 3160; x_wconf 73' lang='grc' dir='ltr'><em>αἰσθάνεσθαι</em></span> <span class='ocrx_word' id='word_1_275' title='bbox 1015 3111 1058 3160; x_wconf 85' lang='grc' dir='ltr'>καὶ</span> <span class='ocrx_word' id='word_1_276' title='bbox 1085 3112 1131 3160; x_wconf 77' lang='grc' dir='ltr'>τοῦ</span> <span class='ocrx_word' id='word_1_277' title='bbox 1156 3115 1278 3178; x_wconf 77' lang='grc' dir='ltr'><em>φρονεῖν.</em></span> 
     </span>
    </p>
   </div>
   <div class='ocr_carea' id='block_1_11' title="bbox 164 3214 1278 3374">
    <p class='ocr_par' dir='ltr' id='par_1_18' title="bbox 164 3214 1278 3374">
     <span class='ocr_line' id='line_1_32' title="bbox 235 3214 1278 3292; baseline 0.002 -24"><span class='ocrx_word' id='word_1_278' title='bbox 235 3217 264 3270; x_wconf 83' lang='lat' dir='ltr'>d.</span> <span class='ocrx_word' id='word_1_279' title='bbox 293 3215 324 3268; x_wconf 92' lang='lat' dir='ltr'>In</span> <span class='ocrx_word' id='word_1_280' title='bbox 344 3215 394 3268; x_wconf 86' lang='lat' dir='ltr'>fine</span> <span class='ocrx_word' id='word_1_281' title='bbox 413 3216 497 3284; x_wconf 86' lang='lat' dir='ltr'>partis</span> <span class='ocrx_word' id='word_1_282' title='bbox 517 3215 625 3268; x_wconf 82' lang='lat' dir='ltr'>ulterius</span> <span class='ocrx_word' id='word_1_283' title='bbox 644 3214 691 3268; x_wconf 84' lang='lat' dir='ltr'>hos</span> <span class='ocrx_word' id='word_1_284' title='bbox 710 3214 791 3269; x_wconf 85' lang='lat' dir='ltr'>fuisse</span> <span class='ocrx_word' id='word_1_285' title='bbox 811 3233 899 3269; x_wconf 82' lang='lat' dir='ltr'>versus</span> <span class='ocrx_word' id='word_1_286' title='bbox 918 3219 1035 3270; x_wconf 83' lang='lat' dir='ltr'>testetur</span> <span class='ocrx_word' id='word_1_287' title='bbox 1053 3216 1146 3292; x_wconf 82' lang='lat' dir='ltr'>Simpl.</span> <span class='ocrx_word' id='word_1_288' title='bbox 1161 3216 1192 3270; x_wconf 88' lang='lat' dir='ltr'>de</span> <span class='ocrx_word' id='word_1_289' title='bbox 1206 3218 1278 3271; x_wconf 81' lang='lat' dir='ltr'>Cael.</span> 
     </span>
     <span class='ocr_line' id='line_1_33' title="bbox 164 3301 1244 3374; baseline -0.002 -16"><span class='ocrx_word' id='word_1_290' title='bbox 164 3306 217 3358; x_wconf 83' lang='lat'>509</span> <span class='ocrx_word' id='word_1_291' title='bbox 231 3305 252 3358; x_wconf 49' lang='lat' dir='ltr'>b,</span> <span class='ocrx_word' id='word_1_292' title='bbox 290 3301 430 3373; x_wconf 68' lang='grc' dir='ltr'><em>παραδούς</em></span> <span class='ocrx_word' id='word_1_293' title='bbox 449 3302 481 3355; x_wconf 77' lang='grc' dir='ltr'>δὲ</span> <span class='ocrx_word' id='word_1_294' title='bbox 500 3302 548 3366; x_wconf 79' lang='grc' dir='ltr'><em>τη“ν</em></span> <span class='ocrx_word' id='word_1_295' title='bbox 568 3307 622 3354; x_wconf 76' lang='grc' dir='ltr'>τῶν</span> <span class='ocrx_word' id='word_1_296' title='bbox 641 3307 782 3365; x_wconf 72' lang='grc' dir='ltr'><em>αἰσθητῶν</em></span> <span class='ocrx_word' id='word_1_297' title='bbox 801 3301 982 3374; x_wconf 73' lang='grc' dir='ltr'><em>διακόσμησιν</em></span> <span class='ocrx_word' id='word_1_298' title='bbox 1001 3302 1125 3373; x_wconf 75' lang='grc' dir='ltr'><em>ἐπήγαγε</em></span> <span class='ocrx_word' id='word_1_299' title='bbox 1144 3301 1244 3356; x_wconf 78' lang='grc' dir='ltr'><em>πάλιν·</em></span> 
     </span>
    </p>
   </div>
   <div class='ocr_carea' id='block_1_12' title="bbox 292 3405 1161 3662">
    <p class='ocr_par' dir='ltr' id='par_1_19' title="bbox 292 3405 1161 3662">
     <span class='ocr_line' id='line_1_34' title="bbox 292 3405 1053 3479; baseline -0.001 -15"><span class='ocrx_word' id='word_1_300' title='bbox 292 3411 338 3464; x_wconf 85' lang='grc'>151</span> <span class='ocrx_word' id='word_1_301' title='bbox 360 3408 429 3460; x_wconf 76' lang='grc' dir='ltr'><em>οὕτω</em></span> <span class='ocrx_word' id='word_1_302' title='bbox 447 3429 488 3461; x_wconf 90' lang='grc' dir='ltr'>τοι</span> <span class='ocrx_word' id='word_1_303' title='bbox 506 3407 575 3461; x_wconf 77' lang='grc' dir='ltr'><em>κατα</em></span> <span class='ocrx_word' id='word_1_304' title='bbox 593 3409 681 3472; x_wconf 80' lang='grc' dir='ltr'><em>δόξαν</em></span> <span class='ocrx_word' id='word_1_305' title='bbox 700 3405 769 3479; x_wconf 71' lang='grc' dir='ltr'><em>ἔφαν</em></span> <span class='ocrx_word' id='word_1_306' title='bbox 789 3407 861 3462; x_wconf 60' lang='grc' dir='ltr'><em>τάδε’</em></span> <span class='ocrx_word' id='word_1_307' title='bbox 876 3415 926 3462; x_wconf 75' lang='grc' dir='ltr'>νῦν</span> <span class='ocrx_word' id='word_1_308' title='bbox 946 3428 975 3462; x_wconf 84' lang='grc' dir='ltr'>τε</span> <span class='ocrx_word' id='word_1_309' title='bbox 995 3407 1053 3464; x_wconf 81' lang='grc' dir='ltr'><em>ἔασι</em></span> 
     </span>
     <span class='ocr_line' id='line_1_35' title="bbox 359 3494 1111 3569; baseline 0.001 -19"><span class='ocrx_word' id='word_1_310' title='bbox 359 3501 403 3550; x_wconf 83' lang='grc' dir='ltr'>καὶ</span> <span class='ocrx_word' id='word_1_311' title='bbox 421 3495 559 3568; x_wconf 81' lang='grc' dir='ltr'><em>μετέπειτ’</em></span> <span class='ocrx_word' id='word_1_312' title='bbox 578 3494 632 3551; x_wconf 78' lang='lat' dir='ltr'>a&#39;nt</span> <span class='ocrx_word' id='word_1_313' title='bbox 651 3499 731 3550; x_wconf 72' lang='grc' dir='ltr'><em>τοῦδε</em></span> <span class='ocrx_word' id='word_1_314' title='bbox 750 3497 935 3564; x_wconf 75' lang='grc' dir='ltr'><em>τελευτήσασαι</em></span> <span class='ocrx_word' id='word_1_315' title='bbox 956 3501 1111 3569; x_wconf 82' lang='grc' dir='ltr'><em>τραφέντα·</em></span> 
     </span>
     <span class='ocr_line' id='line_1_36' title="bbox 361 3581 1161 3662; baseline 0.006 -24"><span class='ocrx_word' id='word_1_316' title='bbox 361 3595 416 3647; x_wconf 80' lang='grc' dir='ltr'><em>τοῖς</em></span> <span class='ocrx_word' id='word_1_317' title='bbox 435 3583 462 3638; x_wconf 79' lang='grc' dir='ltr'>δ’</span> <span class='ocrx_word' id='word_1_318' title='bbox 480 3583 556 3658; x_wconf 69' lang='grc' dir='ltr'><em>ὄνομ’</em></span> <span class='ocrx_word' id='word_1_319' title='bbox 575 3581 716 3657; x_wconf 69' lang='grc' dir='ltr'><em>ἄνθρωποι</em></span> <span class='ocrx_word' id='word_1_320' title='bbox 734 3584 876 3640; x_wconf 75' lang='grc' dir='ltr'><em>κατέθεντ’</em></span> <span class='ocrx_word' id='word_1_321' title='bbox 895 3587 1027 3660; x_wconf 77' lang='grc' dir='ltr'><em>ἐπίσημον</em></span> <span class='ocrx_word' id='word_1_322' title='bbox 1045 3587 1161 3662; x_wconf 77' lang='grc' dir='ltr'><em>ἑκάστῳ.</em></span> 
     </span>
    </p>
   </div>
   <div class='ocr_carea' id='block_1_13' title="bbox 167 3734 377 3741">
    <p class='ocr_par' dir='ltr' id='par_1_20' title="bbox 167 3734 377 3741">
     <span class='ocr_line' id='line_1_37' title="bbox 167 3734 377 3741; baseline 0 -1"><span class='ocrx_word' id='word_1_323' title='bbox 167 3734 377 3741; x_wconf 65' lang='grc' dir='ltr'>-ψ</span> 
     </span>
    </p>
   </div>
   <div class='ocr_carea' id='block_1_14' title="bbox 239 3820 1068 3889">
    <p class='ocr_par' dir='ltr' id='par_1_21' title="bbox 239 3820 1068 3889">
     <span class='ocr_line' id='line_1_38' title="bbox 239 3820 1068 3889; baseline 0 -15"><span class='ocrx_word' id='word_1_324' title='bbox 239 3822 265 3889; x_wconf 91' lang='grc'>1)</span> <span class='ocrx_word' id='word_1_325' title='bbox 280 3820 326 3878; x_wconf 78' lang='lat' dir='ltr'>‚Sia</span> <span class='ocrx_word' id='word_1_326' title='bbox 344 3821 417 3875; x_wconf 85' lang='lat' dir='ltr'>Diels</span> <span class='ocrx_word' id='word_1_327' title='bbox 437 3821 547 3889; x_wconf 82' lang='lat' dir='ltr'>Doxogr.</span> <span class='ocrx_word' id='word_1_328' title='bbox 568 3820 644 3876; x_wconf 82' lang='lat'>193¹.</span> <span class='ocrx_word' id='word_1_329' title='bbox 682 3820 806 3875; x_wconf 77' lang='lat' dir='ltr'>Tradita:</span> <span class='ocrx_word' id='word_1_330' title='bbox 826 3821 897 3875; x_wconf 87' lang='lat' dir='ltr'>venis</span> <span class='ocrx_word' id='word_1_331' title='bbox 916 3821 1068 3874; x_wconf 76' lang='lat' dir='ltr'>informans.</span> 
     </span>
    </p>
   </div>
   <div class='ocr_carea' id='block_1_15' title="bbox 0 0 1598 4990">
    <p class='ocr_par' dir='ltr' id='par_1_22' title="bbox 0 0 1598 4990">
     <span class='ocr_line' id='line_1_39' title="bbox 0 0 1598 4990; baseline 0 0"><span class='ocrx_word' id='word_1_332' title='bbox 0 0 1598 4990; x_wconf 95' lang='lat' dir='ltr'> </span> 
     </span>
    </p>
   </div>
  </div>
 </body>
</html>
