3130 4980
663 331 783 400 Physica.
1231 323 1285 386 259

163 494 264 582 αὐτὴν
297 507 376 558 τῶν.
396 489 587 577 γιγνομένων
620 493 662 556 τὰ
685 491 826 556 πλεῖστα
856 488 914 555 ἐπί
938 490 975 554 τδ
997 487 1165 573 βέλτιστον
1188 487 1285 573 ἀγειν,

163 602 264 689 ταότη
300 601 386 665 κατὰ
415 598 520 664 ταῦτά
547 623 582 662 τε
611 587 653 664 δι)
679 597 818 686 ἀνάγκης
848 594 1032 685 ἡττωμένης
1055 596 1121 660 ὑπὸ
1144 600 1286 672 πειθοῦς

162 703 323 796 ἔμφρονος
346 707 428 771 ολίτω
452 695 528 770 κατ’
548 704 647 792 ἀρχάς
671 701 842 784 ξονίστατο
865 703 939 768 τόδε
962 702 1000 768 τὸ
1022 713 1116 767 navt
1133 737 1177 748 -
1192 711 1234 768 48
1248 703 1284 766 Ε.

160 804 208 879 Ἡ
233 801 267 878 δ’
286 809 340 878 οὖν
370 808 470 890 αὖθις
501 811 580 899 ἀρχὴ
610 809 689 898 περί
719 821 776 876 τοῦ
798 811 925 887 παντὸς
948 805 1030 876 ἔστω
1053 809 1206 891 μειζόνως
1228 821 1285 896 τῆς

162 921 311 1008 πρόσθεν
334 917 514 1008 διῃρημένη.
562 917 635 984 τότε
657 917 717 1000 μὲν
739 919 800 1005 γὰρ
824 917 880 982 aa>
902 914 972 1005 εῖδη
996 915 1204 998 διειλόμεθα,
1233 925 1287 979 νῦν

163 1026 200 1093 δὲ
221 1024 332 1114 τρίτον
355 1025 436 1116 ἀλλο
459 1023 548 1110 γένος
570 1027 647 1114 ημῖν
670 1022 838 1112 δηλωτέον,
874 1025 916 1088 τὰ
937 1021 997 1106 μὲν
1020 1024 1080 1109 γὰρ
1104 1022 1160 1087 δόο
1189 1017 1284 1086 ἱκανὰ
1311 1035 1404 1078 motoria

163 1131 200 1222 ἢν
223 1131 281 1200 ε’πί
305 1137 375 1211 τοῖς
398 1129 588 1219 ἔμπροσθεν
611 1131 787 1212 λεχθεῖσιν,
810 1125 844 1194 ‘a
865 1129 925 1213 μὲν
948 1130 992 1208 ὡς
1014 1126 1284 1216 παραδείγματος

163 1233 249 1318 εἶδος
271 1222 450 1319 όποτεθέν,
485 1239 599 1326 νοητόν
622 1236 678 1304 καί
701 1235 752 1302 ἀεί
775 1237 861 1302 κατὰ
884 1233 988 1302 ταάτά
1010 1233 1058 1316 όν,
1091 1231 1224 1322 μίμημα
1248 1231 1284 1298 δὲ

162 1343 430 1433 παραδείγματος
460 1346 617 1431 δεύτερον,
652 1341 773 1430 γένεσιν
802 1339 873 1425 item
903 1340 960 1408 καί
984 1341 1127 1428 όρατόνλ.
1173 1337 1284 1428 τρίτον

162 1453 199 1519 δὲ
221 1453 295 1519 τότε
316 1451 375 1536 μὲν
397 1451 434 1518 od
457 1452 663 1534 διειλόμεθα,
688 1448 877 1533 νομίσαντες
900 1451 942 1514 τά
965 1449 1021 1515 δόο
1045 1447 1127 1528 ἕξειν
1155 1443 1282 1528 ἱκανῶς,

161 1571 215 1626 νῦν
245 1558 281 1626 δὲ
310 1557 445 1644 όλόγος
474 1555 576 1624 ἔοικεν
598 1554 839 1642 είσαναγκοίζειν
871 1557 1017 1638 χαλεπὸν
1051 1553 1107 1620 καί
1142 1553 1283 1640 ἀμυδρὸν

162 1659 248 1744 εἶδος
282 1665 456 1753 ἐπιχειρεῖν
491 1664 599 1750 λόγοις
633 1659 822 1751 ἐμφανίσαι.
868 1650 934 1726 τίν’
973 1659 1026 1728 οὖν
1057 1658 1127 1742 ἕχον
1149 1661 1284 1742 δύναμιν

161 1775 248 1838 κατὰ
271 1773 367 1861 φύσιν
391 1770 469 1838 αὐτὸ
491 1768 718 1858 ὑποληπτέον,
740 1767 869 1834 τοιόνδε
891 1768 1046 1852 μάλιστα,
1070 1768 1180 1856 πάσης
1201 1759 1284 1832 εῖναι

161 1878 311 1966 γενέσεως
334 1879 496 1967 ὑποδοχὴν
521 1877 618 1966 αὐτὴν
642 1867 710 1942 οἷον
732 1876 869 1962 τιθήνην
877 1885 897 1939 ⁰.

235 2072 263 2112 8.
283 2056 319 2112 Cf.
339 2057 404 2110 Tim.
424 2056 493 2110 46D
518 2058 567 2109 τόν
591 2056 622 2109 δὲ
647 2065 698 2108 νοῦ
720 2060 767 2108 καὶ
791 2056 943 2126 ἐπιστήμης
967 2054 1085 2125 ἐραστὴν
1109 2055 1214 2122 ἀνάγκη
1233 2053 1281 2112 τὰς
1303 2073 1382 2104 causae
1396 2064 1478 2114 primae

161 2156 208 2214 τῆς
232 2148 371 2220 ἔμφρονος
397 2147 505 2216 φύσεως
525 2149 617 2205 αἰτίας
642 2146 752 2216 πρώτας
769 2144 963 2215 μεταδιώκειν,
989 2143 1053 2195 ὅσαι
1072 2141 1103 2194 δὲ
1123 2136 1172 2194 ὑπ’
1195 2143 1283 2193 ἀλλων
1324 2117 1469 2159 “secundm

160 2236 214 2307 μὲν
232 2239 400 2307 κινουμένων
418 2234 495 2304 ἕτερα
514 2233 545 2286 δὲ
564 2235 593 2294 ἐξ
612 2235 731 2301 ἀνάγκης
749 2234 898 2286 κινούντων
916 2236 1073 2300 γίγνονται,
1093 2230 1228 2303 δευτέρας.
1248 2258 1282 2266 -

161 2322 228 2377 68Ε
252 2323 298 2376 διὸ
317 2323 352 2388 δὴ
367 2324 421 2394 χρὴ
439 2319 487 2376 δύ’
511 2326 602 2382 αἰτίας
621 2322 681 2388 εἴδη
700 2323 886 2392 διορίζεσθαι,
906 2322 938 2372 τὸ
956 2321 1009 2392 μὲν
1028 2321 1182 2388 ἀναγκαῖον
1200 2320 1231 2370 τὸ
1250 2319 1282 2372 δὲ

159 2419 248 2477 θεῖον,
267 2416 314 2464 καὶ
333 2414 365 2464 τὸ
382 2413 435 2483 μὲν
452 2417 533 2464 θεῖον
552 2413 582 2464 ἐν
597 2413 689 2464 ἅπασι
704 2412 790 2476 ζητεῖν
803 2411 920 2474 κτήσεως
935 2408 1011 2462 ἕνεκα
1026 2408 1194 2480 εὐδαίμονος
1211 2413 1281 2475 βίον,

159 2497 228 2554 καθ’
245 2501 318 2554 -ὅσον
343 2503 420 2572 ἡμῶν
444 2501 564 2570 ἡφύσις
587 2499 744 2568 ἐνδέχεται,
772 2500 803 2550 τδ
829 2498 859 2550 δὲ
887 2499 1041 2565 ἀναγκαῖον
1065 2497 1173 2549 ἐκείνων
1187 2499 1280 2568 χάριν,

160 2591 341 2662 λογιζόμενον
359 2591 394 2648 ὡς
413 2593 478 2640 ἄνευ
497 2590 602 2640 τούτων
621 2589 654 2640 οὐ
673 2587 780 2640 δυνατὰ
800 2587 870 2638 αὐτὰ
884 2587 981 2649 ἐκεῖνα,
1001 2581 1047 2656 ἐφ’
1066 2579 1106 2644 οἷς
1126 2585 1281 2644 σπουδάζο-

159 2698 226 2750 μεν,
251 2680 333 2748 μόνα-
351 2682 496 2729 κατανοεῖν
520 2672 582 2729 οὐδ’
606 2672 641 2727 αὖ
658 2678 752 2742 λαβεῖν
772 2669 834 2728 οὐδ’
852 2678 938 2734 ίίλλως
956 2695 1014 2734 πως
1031 2679 1189 2746 μετασχεῖν.
1208 2659 1209 2662 ¹
1227 2671 1281 2724 Ne·

159 2767 273 2820 cessaria
292 2781 371 2818 causa
389 2765 486 2817 dieitur
503 2764 584 2816 otiam
603 2766 634 2817 τὸ
654 2768 806 2828 ξοναίτιον,
826 2763 891 2816 Tim.
911 2763 946 2816 46
958 2761 992 2826 C;
1018 2761 1096 2814 Polit.
1115 2759 1212 2827 2810,
1242 2759 1292 2817 val.

159 2855 189 2908 id
209 2855 265 2908 sina
285 2871 336 2923 quo
355 2871 415 2906 vera
434 2870 512 2906 causa
529 2869 582 2906 non
601 2855 672 2906 asset
690 2869 776 2919 causa,
795 2870 819 2906 v.
838 2851 935 2905 Phaod.
955 2848 1024 2905 99A
1042 2853 1095 2917 (BP
1114 2847 1209 2914 abab).

231 2996 262 3051 b.
287 2995 364 3048 Idoas
384 2995 449 3048 dioit
467 2997 495 3048 at
513 3013 554 3048 res
574 2995 694 3048 sensibus
713 2997 883 3064 apparentes,
908 3013 931 3047 τ.
950 3001 993 3048 Rl’
1013 2994 1095 3048 atoa.
1131 2992 1195 3044 illas
1214 2991 1279 3044 Tim.

159 3085 229 3140 271)
248 3085 351 3138 dixerat
370 3087 401 3138 τὸ
420 3089 451 3138 ὂν
469 3087 519 3150 ἀεί,
540 3089 648 3154 γένεσιν
668 3087 715 3137 οὐκ
734 3087 812 3154 ἔχον,
840 3086 932 3150 νοήσει
946 3085 1026 3156 ’μετὰ
1045 3085 1129 3152 λόγου
1149 3064 1297 3154 περιληπ-’

159 3177 221 3239 τόν,
250 3176 294 3227 ἀεὶ
319 3175 389 3227 κατὰ
414 3175 501 3226 ταύτὰ
527 3177 572 3237 δν,
600 3173 656 3242 ἰτεε,
668 3175 699 3225 τὸ
717 3175 886 3245 γιγνόμενον
902 3173 956 3244 μὲν
974 3175 1017 3225 ἀεὶ
1037 3176 1068 3224 δν
1086 3171 1118 3224 δὲ
1137 3171 1279 3233 οὐδέποτε,

158 3264 227 3336 δόξη
245 3259 309 3335 μετ’
332 3264 486 3330 αἰσθήσεως
504 3263 608 3331 ἀλόγου
628 3262 772 3323 δοξαστόν.
793 3291 827 3300 --
849 3261 950 3314 Phileb.
970 3260 1037 3314 25ss
1055 3259 1114 3312 idea
1132 3259 1230 3314 dicitur
1248 3260 1280 3310 τὸ

157 3355 258 3426 μικτὸν
283 3355 311 3406 ἐκ
336 3361 387 3404 τοῦ
405 3356 524 3424 πέρατος
545 3355 591 3404 καὶ
611 3361 661 3404 τοῦ
679 3353 808 3423 ἀπείρου,
837 3350 907 3404 26D
927 3352 959 3402 τδ
977 3351 1091 3418 ἔκγονον
1110 3350 1194 3412 ἅπαν,
1213 3347 1280 3400 27ss

158 3444 175 3508 ἡ
193 3442 277 3512 μικτὴ
295 3445 341 3492 καὶ
359 3443 525 3512 γεγενημένη
544 3442 641 3494 οὐσίας
669 3440 697 3492 in
716 3440 790 3493 ouius
808 3439 955 3492 rationibus
974 3441 1054 3506 atqua
1072 3435 1221 3506 primordiis
1240 3451 1281 3486 ax·

158 3528 294 3600 podiendis
313 3529 387 3580 totus
405 3527 525 3580 Timaeus
543 3528 659 3594 laborat,
687 3527 772 3580 multa
795 3527 912 3580 fabulose
936 3543 1047 3579 narrans
1066 3528 1093 3578 et
1111 3523 1281 3594 probabiliter

159 3617 307 3683 dumtaxat,
325 3633 378 3669 non
396 3616 430 3669 ad
448 3619 565 3669 exactam
584 3617 721 3670 scientiam
739 3619 862 3669 naturam
880 3632 968 3668 rarum
986 3615 1112 3684 aperiens,
1137 3613 1207 3683 quod
1224 3612 1280 3681 ipse

157 3705 302 3759 identidem
319 3707 416 3771 monet,
435 3705 508 3758 volut
526 3705 607 3770 29Β;
626 3705 657 3758 ol.
676 3711 719 3758 BP
733 3705 816 3759 24921.
1154 3685 1156 3690 Ι

230 3843 258 3886 ο.
282 3829 322 3882 Do
346 3829 396 3882 hoa
420 3829 500 3882 tortio
524 3845 632 3896 genere,
662 3829 731 3898 qdod
748 3829 851 3883 nomina
870 3830 902 3882 ab
920 3827 1064 3882 Aristotele
1082 3829 1209 3896 usurpato
1227 3843 1280 3878 ma-
1342 3833 1433 3895 materia

157 3918 253 3971 teriam
271 3917 435 3980 Platonicam
454 3934 544 3972 vocare
564 3919 658 3984 solent,
678 3918 824 3986 significato
842 3919 926 3986 magis
942 3917 1080 3970 aPlatono
1097 3915 1190 3967 multis
1210 3915 1280 3966 simi·
1329 3885 1445 3988 {ffiffff

156 4007 227 4060 libus
247 4022 326 4076 quam
344 4005 475 4076 descripto
500 4009 528 4058 et
552 4005 660 4060 definito
679 4007 709 4060 cf.
729 4007 794 4060 Tim.
814 4007 880 4060 5οΒ
908 4007 1021 4076 δέχεταί
1044 4023 1072 4058 τε
1097 4006 1151 4077 γὰρ
1177 4005 1219 4056 ἀεὶ
1244 4005 1279 4056 τὰ

156 4099 260 4163 πάντα,
279 4099 326 4152 καὶ
343 4097 456 4167 μορφὴν
475 4096 611 4168 οὐδεμίαν
629 4097 696 4149 ποτὲ
717 4097 809 4149 οὐδενὶ
827 4107 881 4148 τῶν
895 4097 1036 4148 εἰσιόντων
1050 4097 1152 4166 ὁμοίαν
1170 4096 1280 4162 εἴληφεν

157 4185 271 4256 οὐδαμῇ
291 4174 434 4256 οὐδαμῶς·
461 4186 609 4256 ἐκμαγεῖον
626 4187 680 4258 γὰρ
700 4187 782 4256 φύσει
797 4188 882 4238 παντὶ
896 4191 990 4247 κεῖται,
1009 4184 1173 4255 κινούμενόν
1191 4201 1219 4234 τε
1233 4186 1279 4235 καὶ

156 4273 448 4344 διασχηματιζόμενον
473 4275 527 4326 ὑπὸ
552 4284 605 4325 τῶν
630 4275 783 4338 εἰσιόντων,
813 4278 943 4344 φαίνεται
962 4273 993 4325 δὲ
1013 4267 1052 4325 δι’
1075 4273 1164 4324 ἐκεῖνα
1184 4274 1279 4324 δίλλοτε

106 4433 108 4437 ι
157 4362 277 4415 ἀλλοῖον.
297 4391 331 4399 -
357 4360 425 4415 5lA
445 4361 491 4414 διδ
511 4362 546 4427 δὴ
565 4363 613 4428 τὴν
632 4371 682 4414 τοῦ
699 4363 846 4431 γεγονότος
865 4351 967 4432 ὁρατοῦ
985 4365 1031 4412 καὶ
1049 4363 1159 4419 πιίντως
1179 4364 1278 4426 αἰσθη-
1300 4395 1302 4399 ι

157 4461 207 4504 τοῦ
233 4439 340 4522 μητέρα
367 4454 414 4503 καὶ
439 4449 584 4519 ὑποδοχὴν
608 4452 677 4522 μήτε
701 4459 753 4520 γῆν
776 4451 844 4522 μήτε
864 4452 931 4521 ἀέρα
955 4450 1024 4521 μήτε
1042 4459 1098 4521 πῦρ
1115 4449 1183 4519 μήτε
1204 4449 1278 4520 ὕδωρ
