3140 4990
539 317 670 386 Diogenes
689 316 881 387 Apolloniates.
1223 319 1277 381 175

154 470 257 541 πάντα
278 475 323 564 τῷ
345 471 430 564 αὐτῷ
452 481 499 540 καὶ
524 478 562 563 ζῇ
583 483 631 542 καλ
655 472 714 569 ὁρᾷ
726 483 774 544 καλ
791 475 890 546 ἀκούει
904 485 953 546 καὶ
975 479 1032 567 την
1054 479 1148 567 ἀλλην
1171 479 1274 568 νόησιν

151 584 213 662 ἔχει
235 576 296 646 ἀπὸ
318 582 385 647 σοῦ’
399 577 495 647 αὐτοῦ
517 582 646 649 πιλντα,“

227 679 235 698 ε

223 737 252 778 a.
281 723 352 776 Haeo
370 739 418 776 vor
438 739 454 776 a
472 721 644 792 Philippsono
659 719 737 792 (Ὕλη
756 727 917 798 ἀνθρωπίνη
931 743 955 796 p.
971 728 1033 808 205)
1052 729 1164 782 vertitur
1182 729 1273 795 „boue
1309 747 1400 816 prom}

149 811 268 866 eondioio
287 813 427 878 intema“;
447 811 644 868 Ponnerbieter:
663 815 773 881 gustus3
792 813 888 868 Zeller:
908 815 1041 887 odoratus,
1061 817 1122 871 ooll.
1142 818 1272 888 Tbeopbr.

151 901 223 956 Sene.
245 902 292 966 903
312 899 373 956 aiii:
394 915 486 954 sensus
513 900 631 964 habitus,
651 901 762 956 affectio.
800 902 841 956 ef.
861 904 944 958 Anax.
965 909 1008 958 21³
1028 907 1112 960 12οα

221 1025 253 1083 b.
282 1025 393 1109 Aristot.
414 1025 444 1078 de
463 1025 559 1080 Anima
576 1025 590 1078 I
610 1026 634 1078 2.
657 1025 710 1080 405
724 1037 738 1064 ²
756 1027 799 1080 nl.
818 1033 952 1098 Διογένης
970 1025 1000 1082 ‹5'
1013 1029 1106 1103 ὥσπερ
1123 1036 1169 1084 καὶ
1188 1031 1276 1104 ἕτεροί
1315 1046 1393 1087 enims

149 1135 221 1176 τινες
239 1118 305 1189 ἀέρα
324 1116 452 1182 (ὑπέλαβε
467 1117 516 1181 τὴν
530 1113 640 1185 ψυχήν),
660 1125 758 1168 τοῦτον
777 1120 880 1183 οἰηθεὶς
894 1120 1006 1172 πάντων
1020 1121 1274 1191 λεπτομερέστατον

148 1206 220 1259 εἶναι
247 1208 293 1256 καὶ
321 1206 419 1274 ἀρχήν,
447 1207 494 1257 καὶ
523 1203 571 1257 διὰ
599 1214 681 1257 τοῦτο
708 1206 851 1273 γινώσκειν
875 1225 902 1259 τε
927 1211 974 1259 καὶ
1001 1214 1086 1262 κινεῖν
1104 1209 1152 1275 τὴν
1170 1211 1271 1279 miv,

148 1282 166 1366 ᾗ
183 1295 237 1366 μὲν
251 1295 360 1365 πρῶτόν
378 1294 445 1358 ἐστι,
464 1297 510 1345 καὶ
526 1294 554 1346 ἐκ
569 1296 669 1346 τούτου
688 1294 721 1346 τὰ
736 1297 828 1359 λοιπά,
849 1296 998 1363 γινώσκειν,
1018 1283 1080 1368 ᾗδὲ
1094 1298 1271 1362 λεπτότατον,

148 1385 286 1450 κινητικὸν
305 1381 381 1434 εἶναι,
419 1381 475 1434 Ηοο
500 1381 556 1446 loeo
581 1397 645 1434 usus
664 1380 754 1434 Ritter
772 1381 815 1448 (H.
835 1381 901 1450 phil.
921 1382 935 1436 I
955 1383 1018 1451 228)
1042 1385 1191 1449 statuebat,
1219 1401 1271 1440 non

35 1511 40 1521 .
147 1470 284 1538 vulgarem
304 1469 373 1523 buno
392 1485 476 1522 aerem
495 1467 541 1522 sed
559 1469 703 1522 tenuiorem
722 1468 852 1537 quendam
871 1472 898 1524 et
916 1470 1002 1525 oulore
1017 1473 1191 1540 temperatum
1210 1457 1272 1527 Did

147 1559 225 1628 genis
244 1557 313 1612 illud
332 1558 487 1612 elementum
507 1573 570 1611 esse.
607 1557 644 1611 At
662 1557 695 1611 oi.
715 1557 807 1626 Simpl.
822 1556 901 1627 Phys.
921 1560 955 1614 33
967 1571 984 1613 Γ.
1006 1561 1066 1625 152,
1085 1561 1119 1614 22
1133 1563 1165 1616 D.
1187 1564 1202 1614 ὁ
1221 1563 1273 1635 ἀὴρ

147 1649 313 1720 καλεόμενος
332 1649 387 1700 ὑπὸ
405 1659 459 1700 των
478 1649 633 1720 ἀνθρώπια
652 1646 705 1714 (ΒΡ
721 1647 772 1700 164
786 1647 871 1716 init.);
890 1648 1005 1716 itemque
1024 1650 1103 1718 paulo
1122 1648 1191 1704 infre
1211 1650 1270 1714 153,

147 1737 183 1790 16
202 1737 233 1790 D.
253 1739 283 1790 ἐν
301 1737 337 1802 di]
355 1737 462 1796 τούτοις
482 1747 578 1806 σαφῶς
597 1740 727 1806 φαίνεται
749 1739 835 1805 λέγων
860 1737 902 1790 ὅτι
929 1737 961 1790 ὃν
980 1743 1124 1809 ἀνθρωττοι
1142 1742 1272 1808 λέγουσιν

147 1828 223 1899 ἀέρα,
243 1827 324 1879 τοῦτό
342 1826 418 1878 ἔστιν
435 1827 451 1891 η
471 1826 546 1895 ἀρχή.
584 1823 658 1889 Quae
676 1823 798 1893 deinceps
816 1841 879 1894 seq„
898 1841 922 1880 v.
942 1831 986 1878 BP
1005 1827 1065 1880 162.
1261 1842 1263 1846 ’

219 1954 247 1995 o.
274 1939 343 1993 Hine
362 1939 484 1992 videntur
502 1939 533 1992 de
551 1939 608 2008 ipso
627 1939 684 1992 eius
703 1939 831 2008 principio
850 1937 934 1994 falsae
954 1941 1087 2010 opiniones
1107 1931 1179 1995 ortae
1205 1957 1271 2006 esse,

145 2047 172 2084 v.
191 2029 219 2086 Z.
238 2029 271 2083 1⁴
290 2029 350 2083 239.
387 2028 425 2082 Ut
442 2027 474 2081 de
493 2027 603 2082 Niooiao
621 2029 785 2083 Damusoeno
804 2028 897 2097 Simpl.
914 2030 960 2082 dv.
980 2029 1023 2095 25,
1036 2031 1059 2084 -8
1073 2031 1106 2084 D.
1135 2033 1271 2093 Νικόλαος

143 2124 244 2193 μέντοι
262 2129 360 2172 τοῦτον
378 2121 483 2190 ἱστορεῖ
499 2119 604 2190 μεταξὺ
623 2121 708 2194 nonde
733 2121 780 2171 καὶ
804 2119 881 2192 ἀέρος
906 2121 938 2171 τὸ
963 2125 1102 2189 στοιχεῖον
1131 2125 1271 2174 τίθεσθαι.

144 2207 218 2262 Illud
237 2207 348 2270 mireris,
367 2222 423 2260 esse
440 2222 499 2260 oum
516 2207 600 2260 etiam
620 2205 772 2274 Simplicius
790 2205 833 2260 his
852 2205 968 2270 accedat,
988 2207 1020 2259 ut
1037 2207 1100 2262 441.
1120 2208 1180 2271 203,
1202 2209 1268 2262 ri).
1366 2230 1369 2236 ·

144 2303 217 2372 μίαν
236 2299 323 2368 φύσιν
342 2299 518 2356 ὑποτιθέντες
536 2297 565 2348 ix
583 2297 683 2362 ταύτης
705 2305 821 2364 γεννῶσι
845 2297 879 2348 rei
904 2297 1012 2360 πάντα,
1040 2297 1075 2355 ὡς
1102 2297 1190 2362 Θαλῆς
1216 2297 1270 2368 μὲν

146 2387 230 2461 ὕδωρ,
248 2381 419 2458 Ἡράκλειτος
438 2385 470 2437 δὲ
489 2395 551 2456 πῦρ,
568 2379 741 2455 Ἀναξιμένης
759 2383 791 2436 ἀὲ
810 2385 884 2454 ἀέρα,
907 2388 1038 2453 Διογένης
1056 2384 1088 2437 ’ἀὲ
1107 2385 1139 2436 τὸ
1156 2387 1270 2457 μεταξύ.

214 2499 248 2554 d.
278 2499 372 2552 Cetera
391 2499 520 2552 animalia
538 2501 643 2567 torpent
661 2500 766 2570 propter
783 2497 941 2552 densitatem
962 2499 1043 2566 atque
1061 2514 1177 2552 umorem
1191 2499 1268 2553 aeris.

143 2588 218 2644 Pleu.
237 2588 262 2641 V
280 2589 315 2642 20
334 2589 397 2642 Dux.
416 2587 477 2642 432.
515 2593 649 2658 Διογένης
668 2573 793 2661 μετέχειν
819 2589 872 2660 μὲν
900 2590 970 2640 αὐτὰ
995 2586 1041 2654 (se.
1066 2589 1100 2640 τά
1129 2587 1191 2656 ζηῖα)
1219 2599 1271 2640 τοῦ

145 2687 247 2746 νοητοῦ
264 2682 310 2730 καὶ
329 2679 420 2749 ἀέρος,
441 2677 489 2730 διὰ
508 2677 539 2730 δὲ
559 2679 591 2730 τὸ
609 2679 715 2749 τὰμὲν
733 2678 896 2742 πυκνότητι,
925 2678 959 2728 τά
979 2676 1010 2729 ἀὲ
1029 2677 1195 2748 πλεονασμῷ
1223 2685 1271 2743 τῆς

145 2770 282 2841 ὑγρασίας
301 2808 306 2818 .
322 2809 327 2819 .
344 2809 349 2819 .
365 2808 370 2818 .
389 2768 457 2838 μήτε
477 2766 655 2819 διανοεῖσθαι
672 2761 741 2836 μήτ’
760 2768 956 2833 αἰσθάνεσθαι,
976 2774 1138 2836 προσφερῶς
1153 2761 1183 2818 ⁴5²
1198 2767 1268 2817 αάτά

142 2856 308 2908 ’ἀνακεῖσθαι
326 2861 384 2914 τοῖς
401 2857 546 2927 μεμηνόσι,
567 2856 787 2927 παρεπταικότος
800 2864 851 2907 τοῦ
868 2855 1041 2925 ἡγεμονικοῦ.
1079 2853 1153 2906 Diels
1171 2855 1268 2918 monet,

142 2950 204 3012 post
233 2945 367 3012 ὑγρασίας
384 2941 548 2996 intercidisse
566 2941 673 2995 verbum
693 2942 765 2995 velut
783 2943 987 3014 ἐμποδίζεσθαι
1011 2941 1125 3010 (Reiske)
1144 2939 1185 2994 vol
1199 2949 1268 3014 χρη-

144 3038 215 3084 oecon
228 3030 441 3100 (Wyttenboolr).

3 3231 5 3274 i
80 3267 123 3308 reo
213 3243 324 3326 Simpl.
354 3244 450 3327 Phys.
475 3252 536 3309 331.
562 3251 633 3322 153,
660 3252 699 3309 13
724 3245 763 3306 D.
809 3248 872 3310 Καὶ
904 3244 1012 3330 ἐφεξῆς
1043 3245 1192 3308 δείκνυσιν
1221 3240 1266 3307 ὅτι
1330 3259 1365 3300 vis

142 3349 250 3415 καὶτὸ
275 3354 395 3434 σπέρμα
418 3351 480 3416 τῶν
505 3347 591 3438 ζῴων
624 3351 839 3434 ανευματῶἀές
853 3361 866 3388 ²²
888 3355 966 3432 ἐστι,
997 3355 1045 3414 καὶ
1075 3347 1190 3433 νοήσεις
1218 3352 1266 3431 γί-
1280 3331 1410 3432 maffia:

142 3483 248 3521 νονται
272 3463 328 3520 τοῦ
351 3451 438 3540 ἀέρος
461 3451 518 3522 οὖν
541 3457 585 3544 τῷ
608 3461 711 3539 αἵματι
736 3455 770 3520 τὸ
786 3451 858 3520 ὅλον
875 3457 963 3538 σῶμα
979 3449 1266 3538 καταλαμβάνοντος
1301 3445 1387 3546 (ξ’-ἕξεί

143 3557 193 3628 eri
222 3569 286 3628 τῶν
317 3569 458 3647 φλεβῶν·
493 3567 528 3629 ἰν-
555 3560 599 3637 oi·
628 3569 676 3627 καὶ
707 3557 865 3646 ἀνατομῆν
894 3558 1003 3646 ἀκριβῆ
1031 3561 1094 3626 τῶν
1117 3560 1266 3647 perpetui

142 3671 364 3754 παραάίὸωσιν.

213 3807 253 3870 ι,
274 3756 356 3846 σαωζ
376 3791 491 3860 noerae
511 3793 523 3846 1
543 3792 595 3846 105
613 3793 645 3845 o.

213 3899 245 3954 b.
274 3900 421 3968 Descriptio
439 3899 488 3952 illo
506 3913 630 3952 venarum
651 3897 684 3952 ab
703 3897 845 3951 Aristotele
869 3898 957 3966 posito
975 3899 1016 3950 est
1040 3897 1068 3950 in
1086 3896 1157 3950 Hist.
1176 3893 1267 3948 Auim.

140 3988 185 4042 111
204 3990 230 4053 2,
249 3989 382 4056 explicato
406 3985 641 4040 aPanzerbietero
659 4003 684 4054 p.
705 3987 748 4040 72.
786 3984 1017 4052 ostendebatque
1042 3983 1117 4037 modo
1141 4001 1266 4038 venarum

139 4092 186 4146 per
205 4075 294 4128 totum
313 4088 406 4144 eorpus
424 4074 628 4128 distributorum
648 4090 694 4142 ope
713 4091 756 4128 aer
774 4075 820 4128 ilie
834 4073 944 4128 solidior
958 4077 985 4126 et
999 4073 1110 4126 rationis
1124 4071 1266 4141 particeps,

139 4164 168 4217 in
193 4179 283 4216 ornnes
302 4165 390 4232 partes
410 4163 557 4228 derivatus,
583 4163 698 4216 onmium
724 4165 752 4216 et
776 4178 899 4216 sensuum
923 4163 951 4215 et
973 4161 1165 4230 cogitationum
1184 4176 1267 4214 eausa

141 4251 288 4304 exsisteret.
327 4251 383 4306 Neo
400 4255 522 4319 pugnent
541 4267 608 4320 quae
633 4250 664 4304 de
687 4251 837 4319 principatu
866 4250 948 4303 animi
973 4249 991 4302 i.
1011 4264 1032 4302 e.
1052 4249 1155 4302 animae
1173 4249 1268 4302 vitulis

140 4339 270 4395 statuisse
289 4339 379 4393 fertur.
399 4339 471 4393 Plao.
491 4339 530 4392 IV
549 4340 573 4393 5.
593 4340 657 4394 Dux.
677 4340 738 4393 391.
758 4339 800 4406 (τὸ
818 4339 983 4410 ἡγεμονικὸν
1000 4341 1072 4406 λέγει
1097 4336 1177 4406 εἶναι)
1197 4341 1254 4390 Διο

139 4431 220 4498 γένης
239 4430 268 4482 έν
287 4433 319 4502 τῇ
339 4431 486 4502 (ἀρτηριακῇ
504 4432 593 4496 κοιλίᾳ
613 4437 659 4496 τῆς
676 4427 799 4502 καρδίας,
818 4428 875 4494 ἥτις
894 4427 952 4480 ἐστὶ
971 4427 1149 4498 πνευματική.
1179 4465 1181 4471 ι
