3148 4984
304 339 357 400 516
589 342 719 396 Platonici
738 345 766 395 et
784 327 953 410 Pythagorici
972 343 1137 396 rooentioree.

304 501 399 554 ilintari
424 502 575 555 statuebat:
603 501 638 557 ib.
665 501 719 556 894
742 501 784 569 (ir.
803 502 858 567 49).
895 501 956 557 Non
981 502 1065 556 solum
1088 501 1243 556 rationalem
1270 499 1317 554 aad
1344 499 1425 552 etiam

305 590 441 644 animalem
466 592 569 660 partem
594 591 675 644 anImi
699 591 807 644 humani
832 590 996 644 aNumenio
1020 590 1194 644 immortalem
1222 589 1342 642 habitam
1368 605 1425 642 oeae

304 679 390 734 tradit
408 678 609 750 Olympiodorue
628 680 656 734 in
675 679 859 734 commentario
886 679 920 732 ad
938 679 1007 734 Plat.
1022 678 1154 732 Phaedon.
1173 696 1198 749 p.
1214 679 1256 745 89,
1272 679 1307 732 10
1325 670 1424 730 Finem

307 772 403 841 οἱμὲν
423 770 479 821 ἀπὸ
498 778 544 836 τῆς
569 772 678 838 λογικῆς
704 777 793 838 illyris·
813 772 878 840 ἄχρι
903 777 949 836 τῆς
968 769 1125 840 ἔμψύχοοὶ
1145 767 1226 830 ἕξεως
1246 769 1423 820 ἀπαθανατί-

305 861 412 923 ζουσιν,
438 860 472 918 ὡς
492 859 656 930 Νουμήνιος.
694 855 733 909 De
752 874 802 926 quo
822 856 877 910 loeo
902 855 933 910 of.
953 855 1061 924 Conein,
1084 857 1235 924 frayments
1255 854 1426 924 philosophi·

304 961 378 1014 quea,
393 945 476 999 Paris.
488 945 565 1009 1865,
578 961 603 1016 p.
615 945 680 1010 lan
699 943 837 1012 Thediaga
850 962 875 1014 p.
890 943 938 1010 aa
953 943 980 997 Z.
989 943 1031 997 111
1043 941 1142 998 ΨΜ
1153 941 1170 997 ¹.
1208 943 1247 999 cf.
1266 943 1346 996 otiam
1364 942 1426 995 Por-

305 1033 414 1104 phyrius
438 1049 479 1103 ap.
499 1032 589 1102 Gyrill.
613 1035 696 1088 contr.
721 1033 815 1087 Iulian.
835 1031 900 1086 VIII
918 1049 943 1102 p.
963 1032 1050 1088 aian
1068 1032 1165 1104 Spanh.
1190 1037 1255 1107 ἄχρι
1273 1035 1327 1102 γὰρ
1346 1041 1427 1102 τριῶν

306 1126 487 1178 ὑποστάσεων
505 1124 557 1194 iim
579 1125 697 1176 Πλάτων
716 1124 764 1188 τὴν
778 1132 827 1176 τοῦ
846 1129 915 1176 θεοῦ
933 1126 1079 1194 προελθεῖν
1098 1125 1208 1178 οὐσίαν·
1239 1122 1309 1176 alane
1328 1122 1360 1176 ol
1379 1125 1427 1175 τὸν

304 1214 356 1284 μὲν
375 1215 517 1266 ἀνώτατον
537 1215 604 1266 θεὸν
625 1214 758 1281 τάγαθόν,
777 1209 840 1284 μετ’
859 1213 944 1266 αὐτὸν
963 1213 994 1266 δὲ
1013 1215 1062 1266 τὸν
1081 1213 1210 1284 δεύτερον
1230 1213 1280 1266 τὸν
1294 1211 1427 1282 δημιουρ·

305 1304 363 1370 yria,
389 1307 482 1376 τρίτην
505 1302 535 1354 δὲ
560 1303 608 1368 τὴν
632 1311 682 1354 τοῦ
703 1303 812 1374 κόσμου
836 1303 941 1372 illyria·
971 1305 1035 1375 ἄχρι
1054 1303 1108 1372 γὰρ
1128 1311 1218 1371 ψυχῆς
1242 1301 1291 1366 τὴν
1309 1301 1427 1366 θεότητα

306 1393 457 1461 προελθεῖν.

377 1565 403 1629 1)
421 1567 537 1634 ἀψύχου
555 1565 613 1619 noll.
635 1564 704 1620 Sext.
724 1565 808 1620 lieth.
827 1566 868 1619 IX
886 1564 920 1620 51
940 1565 1004 1618 coni.
1023 1564 1049 1619 J.
1068 1565 1194 1632 Bernaye.
