3140 4990
301 295 353 356 114
770 297 950 369 Anaxagoras.

190 454 246 497 noer
350 457 455 512 Librum
467 455 645 526 περὶφύσεως
654 457 830 526 inscripserat.
846 457 987 512 Exordium
994 475 1035 527 ap.
1046 459 1123 528 Diog.
1131 458 1159 512 Il
1167 460 1192 523 6,
1201 458 1245 528 qui
1255 474 1314 512 eum
1322 457 1426 512 librum

135 533 139 541 ¹
299 543 385 610 ἡδέως
397 548 442 598 καὶ
458 543 681 615 μεγαλοφρόνως
699 544 905 616 ἡρμηνευμένον
923 546 1003 600 fuisse
1022 547 1096 612 dicit,
1114 564 1138 600 v.
1149 553 1193 600 BP
1205 547 1295 602 1221.
1332 545 1427 600 Ionice

299 650 358 688 eum
372 635 506 704 scripsisse
519 635 634 694 cernitur
643 651 673 688 ex
684 634 867 704 fragmentisa
880 634 1017 704 Simplicio
1030 635 1172 690 mammam
1185 638 1286 703 partem
1298 635 1422 688 servatis.

286 723 389 802 ‘Unum
416 723 599 782 ontummodo
627 724 724 778 librum
752 723 865 778 edidisse
890 727 1014 778 narratur
1032 724 1109 793 Diog.
1128 723 1143 777 1
1163 725 1205 778 16.
1243 724 1317 790 Quod
1336 724 1429 793 igitur

298 814 340 869 est
352 828 399 880 ap.
418 811 490 866 Plut.
510 811 541 866 de
559 813 617 866 exil.
638 813 671 866 17
697 812 795 866 titulus
818 813 882 880 περὶ
906 812 1007 864 κύκλου
1024 814 1265 880 τετραγωνισμοῦ,
1290 813 1424 867 incertum

300 916 334 960 au
352 900 519 957 adumbratio
538 901 572 954 ab
590 901 638 956 illo
656 901 684 954 in
703 917 805 956 carcere
829 901 902 955 lacta
927 901 1101 969 significetur.
1139 901 1212 966 Quae
1231 903 1320 954 autem
1340 917 1356 954 a
1375 901 1426 954 Vi·

298 989 385 1046 truvio
405 989 471 1054 Vll,
491 990 571 1058 praei.
592 990 634 1053 11,
653 992 870 1043 commemoratur
889 985 1103 1058 α’κτινογραφλη,
1129 989 1156 1044 h.
1175 1005 1197 1042 ο.
1217 989 1248 1044 de
1267 1005 1425 1044 scaenarum

298 1077 490 1140 architectura,
518 1077 737 1146 quemadmodum
761 1077 795 1131 ad
823 1078 905 1133 aciem
933 1077 1066 1132 oculorum
1085 1077 1224 1132 struendae
1242 1079 1313 1142 sint,
1332 1080 1426 1146 potest

300 1167 334 1222 ad
353 1166 451 1220 librum
470 1165 501 1219 de
519 1169 618 1220 natura
636 1182 721 1220 rerum
741 1166 845 1232 referri;
871 1167 903 1222 cf.
923 1166 1030 1230 Zdrort,
1050 1167 1156 1222 dissert.
1175 1183 1224 1221 sur
1242 1167 1270 1221 la
1289 1167 1330 1220 oie
1349 1172 1374 1220 et
1394 1167 1425 1220 7ο

300 1255 421 1310 doctrine
440 1254 645 1322 δἈαααοροεο,
664 1254 740 1308 Paris
752 1254 829 1320 1848,
843 1271 869 1323 p.
883 1256 926 1309 36.
964 1255 995 1308 In
1015 1255 1212 1310 mathematicis
1231 1258 1386 1309 numeratur
1405 1271 1428 1309 a

300 1342 471 1396 Ps.-Platone
482 1342 616 1396 Anterast.
628 1343 718 1397 1321.
747 1342 815 1396 Item
825 1342 909 1398 Procl.
921 1343 954 1398 ad
964 1343 1069 1398 Euclid.
1079 1344 1109 1396 11
1120 1345 1153 1398 19
1172 1343 1282 1395 πολλῶν
1292 1341 1426 1412 ἐφήψατο

302 1429 370 1482 κατα
389 1433 571 1500 γεωμετρίαν.

354 1519 495 1574 Homerum
506 1520 644 1588 allegorice
653 1521 851 1589 interpretatur.
879 1521 956 1590 Diog.
971 1522 1000 1574 11
1015 1522 1057 1577 11.
1077 1519 1325 1588 incendendum,
1344 1517 1426 1572 καθα

301 1625 367 1677 φησι
386 1613 540 1675 Φαβωρῖνος
559 1606 589 1660 ἐν
607 1607 771 1676 παντοδαπῇ
789 1611 902 1677 ἱστορίᾳ,
921 1607 968 1672 τήν
980 1604 1090 1678 Ὁμήρου
1105 1613 1212 1672 ποίησιν
1225 1606 1427 1677 α’ποφήνασθαι

302 1683 373 1748 εἶναι
397 1699 459 1765 περὶ
477 1692 574 1761 α’ρετῆς
592 1698 637 1748 καλ
657 1694 848 1758 δικαιοσύνης·
868 1693 914 1749 ἐπὶ
937 1697 1021 1750 πλέον
1046 1696 1078 1750 δὲ
1097 1700 1246 1767 προστῆναι
1271 1695 1428 1764 τοῦλόγου

302 1779 488 1854 Μητρόδωρον
513 1785 563 1837 τῶν
585 1783 787 1855 Λαμψακηνόν,
811 1781 953 1855 γνώριμον
976 1783 1043 1836 ὄντα
1067 1782 1162 1851 adseri,
1190 1785 1223 1838 δν
1247 1788 1292 1838 καὶ
1311 1789 1427 1854 πρῶτον

302 1868 459 1926 σπουδάσαι
486 1878 537 1925 τοῦ
563 1878 677 1935 ποιητοῦ
704 1876 768 1944 περὶ
794 1870 842 1936 την
870 1873 987 1941 φυσικην
1014 1879 1213 1943 πραγματείαν.
1250 1874 1290 1930 Cf.
1311 1874 1424 1939 Lobeck,

302 1963 433 2032 Aglaoph.
454 1963 514 2030 156.
551 1962 643 2032 Simpl.
663 1963 741 2032 Phys
761 1964 796 2017 35
813 1975 834 2016 v,
855 1964 914 2027 166,
937 1965 969 2017 17
983 1964 1013 2018 D.
1052 1963 1225 2032 Θεόφραστος
1250 1959 1281 2014 ἐν
1304 1966 1341 2035 τῷ
1359 1965 1425 2032 περὶ

306 2047 481 2122 Αναξαγόρου
496 2051 623 2121 δευτέρῳ,
642 2051 675 2105 ci.
690 2051 725 2105 ib.
737 2053 784 2106 61.
804 2052 847 2116 27,
867 2053 900 2106 11
911 2053 944 2106 Ι).
959 2056 986 2106 et
999 2052 1111 2121 Diog.V
1125 2053 1168 2116 42,
1189 2051 1263 2104 Suid.
1278 2068 1302 2105 v.
1323 2051 1426 2120 Θεόφρ.

373 2141 421 2194 Ed.
441 2139 605 2203 schonberch,
624 2139 707 2195 Anax.
727 2141 800 2194 (llas.
820 2139 915 2208 fragm.
943 2140 1016 2208 Lips.
1032 2141 1110 2194 1827.
1148 2140 1188 2193 W.
1211 2139 1318 2204 Schom,
1339 2138 1424 2195 Anax.

302 2231 376 2286 (λου.
402 2233 429 2283 et
453 2230 528 2298 Diog.
553 2228 640 2298 Apoll.
659 2228 700 2294 in,
728 2229 801 2282 Bonn
822 2229 899 2283 1829.
936 2228 966 2282 F.
986 2228 1182 2293 Panzerbieter,
1208 2229 1239 2282 de
1257 2228 1353 2297 fragm.
1372 2229 1423 2285 An.

303 2319 398 2383 ordine,
418 2319 545 2386 Meining.
566 2318 642 2373 1836.
679 2318 722 2374 Fr.
742 2317 843 2381 Breier,
863 2317 907 2370 dic
927 2316 1028 2370 Philon.
1048 2317 1074 2370 d.
1095 2316 1189 2370 Anao.
1209 2318 1281 2370 noch
1299 2317 1426 2383 Ariston,

302 2408 371 2462 Berl.
392 2407 469 2462 1840.
506 2407 547 2460 (ll
558 2406 599 2460 W.
610 2407 719 2474 Dilthey
727 2404 745 2470 ¹,
764 2405 843 2459 Einl.
858 2406 890 2458 in
905 2405 950 2458 die
965 2405 1222 2460 Geiatcscoz'sscnsch.
1242 2405 1321 2474 (Berl.
1334 2405 1423 2473 1883),

303 2497 397 2551 1201.
434 2496 541 2549 Ceteros
559 2513 585 2548 v.
604 2495 745 2562 Ueberwcg
764 2498 779 2558 §
800 2494 843 2547 24.

197 2692 265 2756 οιαὶ,
372 2674 482 2756 Simpl.
518 2674 615 2755 Phys,
647 2681 717 2738 34'.
755 2681 834 2748 163,
868 2679 910 2737 20
933 2671 971 2734 D.
1016 2679 1130 2757 Σαφῶς
1164 2674 1197 2736 δὲ
1223 2667 1426 2756 Ἀναξαγόρας

154 2746 288 2839 soiffllertgo,
303 2784 333 2845 dr
356 2783 401 2868 τῷ
430 2777 540 2866 πρώτῳ
570 2787 632 2844 τῶν
664 2785 807 2844 Φυσικῶν
835 2775 870 2843 τὸ
895 2781 1033 2863 γίνεσθαι
1062 2783 1109 2843 καὶ
1133 2775 1326 2846 ἀπόλλυσθαι
1350 2803 1426 2862 συγ-

169 2853 284 2902 errempoo
303 2891 459 2971 κρίνεσθαι
482 2891 530 2950 καὶ
555 2888 764 2968 διακρίνεσθαι
778 2885 850 2970 λε’γει
874 2879 1001 2970 γράφων
1017 2883 1133 2962 οὕτως·
1158 2885 1210 2967 [fr.
1228 2895 1267 2950 17
1287 2883 1425 2966 Schorn]

310 2991 349 3052 T
366 2995 400 3058 δὲ
412 2995 552 3074 γίνεσθαι
565 2995 612 3055 καὶ
625 2986 840 3056 ἀπόλλυσθαι1
854 2987 907 3056 οὐκ
920 2987 1027 3075 ὀρθῶς
1040 2994 1213 3073 νομίζουσιν
1227 2993 1255 3056 oi
1269 2985 1424 3074 Ἓλληνες·

306 3085 396 3164 οῶδὲν
419 3092 478 3180 γὰρ
497 3097 604 3181 χρῆμα
627 3100 737 3180 γίνεται
761 3093 833 3163 οὐδὲ
855 3093 1029 3178 ἀπόλλυται,
1054 3093 1118 3162 ἀλλ’
1136 3093 1195 3162 ἀπὸ
1219 3095 1330 3164 ἰόντων
1344 3122 1427 3182 χρη-

304 3200 412 3287 μάτων
428 3206 632 3286 συμμίσγεταί
644 3229 676 3268 τε
693 3207 740 3268 καὶ
758 3206 948 3289 διακρίνεται.
973 3208 1020 3268 καὶ
1034 3200 1132 3280 οὕτως
1143 3197 1180 3267 δν
1193 3199 1296 3288 ὀρθῶς
1306 3208 1428 3270 καλοῖεν

305 3307 341 3376 τό
357 3337 388 3376 τε
403 3314 543 3396 γίνεσθαι
567 3312 796 3392 συμμίσγεσθαι
820 3313 867 3373 καλ
890 3308 925 3374 τὸ
950 3305 1142 3375 ἀπόλλυσθαι
1160 3312 1370 3395 διακρίνεσθαι
1385 3307 1409 3373 ¹¹.

173 3451 282 3492 clementa
376 3447 405 3486 a.
425 3432 508 3487 Arist.
527 3431 591 3484 Met.
611 3429 664 3486 13.
680 3431 760 3486 984³
779 3432 827 3484 ll:
846 3425 1029 3501 Ἀναξαγόρας
1047 3430 1080 3484 δὲ
1094 3428 1109 3482 δ
1124 3430 1303 3500 Κλαζομένιος
1321 3434 1353 3498 τῇ
1370 3431 1428 3501 μὲν

305 3519 391 3587 ἡλικία
415 3518 548 3587 πρότερος
568 3516 607 3568 ῶν
629 3517 729 3572 τούτου
753 3514 1003 3588 (Ἐμπεδοκλέους),
1028 3525 1084 3578 τοῖς
1110 3518 1129 3568 δ
1137 3517 1145 3536 '
1163 3516 1256 3588 ἔργοις
1282 3519 1429 3586 (doctrina)

306 3603 428 3677 ὕστερος,
447 3602 576 3674 α’πείρους
595 3593 668 3658 εἷναί
686 3623 750 3676 φησι
767 3607 815 3665 τας
832 3605 935 3675 α’ρχοίς·
955 3606 1061 3676 σχεδδν
1079 3606 1133 3676 γαρ
1151 3601 1259 3658 ἅπαντα
1277 3605 1311 3660 cri
1331 3603 1428 3678 ὁμοιο-

305 3699 385 3766 μερῆ,
404 3692 533 3764 καθάπερ
553 3693 628 3764 ὕδωρ
649 3689 664 3758 ἢ
683 3699 746 3764 πῦρ,
766 3695 835 3747 οὕτω
854 3700 1003 3763 γίγνεσθαι
1021 3697 1067 3746 καὶ
1085 3693 1260 3748 α’πδλλυσθαί
1277 3713 1343 3765 φησι
1362 3712 1430 3764 συγ-

306 3787 391 3852 κρίσει
409 3786 455 3835 καὶ
474 3783 607 3852 διακρίσει
626 3781 721 3852 μόνον,
746 3781 833 3842 ἄλλως
851 3783 882 3835 δ’
901 3781 965 3836 οὔτε
987 3787 1138 3852 γίγνεσθαι
1163 3783 1216 3836 οὔτ’
1243 3783 1428 3855 α’πόλλυσθαι,

305 3870 374 3925 oillei
392 3872 533 3942 διαμένειν
551 3868 637 3928 didm.
673 3873 711 3926 De
726 3873 812 3926 verbis
826 3870 956 3940 καθάπερ
970 3868 1046 3941 ὕδωρ
1061 3867 1080 3935 ἢ
1093 3877 1148 3940 πῦρ
1162 3875 1216 3941 (BP
1227 3875 1278 3928 125
1289 3873 1315 3942 a)
1329 3874 1430 3928 Bonitz

306 3964 334 4017 iu
353 3979 446 4016 comm.
466 3963 513 4016 68:
534 3962 559 4015 h.
579 3977 600 4014 e.
620 3976 697 4030 prope
715 3977 804 4014 omnes
822 3961 885 4014 illas
906 3977 954 4028 res,
973 3978 1080 4016 numero
1099 3963 1228 4028 infinitas,
1249 3979 1316 4032 quae
1335 3966 1429 4032 partes

306 4051 406 4104 habent
424 4050 476 4118 ipsi
494 4049 531 4102 rei
550 4049 650 4101 similes
670 4047 778 4102 eundem
797 4049 825 4101 in
844 4049 948 4102 modum
968 4052 1048 4118 atque
1067 4067 1137 4120 aqua
1156 4054 1183 4104 et
1197 4053 1276 4120 ignis,
1297 4052 1431 4120 principis.

307 4154 362 4192 esse
380 4139 466 4204 voluit
483 4153 566 4206 neque
585 4137 667 4190 aliam
685 4137 737 4190 nisi
757 4137 883 4191 miscendi
901 4140 929 4191 et
947 4138 1109 4194 discernendi
1132 4141 1306 4194 mutationem
1330 4139 1427 4193 subire.
1520 4193 1522 4200 ⁴

308 4226 348 4281 of.
369 4227 396 4280 n.
415 4225 447 4280 1⁴
472 4225 551 4281 ουν.
588 4225 669 4280 Arist.
689 4225 720 4280 oe
739 4225 819 4280 caelo
833 4226 877 4280 111
896 4227 921 4281 3.
941 4228 1022 4281 σοον
1041 4229 1083 4282 es.
1121 4223 1301 4296 Ἀναξαγόρας
1320 4223 1347 4278 ε’
1365 4225 1430 4298 πμ.

365 4387 392 4452 1)
411 4384 484 4450 Quae
501 4387 571 4440 ratio
585 4385 730 4441 intercedat
743 4385 903 4441 interilum.
914 4388 1046 4456 opiniones
1057 4387 1179 4457 physicas
1189 4389 1215 4441 et
1224 4387 1429 4458 metaphysicas.
