3148 4984
534 1234 892 1338 Neoplatonici.

604 1548 821 1626 Plotinus.

658 1745 765 1752 ——o-a

101 1865 144 1905 ⁵⁰⁸
220 1865 372 1948 Porphyr.
397 1865 436 1928 V.
467 1865 585 1930 Plotini
615 1885 682 1948 cap.
708 1874 738 1930 2.
775 1853 822 1930 Ἃ
852 1864 963 1948 μέντοι
998 1868 1074 1954 ημῖν
1107 1866 1205 1946 αὐτὸς
1240 1869 1271 1953 (ό
1304 1887 1352 1928 ,ιιι

153 1971 335 2055 Πλωτῖνος)
360 1960 423 2058 ἐφ’
443 1967 560 2036 ἑαυτοῦ
583 1969 616 2036 ἐν
638 1975 714 2050 ταῖς
729 1969 876 2054 ὁμιλίαις
892 1972 1054 2050 πολλάκις
1078 1973 1220 2062 διηγεῖτο
1235 1972 1273 2063 ἦν

153 2081 306 2144 τοιαῦτα·
330 2113 373 2126 -
405 2087 434 2144 3.
457 2074 603 2144 εἰκοστὸν
625 2076 683 2144 καί
705 2075 818 2162 όγδοον
840 2074 913 2156 ἐτος
935 2076 1032 2144 αὐτὸν
1055 2078 1194 2163 δίγοντα·
1216 2081 1272 2168 δρ-

153 2197 254 2272 μησαι
278 2183 336 2250 ἐπί
359 2181 561 2272 φιλοσοφίαν
583 2182 641 2268 καί
663 2187 734 2262 τοῖς
755 2184 829 2250 τότε
852 2185 938 2250 κατά
960 2186 1017 2272 τὴν
1029 2173 1273 2271 Ἀλεξάνδρειαν

153 2289 359 2374 εὐδοκιμοῦσι
389 2289 595 2357 συσταθέντα
626 2289 774 2356 κατιέναι
804 2289 841 2356 ἐκ
871 2303 929 2378 της
958 2289 1143 2377 ἀκροάσεως
1166 2291 1273 2357 αὐτῶν

152 2409 285 2485 κατηφῆ
308 2396 366 2462 καί
389 2397 495 2485 λύπης
510 2397 628 2486 πλήρη,
653 2397 697 2474 ὡς
720 2393 779 2462 καί
800 2421 866 2462 τινι
882 2409 947 2461 τῶν
962 2394 1067 2486 φίλων
1082 2398 1272 2486 διηγεῖσθαι

153 2500 326 2585 ἃπάσχει.
362 2504 418 2570 τὸν
453 2501 489 2568 δέ
525 2501 658 2569 συνέντα
694 2501 793 2568 αύτοῦ
825 2515 883 2590 τῆς
917 2515 1023 2591 ψυχης
1053 2505 1091 2570 τὸ
1124 2505 1272 2593 βούλημα
1372 2590 1374 2594 ¹

154 2608 332 2694 ἐπενέγκαι
355 2610 440 2696 πρός
461 2597 673 2692 Ἀμμώνιονῑς
697 2604 736 2674 ού
756 2607 894 2697 μηδέπω
917 2607 1120 2696 πεπείρατο·
1158 2612 1214 2676 τόν
1237 2609 1274 2676 δέ

153 2711 345 2782 εἰσελθόντα
368 2714 427 2781 καί
449 2715 633 2782 άκούοαντα
658 2715 761 2802 φάναι
783 2716 869 2802 πρὸς
891 2717 947 2782 τὸν
970 2712 1115 2802 ἑταῖρον·
1153 2722 1274 2782 Τοῦτον

155 2821 293 2909 ἐζήτουν.
324 2820 382 2888 καί
412 2812 478 2886 ἀπ’
496 2818 619 2908 ἐκείνης
641 2834 698 2909 της
726 2819 848 2910 ἡμέρας
871 2835 1007 2904 συνεχως
1029 2821 1077 2908 τῷ
1098 2811 1273 2910 Ἀμμωνίῳ

153 2927 388 3015 παραμένοντα
410 2929 569 3016 τοσαύτην
591 2925 659 3006 ἕξιν
682 2926 715 2992 ἐν
739 2925 921 3016 φιλοσοφίᾳ
944 2928 1134 3016 κτήσασθαι
1150 2929 1194 3008 ὡς
1216 2929 1273 2996 καί
1353 2995 1355 3000 .

153 3047 212 3122 τῆς
235 3035 329 3122 παρὰ
353 3037 423 3111 τοῖς
446 3032 594 3122 Πέρσαις
610 3032 880 3122 ἐπιτηδευομένης
896 3037 1015 3120 πεῖραν
1038 3035 1150 3120 λαβεῖν
1172 3045 1274 3102 σπεῦ-

154 3161 213 3206 σαι
236 3139 294 3206 καί
316 3153 374 3228 τῆς
396 3129 484 3226 παρ’
499 3129 613 3218 Ἰνδοῖς
635 3139 909 3229 κατορθουμένης.
957 3147 988 3206 Γ
985 3142 1136 3229 ορδιανοῦ
1158 3141 1195 3208 δὲ
1217 3153 1276 3210 τοῦ

155 3244 316 3329 βασιλέως
339 3245 398 3312 ἐπὶ
421 3248 497 3324 τοὺς
518 3245 652 3333 Πέρσας
675 3245 833 3334 παριέναι
861 3245 1036 3330 μέλλοντος
1065 3249 1139 3326 δούς
1161 3246 1276 3340 ἐαυτὸν

154 3351 203 3438 τῷ
237 3351 452 3440 στρατοπέδῳ
487 3348 646 3442 συνεισῄει
680 3349 753 3430 ἐτος
786 3352 846 3441 ἤδη
880 3355 1075 3441 τριακοστὸν
1103 3353 1190 3439 δίγων
1217 3355 1274 3420 καί

155 3456 276 3540 ἔνατον,
300 3456 413 3525 ἕνδεκα
431 3461 490 3546 γάρ
514 3459 598 3524 όλων
614 3457 694 3524 ἐτῶν
710 3458 908 3546 παραμένων
930 3461 979 3546 τῷ
992 3449 1169 3548 Ἀμμωνίῳ
1185 3482 1274 3528 συνε-

154 3565 301 3646 σχόλασε.
336 3575 395 3632 τού
417 3563 453 3630 δέ
476 3571 507 3628 Γ
504 3565 654 3652 ορδιανοῠ
676 3565 755 3652 περί
778 3568 834 3654 την
857 3563 1124 3649 Μεσοποταμίαν
1146 3566 1274 3655 άναιρε-

154 3670 272 3750 θέντος
294 3671 390 3755 μόλις
413 3671 538 3760 φεύγων
568 3667 614 3750 εἰς
637 3673 694 3760 τὴν
717 3665 913 3754 Ἀντιόχειαν
937 3674 1091 3761 διεσώθη.
1130 3673 1187 3739 καί
1212 3679 1275 3740 Φι-

155 3774 285 3844 λίππου
313 3780 371 3866 τὴν
400 3775 571 3861 βασιλείαν
600 3779 820 3866 κρατήσαντος
850 3780 891 3863 (a.
922 3780 999 3863 244)
1034 3780 1274 3865 τεσσαράκοντα

156 3883 291 3968 γεγονὼς
306 3879 361 3972 ἐτη
378 3880 424 3961 εἶς
446 3885 502 3971 τὴν
515 3873 638 3970 Ῥώμην
660 3882 790 3950 άνεισιν.
812 3874 964 3971 Ἐρεννίῳ
980 3883 1017 3950 δέ
1032 3883 1090 3950 καί
1102 3874 1275 3972 Ὠριγένειο

156 3989 213 4054 καί
243 3987 404 4076 Πλωτίνφ
434 3995 606 4078 συνθηκῶν
636 4002 806 4074 γεγονυιῶν
836 3989 936 4079 μηδὲν
965 3990 1179 4058 ἐκκαλύπτειν
1212 4005 1276 4058 τῶν

152 4083 341 4179 Ἀμμωνίου
365 4096 544 4182 δογμάτων,
568 4093 590 4160 ἃ
612 4096 651 4184 δη
676 4094 709 4162 ἐν
731 4100 805 4174 ταῖς
821 4096 1013 4183 ἀκροάσεσιν
1035 4096 1146 4175 αὐτοῖς
1168 4098 1274 4164 άνεκε-

156 4203 325 4289 κάθαρτο,
368 4201 492 4286 ἐνέμενε
526 4201 583 4268 καί
618 4202 635 4267 δ
670 4203 840 4280 Πλωτῖνος
875 4204 976 4268 συνὼν
1013 4201 1072 4286 μέν
1104 4225 1172 4270 τισι
1210 4207 1275 4270 τῶν

157 4308 373 4393 προσιόντων,
408 4322 513 4396 τηρῶν
543 4307 579 4374 δέ
608 4306 794 4373 άνέκπυστα
824 4311 866 4372 τὰ
889 4311 983 4393 παρά
1010 4321 1068 4374 τοῦ
1088 4299 1274 4392 Ἀμμωνίου

157 4413 314 4498 δόγματα.
364 4403 520 4501 Ἐρεννίου
550 4413 586 4480 δέ
616 4415 749 4499 πρώτου
780 4416 839 4492 τάς
867 4416 1034 4503 συνθήκας
1064 4416 1278 4503 παραβάντος

212 4536 460 4578 Μωωω
1026 4521 1062 4576 Μ
