3140 4990
566 1047 807 1176 Diogenes
839 1047 1190 1152 Apolloniates.

802 1258 961 1266 ..—

240 1393 287 1434 vm
389 1379 480 1460 Diog.
509 1379 557 1442 IX
589 1387 639 1444 57.
684 1379 832 1463 Διογένης
864 1336 1128 1461 Ἀπολλοθέμιδος
1160 1373 1407 1460 Ἀπολλωνιάτης
1421 1387 1444 1458 ²,
1465 1392 1509 1432 1⁵⁹

320 1480 398 1570 ιλνηρ
423 1480 555 1572 φυσικὸς
577 1489 626 1550 καὶ
649 1477 725 1570 ιλγαν
749 1485 917 1569 ἐλλόγιμος.
950 1478 1059 1570 ἢκουσε
1085 1487 1133 1566 il,
1164 1484 1207 1562 ὥς
1230 1510 1324 1570 φησιν
1343 1479 1447 1550 Ἀντι-

319 1593 441 1675 σθένης,
463 1588 698 1673 Ἀναξιμένους’
722 1585 759 1678 ἦν
783 1595 817 1658 δὲ
839 1595 871 1658 ἓν
894 1604 957 1669 τοῖς
978 1589 1102 1678 χρόνοις
1125 1587 1194 1657 κατ’
1227 1586 1444 1678 Ἀναξαγόραν.

390 1729 419 1769 a.
447 1713 540 1768 Patria
559 1715 623 1777 eius,
642 1715 666 1768 si
684 1714 847 1783 Stephanum
867 1716 930 1784 Byz.
950 1715 981 1784 (s.
1000 1733 1025 1770 v.
1042 1713 1220 1782 Ἀπολλωνία)
1239 1713 1377 1776 audimus,
1403 1716 1446 1766 est

319 1803 413 1856 Cretae
443 1803 574 1872 oppidum.
612 1805 652 1858 De
675 1807 764 1857 aetate
789 1821 813 1858 v.
839 1804 923 1858 Clint.
942 1805 973 1860 F.
992 1805 1025 1859 H.
1056 1822 1117 1860 ann.
1146 1805 1199 1859 468
1226 1807 1253 1858 et
1279 1819 1339 1872 app.
1367 1801 1444 1866 XXI,

317 1907 342 1959 p.
353 1891 454 1945 maed.
465 1893 490 1946 8.
527 1890 698 1960 Physicorum
718 1892 770 1945 iere
788 1893 955 1948 novissimus.
993 1893 1146 1962 Simplicius
1164 1893 1244 1962 Phys.
1263 1894 1307 1946 61.
1326 1891 1443 1956 25,1D.

317 1984 364 2034 καὶ
382 1986 516 2050 Διογένης
540 1981 571 2034 δὲ
597 1978 841 2049 ὁἈπολλωνιιίτης
866 1983 968 2052 σχεδὸν
990 1982 1057 2049 (scil.
1083 1985 1188 2052 excepte
1213 1981 1353 2036 Archelaol
1378 1983 1444 2034 νεώ-

318 2089 400 2131 τατος
426 2071 545 2140 γεγονὼς
572 2081 626 2122 τῶν
650 2075 713 2142 περὶ
738 2081 825 2124 ταῦτα
853 2070 899 2137 (sc.
919 2073 952 2123 τὰ
972 2073 1088 2142 φυσικὰ)
1114 2073 1311 2142 σχολασάντων
1337 2070 1370 2121 τὰ
1389 2069 1445 2141 μὲν

317 2161 434 2212 πλεῖστα
459 2164 715 2232 συμπεφορημένους
739 2165 874 2233 γέγραφε,
900 2161 934 2212 τὰ
957 2161 1011 2232 μέν
1032 2161 1103 2214 κατὰ
1128 2155 1321 2231 Ἀναξαγόραν,
1350 2159 1385 2210 τὰ
1410 2158 1444 2211 δὲ

316 2249 387 2299 κατὰ
414 2249 581 2300 Λεύκιππον
609 2250 710 2316 λέγων’
731 2249 779 2313 τὴν
807 2247 837 2300 δὲ
867 2258 916 2300 τοῦ
944 2251 1048 2308 παντὸς
1077 2251 1165 2318 φύσιν
1193 2250 1258 2318 ἀέρα
1286 2251 1334 2301 καὶ
1363 2239 1445 2307 οὗτός

318 2351 404 2405 φησιν
421 2334 533 2400 (dixerat
551 2335 583 2387 de
602 2335 772 2401 Anaximene)
802 2340 917 2404 ἄπειρον
942 2337 1076 2390 εἶναικαὶ
1096 2337 1195 2402 crema,
1221 2339 1250 2398 ἐξ
1269 2329 1302 2389 οὗ
1321 2357 1444 2390 πυκνου-

316 2427 403 2493 μένου
421 2427 467 2476 καὶ
485 2429 665 2496 μανουμένου
683 2429 729 2477 καὶ
746 2427 966 2492 μεταβάλλοντος
991 2432 1048 2486 τοῖς
1073 2429 1178 2478 πάθεσι
1202 2427 1250 2491 τὴν
1275 2435 1329 2477 των
1354 2428 1446 2477 ratleo

317 2516 446 2580 γίνεσθαι
470 2514 589 2583 μορφήν.
627 2517 779 2565 καὶταῦτα
797 2515 851 2584 μέν
872 2515 1049 2586 Θεόφραστος
1068 2518 1172 2584 ἱστορεῖ
1191 2518 1322 2587 περὶτοῦ
1341 2517 1444 2581 Διογέ-

316 2620 381 2659 νους
398 2601 452 2652 κτλ.
489 2599 527 2652 De
545 2601 672 2668 Leucippi
686 2601 837 2654 imitatione
851 2601 924 2654 Diels
940 2601 1000 2655 Act.
1012 2603 1093 2656 Conv.
1103 2601 1199 2655 Philol.
1220 2600 1331 2668 (Stettin
1351 2597 1443 2667 1881),

316 2687 466 2742 105-108.
503 2687 606 2742 ibidem
625 2689 833 2756 demonstratur,
858 2691 1002 2758 Diogenem
1020 2691 1054 2744 ab
1073 2690 1251 2758 Aristophane
1269 2690 1297 2742 in
1316 2688 1443 2742 Nubibus

315 2776 363 2842 (vs.
375 2776 427 2830 228
438 2777 521 2843 etal.)
542 2776 659 2841 irrideri;
678 2777 711 2830 ci.
722 2777 852 2843 Peterem,
872 2780 995 2848 Hippocr,
1010 2781 1110 2848 scripta
1129 2779 1163 2832 ad
1182 2779 1333 2846 temptat.
1354 2777 1444 2845 dispo-

315 2863 378 2927 sita,
399 2863 494 2916 Hamb.
511 2866 589 2919 1839.
628 2865 649 2917 Ε
668 2866 788 2934 reliquiis
807 2870 935 2934 quantum
956 2867 1072 2922 indicere
1090 2867 1162 2931 licet,
1183 2866 1350 2920 Anaximenis
1368 2866 1442 2934 prin·

316 2952 386 3019 cipia
405 2951 510 3005 videtur
528 2957 633 3008 secutus
652 2969 721 3019 esse,
751 2954 796 3007 sed
824 2957 865 3009 ita
889 2958 921 3009 ut
949 2959 1009 3024 post
1036 2956 1220 3024 Anaxagoram
1250 2955 1385 3023 scripserit
1412 2959 1442 3007 et

315 3040 497 3107 antiquiorem
516 3041 663 3095 doctrinam
683 3041 808 3096 adversus
827 3060 885 3097 eum
910 3045 1012 3098 munire
1040 3044 1185 3109 studuerit3
1219 3042 1441 3112 quemadmodum

314 3129 373 3180 tum
392 3128 472 3181 multi
493 3129 587 3182 medici
605 3131 643 3196 (et
661 3130 714 3184 fuit
732 3131 810 3200 Diog.
829 3131 960 3197 medicus,
985 3138 1030 3185 BP
1049 3132 1100 3186 165
1118 3132 1147 3201 b)
1170 3132 1345 3201 antiquitatis
1363 3135 1443 3185 erant

315 3216 487 3271 tenacissimi.

277 3405 285 3446 r
382 3377 473 3458 Diog.
497 3377 544 3440 VI
568 3387 621 3447 81.
653 3379 701 3442 IX
726 3387 776 3444 57.
818 3374 913 3465 Ἀρχὴ
946 3383 980 3447 δὲ
1007 3376 1093 3468 αὐτῷ
1121 3382 1177 3444 τοῦ
1200 3381 1441 3468 συγγράμματος
1462 3403 1510 3442 rso
1568 3353 1569 3360 λ

269 3525 271 3529 -
313 3479 387 3565 ἥδε·
438 3478 579 3568 ,,Λιλγου
613 3479 729 3561 παντὸς
762 3481 932 3569 ἀρχόμενον
963 3491 1048 3551 doner*
1071 3513 1125 3570 μοι
1150 3482 1248 3572 χρεών
1278 3486 1353 3553 εἶναι
1382 3485 1441 3572 την

314 3583 408 3672 ἀρχὴν
432 3585 704 3676 ἀναμφισβήτητον
728 3593 925 3676 παρέχεσθαι,
951 3588 1007 3678 τὴν
1031 3597 1065 3660 ds*
1088 3591 1245 3679 ἕρμηνιιήν
1268 3590 1367 3679 ἁπλῆν
1389 3599 1440 3658 καὶ

315 3691 458 3778 σεμνῆν.“

385 3817 416 3869 ln
443 3817 614 3885 fragmentis,
651 3835 718 3887 quae
752 3823 815 3874 sunt
842 3837 859 3874 a
888 3821 1023 3890 Simplicio
1056 3825 1177 3888 servata,
1210 3822 1377 3891 castigandis
1410 3825 1441 3877 et

314 3906 520 3973 interpretandis
545 3907 746 3961 elaboraverunt
769 3909 969 3977 Panzerbieter,
994 3912 1127 3978 Diogenes
1153 3910 1344 3980 Apolloniates,
1363 3912 1438 3980 Lips.

315 3994 393 4057 1830,
414 3997 441 4046 et
459 3994 500 4047 W.
520 3994 634 4060 Schorn,
654 4001 827 4065 Anaxagorae
846 4001 873 4050 et
892 3999 1018 4066 Diogenis
1037 3998 1203 4066 fragmenta,
1229 3999 1335 4052 Bonnae
1355 4000 1435 4053 1829.

312 4081 395 4136 Plura
427 4082 491 4136 clim
524 4085 652 4151 Diogenis
686 4087 786 4153 scripta
819 4088 965 4151 exstitisse,
1002 4087 1046 4140 sed
1079 4088 1163 4140 solum
1198 4104 1263 4156 opus
1291 4093 1354 4158 περὶ
1382 4091 1439 4159 φύ-

313 4188 380 4231 σεως
398 4170 433 4224 ad
451 4187 478 4224 se
497 4175 643 4239 pervenisse
662 4176 779 4226 testatur
798 4174 889 4242 Simpl.
909 4175 987 4242 Phys.
1007 4176 1042 4230 32
1057 4187 1077 4228 V.
1100 4175 1159 4240 151,
1180 4176 1214 4229 24
1224 4178 1256 4230 D.
1295 4183 1388 4230 ἰστέον
1401 4180 1441 4238 ὡς

312 4263 467 4330 γέγραπται
485 4262 538 4332 μὲν
557 4264 671 4314 πλείονα
690 4266 727 4330 τῷ
747 4268 873 4332 Διογένει
893 4267 981 4332 τούτῳ
1000 4268 1223 4337 συγγράμματα,
1252 4267 1287 4326 ὡς
1307 4267 1389 4326 αὐτὸς
1407 4267 1440 4319 ἰν
1487 4259 1489 4262 ’

312 4349 350 4413 τῷ
369 4352 439 4417 Περὶ
459 4351 567 4419 φύσεως
596 4352 721 4422 ἐμνήσθη
745 4356 792 4404 καὶ
818 4354 886 4425 πρὸς
914 4355 1100 4423 φυσιολόγους
1128 4355 1312 4424 ἀντειρηκέναι
1339 4357 1438 4422 λέγων,

313 4436 359 4494 οὓς
376 4438 453 4489 καλεῖ
469 4442 516 4489 καὶ
536 4440 617 4499 αὐτὸς
636 4443 781 4510 σοφιστάς,
800 4445 846 4493 καὶ
866 4445 1097 4512 Μιτεωρολογίαν
1116 4447 1292 4516 γεγραφέναι,
1312 4445 1342 4498 ἔν
1360 4431 1439 4516 ᾗκαὶ
