3148 4984
299 349 354 410 960
450 353 452 358 '
767 349 956 420 Neoplatunici.

301 514 357 564 tres
371 511 593 576 classesrevocat‚
613 512 645 564 τὸ
659 512 797 576 νοητόν,
814 511 1001 582 τὸνοερύν,
1020 511 1052 562 τὸ
1066 510 1195 575 νοητὸν
1213 512 1272 561 καὶ
1290 509 1423 579 νοερόν,

300 600 405 668 longum
424 599 485 652 inde
504 599 664 652 diversarum
684 598 807 652 classium
826 601 919 652 seriem
938 597 1045 652 deorum
1063 600 1180 663 nectens,
1200 613 1222 650 v.
1241 595 1312 648 Plat.
1331 595 1423 650 Theoi.

300 689 341 742 III
361 689 395 742 14
412 705 438 758 p.
459 688 511 742 143
522 705 560 758 sq.
571 687 600 740 P.
1113 701 1114 706 ¹

114 793 291 890 ffistfflffllflm
372 795 403 852 b.
428 799 466 850 Τὸ
484 797 589 862 νοητόν,
609 795 678 865 quod
697 811 775 848 sensu
791 795 943 864 angustiore
958 794 1071 860 dicitur„
1083 793 1118 846 ad
1136 795 1191 846 tres
1209 808 1302 845 rursus
1320 790 1423 844 triadus

300 887 444 950 revocatur,
464 901 574 954 quarum
594 883 679 954 primu
697 887 740 937 est
757 901 788 937 ea
802 900 868 953 quae
881 884 931 936 hoc
948 883 1005 936 Ιοεο
1024 882 1204 948 adumbratur,
1224 897 1291 950 quae
1309 879 1424 949 umplon-

300 973 369 1027 titur
392 977 424 1027 τὸ
449 973 478 1027 ἓν
502 971 538 1038 (h,
558 989 579 1026 ε.
604 989 686 1026 unum
705 971 811 1025 secundi
830 971 943 1037 ordinis,
969 971 1038 1041 quod
1063 971 1181 1040 aprimo
1205 987 1257 1023 uno
1281 969 1371 1022 differt
1390 971 1423 1041 τῇ
1528 995 1537 1012 ι

299 1068 410 1136 ’μεθέξει
428 1074 478 1116 τοῦ
491 1063 581 1126 ὄντος)
599 1065 628 1114 et
642 1065 674 1114 τὸ
688 1065 720 1114 ὂν
737 1064 765 1114 et
784 1062 913 1133 δύναμιν,
933 1077 1000 1130 quae
1017 1061 1087 1114 inter
1105 1063 1247 1130 utrumque
1265 1057 1422 1112 mediaest:

300 1169 378 1222 quam
397 1151 508 1205 tundam
526 1151 555 1204 in
572 1149 788 1204 anteueduntibus
810 1149 890 1216 (Plat.
909 1148 998 1204 Theol.
1017 1149 1091 1202 1117
1111 1167 1137 1219 p.
1159 1149 1207 1203 131
1219 1148 1271 1217 sq.)
1294 1147 1333 1199 itu
1351 1148 1423 1198 retu-

299 1241 369 1296 lerat
396 1241 430 1294 ad
457 1240 485 1293 id
513 1239 582 1310 quod
609 1239 678 1294 Plat.
708 1239 809 1292 Phileb.
839 1239 873 1294 23
889 1239 962 1310 Dsq.
988 1239 1138 1308 appellatur
1169 1243 1266 1312 πέρας,
1296 1241 1421 1306 ἄπειρον,

298 1331 410 1403 μικτόν,
439 1331 471 1382 ut
494 1327 554 1382 finis
579 1327 737 1398 respondeat
761 1328 806 1380 uni
831 1327 957 1393 secundo,
985 1327 1117 1380 infinitum
1137 1331 1168 1400 τῆ
1187 1328 1306 1398 δυνάμει
1325 1324 1422 1393 quippe

300 1419 412 1490 ἀπείρῳ,
432 1418 544 1470 mixtum
566 1417 678 1486 denique
697 1421 729 1490 τῇ
745 1419 826 1485 οὐσίᾳ
846 1417 900 1469 sivo
919 1421 956 1485 τῷ
976 1420 1060 1478 ὄντως
1078 1419 1136 1469 ύντι
1154 1415 1180 1468 h.
1200 1432 1222 1468 ε.
1242 1412 1421 1466 substantiae:

299 1507 331 1560 ui.
350 1507 441 1560 Instit.
461 1505 551 1560 Theoi.
570 1505 606 1560 89
617 1523 656 1576 sq.
675 1522 701 1575 p.
720 1506 773 1560 453
788 1505 816 1559 P.
839 1505 890 1560 134
904 1505 961 1571 Cr.;
980 1505 1050 1559 Plat.
1069 1503 1157 1558 Theol.
1172 1503 1243 1558 ΙΠ9
1262 1521 1287 1572 p.
1303 1500 1355 1556 135
1366 1517 1421 1570 sq.;

298 1595 336 1650 IV
356 1597 370 1648 1
391 1613 416 1665 p.
437 1596 503 1660 180;
523 1595 550 1647 in
569 1593 669 1662 Cratyl.
688 1595 732 1648 42.
769 1594 808 1648 ua
830 1594 961 1664 principia
984 1609 1032 1664 per
1049 1610 1138 1647 omnes
1157 1592 1250 1646 deinde
1267 1595 1296 1644 ut
1314 1591 1423 1644 deorum

300 1685 404 1738 ordines
422 1687 451 1738 et
469 1684 681 1738 substantiarum
699 1683 797 1751 gradus
815 1683 991 1752 persequitur,
1010 1682 1042 1736 ei.
1061 1683 1089 1736 in
1108 1680 1255 1735 Parmenid.
1269 1679 1307 1732 VI
1321 1679 1356 1734 99
1367 1695 1421 1747 sq.;

298 1773 366 1826 Inst.
386 1772 474 1826 Theol.
501 1772 553 1826 159
578 1790 603 1842 p.
622 1771 676 1827 482
686 1772 716 1826 Ρ.
735 1773 788 1826 236
798 1771 841 1828 Cr.
867 1783 947 1826 πᾶσα
972 1776 1049 1834 τάξις
1072 1779 1145 1828 θεῶν
1169 1773 1197 1826 ίκ
1225 1781 1278 1823 τῶν
1306 1771 1423 1840 πρώτων

299 1865 375 1918 ἐστὶν
399 1864 503 1935 ἀρχῶν,
531 1866 651 1932 πέρατος
674 1866 720 1915 καὶ
739 1863 874 1932 ἀπειρίας,
894 1891 927 1898 --
947 1857 1008 1914 ἀλλ’
1027 1862 1099 1914 ὅπου
1118 1861 1169 1916 μὲν
1188 1861 1219 1912 τὸ
1238 1862 1323 1930 πέρας
1341 1857 1422 1910 ἐνόο-

299 1953 425 2004 ναστεύει
448 1951 518 2003 κατὰ
546 1951 594 2016 τὴν
611 1953 697 2022 μῖξιν,
723 1951 796 2002 ὅπου
814 1950 846 2004 δὲ
864 1952 896 2003 τὸ
915 1954 1037 2021 ἄπειρον.
1074 1947 1193 2002 Secunda
1211 1947 1277 2000 trias
1296 1945 1423 2012 intelligi·

298 2039 360 2092 bilis
384 2041 426 2092 est
450 2039 520 2091 vitae
545 2036 624 2108 quam
647 2038 765 2108 appellat
789 2037 967 2108 intelligibilis
991 2040 1083 2105 (νοητὴ
1103 2037 1163 2104 ζωὴ)
1187 2037 1228 2090 vol
1253 2035 1422 2088 aeternitatis

299 2128 397 2194 (αἰών),
417 2128 497 2180 tertia
515 2127 666 2180 intellectus
687 2127 741 2180 sive
756 2127 847 2180 mundi
861 2127 1045 2196 intelligibilis,
1065 2126 1096 2180 cf.
1107 2123 1273 2179 Plut'l'heol.
1290 2123 1421 2192 11113sq.

299 2233 325 2286 p.
336 2218 387 2270 141
399 2233 437 2286 sq.
443 2216 472 2270 P.
482 2237 488 2282 ;
498 2216 526 2268 in
535 2215 600 2269 Tim.
611 2215 647 2268 IV
655 2233 680 2286 p.
691 2217 742 2270 241
755 2233 793 2285 sq.
801 2215 861 2269 Bas.
871 2215 924 2270 584
935 2233 972 2286 sq.
984 2215 1073 2280 Βούτας
1084 2215 1136 2269 268
1147 2214 1223 2284 sq.B.
1234 2213 1286 2266 656
1293 2229 1331 2281 sq.
1343 2211 1421 2265 Suhn.

367 2411 447 2476 Inst.
472 2412 578 2476 Theol.
605 2421 666 2477 111
701 2432 730 2494 p.
754 2419 816 2478 461
837 2411 872 2474 Ρ.
899 2419 960 2477 162
979 2410 1029 2476 Cr.
1076 2408 1193 2496 Πύσης
1222 2419 1279 2495 τῆς
1308 2418 1471 2490 νοερᾶςσιο

300 2528 410 2604 σειρᾶς
440 2513 471 2582 οἱ
498 2514 558 2600 μέν
587 2514 650 2582 είσι
679 2522 769 2582 θεῖοι
802 2517 870 2595 νόες
893 2515 1127 2598 ὑποδεξάμενοι
1149 2521 1237 2580 θεῶν
1258 2513 1419 2596 μεθέξεις,

301 2621 331 2690 οἱ
356 2623 392 2690 δὲ
414 2624 482 2702 νόες
504 2624 616 2707 μόνον·
639 2617 698 2688 καὶ
714 2623 824 2711 πάσης
847 2635 905 2711 τῆς
930 2635 1069 2710 ψυχικῆς
1093 2617 1127 2687 αἱ
1143 2621 1202 2705 μέν
1225 2617 1288 2686 εἰσι
1311 2619 1421 2707 νοεραί

301 2729 405 2818 ψυχαὶ
422 2726 467 2808 είς
483 2741 555 2808 νοῦς
570 2728 785 2818 ύνηρτημύναι
808 2726 962 2809 οἰκείους,
987 2725 1021 2794 αἱ
1046 2729 1082 2795 δὲ
1108 2727 1211 2816 ψυχαὶ
1232 2727 1338 2811 μόνον.
1364 2725 1421 2792 καὶ

299 2837 410 2924 πάσης
445 2849 502 2924 τῆς
537 2849 724 2924 σωματικῆς
760 2837 886 2924 φύσεως
921 2832 955 2902 οἳ
990 2835 1049 2920 μὲν
1078 2833 1135 2900 καὶ
1164 2835 1270 2921 ψυχὰς
1287 2819 1420 2914 Ιἔχουσιν

299 2942 486 3031 ἐφεστώσας
510 2942 645 3023 ἄνωθεν,
679 2939 714 3008 at
738 2942 775 3008 δέ
797 2940 861 3008 εἱσι
883 2944 997 3030 φύσεις
1019 2943 1116 3026 μόνον
1139 2954 1196 3018 τῆς
1218 2953 1283 3006 τῶν
1308 2953 1420 3020 ψυχῶν

298 3048 428 3135 ίίμοιροι
454 3047 648 3134 παρουσίας.
696 3045 834 3137 ἑκάστης
864 3052 924 3136 γὰρ
955 3059 1066 3135 σειρᾶς
1097 3047 1151 3129 ούχ
1174 3048 1248 3113 ὅλον
1269 3048 1308 3112 τὸ
1332 3045 1421 3130 γένος

298 3152 344 3234 είς
379 3157 417 3220 τὸ
451 3157 518 3244 πρὸ
548 3154 647 3220 αὐτοῦ
677 3153 882 3242 ἀνηρτῆσθαι,
911 3154 1068 3242 πέφυκεν,
1103 3154 1187 3218 αλλὰ
1217 3155 1255 3218 τὸ
1279 3151 1312 3218 ἐν
1336 3151 1420 3241 αὐτῇ

299 3261 494 3349 τελειότερον
516 3261 573 3327 καί
597 3263 809 3350 συμφύεσθαι
833 3266 903 3339 τοῖς
926 3258 1167 3348 ὑπερκειμένας
1191 3256 1308 3324 ἱκανόν.
1349 3257 1420 3340 ούτε

299 3365 353 3435 οὖν
383 3379 451 3446 πᾶς
473 3379 566 3446 νοῦς
590 3373 671 3434 θεοῦ
694 3367 844 3456 ἐξῆπται,
876 3355 951 3433 ἀλλ’
970 3364 1000 3433 οὶ
1024 3367 1201 3454 α’κρύτατοι
1225 3365 1282 3432 καὶ
1306 3361 1420 3430 ἐνικώ-

297 3499 393 3540 τατοι
417 3487 481 3540 τῶν
504 3475 601 3539 νύων·
626 3469 715 3540 οὗτοι
738 3475 799 3561 γὰρ
816 3479 892 3552 ταῖς
908 3472 1020 3552 θείαις
1036 3471 1125 3540 ὲνάσι
1149 3477 1322 3558 συγγενεῖς·
1347 3471 1420 3538 οίτε

265 3655 266 3659 ρ
299 3592 417 3646 πᾶσαι·
432 3579 564 3667 ψυχαί
587 3579 752 3662 μετέχουσι
776 3591 831 3646 νοῦ
852 3592 909 3646 τοῦ
923 3586 1092 3663 μεθεκτοῦ,
1117 3567 1192 3644 ἀλλ’
1211 3579 1287 3644 ὅσοι
1302 3580 1420 3666 νοερώ-

298 3709 414 3752 ταται·
438 3685 510 3752 ούτε
534 3697 641 3751 πᾶσαι
666 3686 900 3770 σωματικαὶ
924 3690 1071 3773 φύσεις
1093 3687 1297 3753 ἀπολαύουσι
1315 3699 1420 3770 ψυχῆς

298 3794 468 3882 παρούσης
491 3791 548 3857 καί
562 3792 780 3882 μετεχομύνης,
804 3782 881 3858 ἀλλ’
901 3791 935 3858 αὶ
959 3793 1153 3877 τελειότερον
1177 3789 1234 3858 καὶ
1258 3791 1418 3877 λογοειύὲ-

298 3924 420 3988 στεραι.
456 3898 512 3964 καί
537 3893 628 3977 οὗτος
652 3898 709 3964 ἐπὶ
734 3900 866 3964 πάντων
889 3900 906 3965 ὁ
929 3899 1023 3984 λόγος
1046 3897 1103 3987 τῆς
1126 3895 1350 3977 ἀποδείξεωςῦ.

369 4038 398 4078 a.
417 4023 498 4077 Vides
522 4023 627 4092 longum
652 4041 668 4076 ε
690 4024 787 4078 mundo
812 4024 974 4092 intelligibili
992 4041 1075 4094 usque
1101 4024 1134 4078 ad
1152 4038 1261 4093 corpora
1279 4022 1372 4075 seriem
1391 4025 1419 4076 et

298 4117 417 4168 catenam
437 4113 543 4166 deorum
562 4113 798 4180 intelligentiarum
818 4115 964 4168 animarum
982 4113 1061 4178 necti,
1087 4111 1164 4181 idque
1182 4129 1229 4182 pur
1247 4114 1302 4164 tres
1320 4110 1418 4177 gradus

297 4203 459 4272 praecipuos,
478 4219 588 4271 quorum
607 4206 724 4256 extrema
743 4207 807 4258 sunt
825 4203 926 4257 affinia:
946 4203 976 4256 ni.
996 4203 1086 4256 Instit.
1105 4201 1194 4256 Theoi.
1215 4201 1265 4254 147
1285 4217 1310 4270 p.
1325 4199 1377 4252 411
1389 4199 1416 4254 Ρ.

298 4291 351 4343 218
361 4289 403 4344 Gr.
425 4295 536 4345 πάντων
555 4303 609 4344 τῶν
627 4296 711 4344 θείων
730 4292 893 4365 διακόσμων
912 4295 945 4345 τὰ
965 4294 1101 4366 ιἰκρύτατα
1126 4297 1184 4351 τοῖς
1203 4295 1321 4362 κούροισιν
1339 4292 1418 4360 ὁμοι-

299 4389 379 4432 οῦται
398 4387 453 4432 ,τῶν
473 4382 678 4452 ὑπερκειμένων.
708 4385 732 4433 εἰ
750 4381 804 4450 γὰρ
823 4380 866 4434 δεῖ
881 4386 1025 4450 συνέχειαν
1043 4379 1114 4436 εἶναι
1133 4388 1179 4446 τῆς
1197 4383 1276 4439 θείας
1293 4377 1418 4450 προόόου

299 4471 346 4520 καὶ
374 4474 435 4527 ταῖς
463 4473 575 4529 οἰκείαις
602 4469 720 4535 ἑκάστην
742 4471 821 4529 τάξιν
847 4468 1034 4524 συνδεδέσθαι
1051 4470 1217 4539 μεσότησιν,
1246 4469 1351 4537 ἀνάγκη
1370 4469 1417 4526 τὰς
