3148 4984
295 327 349 388 546
759 331 948 402 Neoplatouioi.

297 488 362 545 ἀλλ’
380 494 416 552 ὡς
434 493 466 544 τὸ
484 493 556 544 πολὺ
573 495 621 544 καλ
638 501 812 564 κρατοῦνται,
831 486 873 546 δι’
892 493 960 546 αὐτὸ
973 502 1056 546 τοῦτο
1073 496 1192 562 άγονταί
1209 511 1237 546 τε
1255 496 1303 546 καὶ
1322 497 1421 565 φέρον·

297 601 343 634 ται
367 583 442 644 λίαν,
472 580 541 632 ὅταν
560 583 590 632 αλ
614 590 664 633 τοῦ
689 583 850 653 πνεύματος
873 582 956 654 ὀργαί
979 584 1073 634 τεκαὶ
1092 582 1246 654 ἐπιθυμίαι
1265 583 1315 648 τὴν
1333 584 1423 656 ὁρμὴν

296 673 425 737 λάβωσιν,
445 660 528 721 αὗται
546 668 579 723 δὲ
598 671 629 722 αἱ
647 673 746 739 ψυχαί,
775 669 907 741 δαίμονες
924 669 979 742 μὲν
996 672 1044 722 καλ
1063 661 1154 733 αὗται,
1173 674 1320 741 κακοεργοὶ
1338 667 1367 724 δ’
1386 674 1422 724 liv

296 759 405 819 εἰκότος
424 761 557 827 λέγοιντο.
596 757 693 811 Verum
711 759 800 811 tamen
818 773 878 811 oum
895 757 936 811 De
949 756 1028 812 Abst.
1046 756 1074 810 11
1092 757 1129 812 43
1146 759 1181 824 (v.
1199 775 1227 813 u.
1246 759 1280 824 a)
1298 758 1421 828 publicus

295 847 392 913 uultus,
411 846 458 916 qni
476 845 518 899 dis
531 845 666 916 placandis
679 845 797 913 inservit,
815 847 897 900 etiam
910 846 945 900 ad
957 846 1042 900 malos
1059 847 1150 916 genios
1167 847 1305 913 referatur,
1324 847 1421 900 dixeris

296 935 471 1006 Porphyrium
489 934 536 988 illo
553 935 610 989 loeo
628 935 763 1004 vulgarem
781 951 859 988 usum
876 934 1001 1005 loquendi
1015 938 1134 989 seeutnm
1152 951 1211 990 esse
1228 935 1312 988 malos
1329 935 1421 1004 genios

297 1025 359 1078 deos
378 1024 563 1094 appellantem.

367 1143 395 1186 e.
413 1129 522 1184 Errores
547 1130 579 1184 de
604 1129 645 1183 dis
669 1129 767 1200 repetit
791 1147 807 1183 a
830 1130 904 1184 falsis
929 1131 1094 1201 opinionibus
1117 1147 1165 1201 per
1181 1131 1265 1185 malos
1283 1120 1374 1199 genios
1392 1130 1421 1184 iu

296 1221 396 1274 animos
419 1222 524 1273 nostros
549 1219 661 1273 iniectis.
697 1217 745 1290 up.
771 1219 805 1272 ad
829 1217 912 1274 Aneb.
938 1219 973 1274 26
996 1236 1023 1290 p.
1048 1219 1176 1273 XXXVII
1191 1219 1235 1286 P.;
1254 1219 1287 1273 de
1313 1219 1421 1274 Abstin.

295 1308 323 1361 II
340 1308 384 1363 40.

368 1397 392 1451 ί.
410 1396 491 1450 Patet
508 1412 567 1449 eum
585 1395 701 1450 iudieare
725 1395 906 1467 philosophiae
925 1395 1008 1462 uam,
1033 1411 1112 1466 qnam
1131 1396 1268 1465 theurgiae
1286 1397 1330 1450 via
1347 1413 1422 1466 pree·

298 1485 460 1540 stabiliorem
478 1501 535 1538 esse
554 1484 696 1538 existimat.
732 1483 818 1539 Malos
836 1484 927 1554 geuim
950 1484 1046 1538 hebere
1070 1484 1175 1555 quidem
1193 1486 1308 1555 aliquam
1325 1485 1355 1539 in
1372 1501 1421 1540 nos

297 1575 350 1628 vim
368 1574 499 1640 censebat,
518 1575 550 1627 nt
568 1573 672 1644 possint
689 1573 765 1628 uobis
778 1589 870 1628 nouere
883 1571 928 1641 (ad
945 1572 1062 1628 Marcell.
1072 1573 1118 1639 21)
1136 1575 1165 1628 et
1182 1573 1295 1628 debeant
1308 1574 1420 1644 plaoari3

297 1663 345 1717 sed
363 1666 451 1716 tamen
469 1662 560 1716 invitis
579 1663 634 1716 illis
658 1679 799 1733 possumus
818 1661 892 1733 sequi
910 1661 1008 1716 bonnm
1026 1662 1189 1716 abstinentia
1206 1665 1235 1716 ot
1252 1663 1359 1717 fortiter
1377 1663 1422 1716 ob-

297 1751 406 1808 nitendo
424 1751 682 1822 perturbationibus:
700 1751 734 1806 ad
752 1751 834 1806 hiare.
854 1751 890 1806 34
917 1753 965 1806 ἐπὶ
983 1756 1118 1822 σωτηρίας
1136 1761 1182 1819 τῆς
1201 1760 1291 1822 ψυχῆς
1309 1751 1422 1824 ἕτοιμος

298 1844 347 1897 ἔσο
365 1843 397 1894 τὸ
415 1842 480 1894 ὅλον
499 1851 580 1913 σῶμα
599 1842 776 1895 ἀποκόπτειν.
813 1840 957 1911 Propterea
975 1856 1052 1892 carne
1075 1839 1144 1893 vesci
1162 1841 1316 1906 vetuimus,
1339 1839 1420 1894 etiam

297 1929 436 1984 similiores
455 1928 496 1982 dis
513 1928 568 1982 lore
586 1927 713 2000 ooniisns,
738 1928 761 1982 si
780 1945 796 1982 a
813 1928 966 2000 plantarum
984 1944 1087 1998 quoque
1105 1928 1171 1982 oibis
1189 1929 1320 1982 abstinere
1338 1928 1421 1999 possi-

296 2037 370 2073 mus:
397 2017 430 2072 de
448 2017 553 2072 Abstin.
572 2017 613 2071 111
630 2017 674 2072 27.
710 2017 894 2088 Philosophiae
921 2019 1011 2070 antem
1036 2017 1079 2070 via
1105 2016 1173 2070 nihil
1200 2017 1273 2071 aliud
1299 2019 1342 2071 est
1368 2016 1421 2070 nisi

297 2107 461 2180 praeparatio
471 2106 606 2177 quaedam,
621 2123 673 2178 qua
689 2107 870 2178 perveniamus
880 2105 913 2160 ad
923 2105 1170 2176 contemplationem
1183 2105 1238 2159 dei:
1251 2105 1286 2159 ad
1294 2105 1375 2159 Maru.
1385 2105 1421 2159 24

297 2203 419 2269 τέσσαρα
438 2201 563 2266 στοιχεῖα
579 2199 705 2268 μάλιστα
723 2197 899 2268 νενρατάνθω
917 2199 981 2268 περὶ
998 2201 1078 2250 θεοῦ·
1108 2200 1202 2256 πίστις
1220 2197 1334 2262 ἀλήθεια
1355 2195 1421 2267 ἔρως

297 2288 381 2348 ἐλπίς.
410 2295 559 2340 πιστεῦσαι
583 2287 637 2356 γάρ
662 2285 708 2339 δεῖ
730 2286 773 2338 ὅτι
796 2287 869 2358 μόνη
894 2289 1014 2358 σωτηρία
1038 2287 1143 2357 ἡπρὸς
1166 2287 1233 2340 θεὸν
1257 2285 1419 2359 ἐπιστροφή,

297 2381 344 2430 καὶ
372 2375 589 2429 πιστεύσανται
614 2376 649 2436 ὡς
677 2375 717 2428 ἔνι
743 2376 868 2446 μάλιστα
897 2373 1061 2428 σπουδάσαι
1088 2374 1195 2440 τάληθῆ
1221 2382 1325 2443 γνῶναι
1357 2375 1421 2446 περὶ

299 2467 391 2529 αὐτοῦ,
419 2467 465 2517 καὶ
492 2464 594 2532 γνόντα
622 2463 774 2538 ἐρασθῆναι
794 2472 845 2516 τοῦ
870 2465 1058 2532 γνωσθέντος,
1086 2463 1241 2536 ἐρασθέντα
1260 2462 1292 2516 δὲ
1310 2462 1421 2516 ἐλπίσιν

299 2555 422 2623 ἀγαθαῖς
440 2556 550 2623 τρέφειν
567 2553 616 2618 τὴν
635 2553 727 2622 ψυχὴν
746 2555 808 2624 περὶ
827 2561 878 2605 τοῦ
896 2555 967 2619 βίον.
1003 2550 1043 2604 De
1061 2548 1167 2605 Abstin.
1185 2549 1200 2603 I
1219 2550 1252 2604 57
1278 2551 1327 2603 οὐκ
1344 2550 1422 2604 ἔστιν

299 2645 385 2703 άλλως
402 2647 496 2711 τυχεῖν
514 2649 565 2693 τοῦ
582 2643 676 2702 τέλους
694 2641 737 2706 λ’
755 2643 971 2714 προσηλυθέντα
988 2645 1051 2710 μέν,
1070 2644 1095 2694 εἰ
1109 2640 1165 2712 χρὴ
1183 2642 1280 2711 φάναι,
1299 2641 1338 2708 τῷ
1355 2640 1419 2706 θεῷ,

299 2732 481 2802 ἀφηλωθέντα
496 2728 528 2784 δέ
541 2731 589 2782 καὶ
603 2731 733 2802 σώματος
746 2732 793 2782 καλ
807 2737 861 2781 τῶν
880 2727 929 2782 διά
948 2730 1049 2781 τούτου
1062 2737 1109 2795 τῆς
1125 2737 1216 2798 ψυχῆς
1233 2728 1420 2794 ἡδυπαθειῶν.

752 2992 965 3002 --·—---—

580 3223 784 3300 lamblichus
812 3223 948 3322 eineqne
976 3223 1138 3321 disoipnli.

806 3420 913 3428 ...υ-.-

371 3542 458 3608 Suid.
500 3529 685 3626 Ἰάμβλιχος
707 3579 751 3590 -
775 3537 943 3618 Χαλκίδος
972 3551 1030 3626 τῆς
1058 3536 1194 3627 Συρίας,
1228 3538 1467 3627 platomam
1562 3571 1564 3576 κ

298 3649 454 3736 μαθητὴς
469 3645 659 3736 Πορφυρίου
679 3657 738 3714 τοῦ
754 3646 967 3735 φιλοσόφου’,
990 3655 1049 3712 τοῦ
1063 3642 1236 3711 Πλωτίνον
1252 3644 1420 3728 άκουστοῦ,

300 3755 435 3841 γεγονὼς
468 3755 554 3820 κατὰ
588 3755 663 3831 τοὺς
691 3752 823 3842 χρόνους
858 3749 1106 3819 Κωνσταντίνου
1141 3760 1200 3817 τοῦ
1228 3749 1420 3836 partensi.

300 3859 425 3950 ἔγραψε
447 3858 562 3946 βιβλία
585 3859 753 3949 φιλόσοφοι
777 3855 949 3947 διάφοραθ.

371 3985 510 4040 ramnum
537 3984 570 4038 ee
596 3983 771 4053 Pymagorim
798 3984 855 4038 viu
880 3983 978 4038 nurum
1004 3981 1045 4037 eu
1070 3982 1254 4037 ueremni
1281 3983 1320 4050 (ur
1343 3983 1420 4054 mog.
1562 3965 1564 4014 l

299 4076 388 4129 laert.
407 4074 471 4128 edit.
490 4073 645 4138 Cobetiana)
661 4072 746 4128 Paris.
766 4071 850 4139 1850;
868 4071 981 4126 Adhort.
1000 4071 1035 4126 ad
1052 4070 1246 4142 philosophiam
1263 4087 1315 4126 reu.
1333 4070 1422 4126 Riese·

299 4164 365 4232 ling,
383 4163 456 4233 Lips.
477 4162 559 4228 181&
584 4161 794 4230 ineolumem
811 4160 993 4215 arithmetioae
1017 4159 1058 4214 ed.
1076 4158 1144 4228 Ast,
1168 4159 1344 4230 iips.181'l;
1372 4161 1421 4215 De

295 4377 297 4382 ’
372 4358 400 4422 1)
419 4360 607 4412 πιστεύσαντα
631 4356 738 4413 Nauolr:
767 4358 971 4413 σπουδάσαντα
993 4356 1063 4411 libri.
1091 4331 1130 4396 -'
1154 4356 1183 4421 2)
1209 4359 1226 4423 ll
1248 4354 1359 4411 Reislne:
1382 4357 1422 4429 poi

299 4446 375 4501 libri:
392 4445 504 4500 fortasse
521 4451 547 4501 εἰ
563 4449 603 4520 μή
621 4451 673 4501 BP.
