3156 4988
684 363 786 415 uthica.
1247 362 1301 422 387

176 524 247 574 κατὰ
265 527 373 588 κίνησιν
391 526 511 597 ἐνεργείᾳ
526 525 681 590 βλέπωνται.
719 521 805 587 Quare
821 523 931 576 vfuerunt
950 523 995 592 qui
1008 523 1149 593 Epicurum
1169 541 1299 578 summum

176 612 274 664 bonnm
298 611 326 664 in
350 611 483 664 vacuitate
507 611 605 664 doloris
629 611 748 681 posuisse
772 611 903 666 dicerent:
928 612 1004 680 Diog.
1029 612 1056 664 Π
1079 613 1122 666 87.
1148 613 1190 667 89.
1219 613 1297 668 Clem.

177 699 273 752 Strom.
292 699 370 752 1121
390 717 415 770 p.
434 701 488 754 495
506 700 535 753 P.
555 700 595 766 (fr.
615 701 686 766 450).
713 731 747 738 —
772 701 800 766 3)
818 699 907 756 Animi
925 703 1047 771 voluptas
1072 703 1186 772 corporis
1210 703 1299 773 volup-

177 791 234 841 tate
252 789 442 858 praestantior:
461 789 536 857 Diog.
555 789 580 842 X
600 790 650 842 137
670 790 711 854 (ir.
731 789 794 854 452)
813 792 853 844 ἔτι
873 793 941 862 πρὸς
960 793 1022 852 τούς
1041 795 1242 863 Κυρηναϊκούς·
1272 797 1301 845 οἵ

176 879 230 950 μὲν
254 881 308 952 γάρ
328 884 439 952 χείρους
465 881 514 939 τὰς
539 881 698 951 σωματικάς
724 880 880 948 ἀλγηδόνας
899 891 953 932 τῶν
972 891 1109 950 ψυχικῶν·
1135 884 1300 942 κολάζεσθαι

177 977 247 1036 γοῦν
265 969 329 1028 τοὺς
349 969 561 1040 ἁμαρτάνοντας
586 971 708 1040 σώματι·
740 969 805 1022 ὁδε
825 971 873 1030 τὰς
893 973 1026 1039 ψυχικάς·
1056 971 1104 1036 τὴν
1122 980 1192 1038 γοῦν
1211 973 1298 1044 σάρκα

178 1057 226 1108 διά
246 1059 278 1109 τὸ
297 1059 387 1130 παρὸν
404 1059 493 1127 μόνον
507 1061 658 1130 χειμάζειν,
679 1059 727 1124 τὴν
746 1057 777 1112 δὲ
797 1060 890 1128 ψυχὴν
908 1063 955 1111 καὶ
974 1059 1022 1112 διά
1043 1061 1074 1112 τὸ
1094 1062 1235 1130 παρελθὸν
1252 1063 1298 1112 καὶ

178 1147 210 1196 τὸ
228 1147 320 1217 παρὸν
337 1149 385 1198 καὶ
403 1147 435 1198 τὸ
452 1149 566 1218 μέλλον·
594 1147 680 1206 οὕτως
699 1143 748 1199 οὐν
765 1151 812 1199 καὶ
830 1149 959 1219 μείζονας
977 1147 1079 1214 ἠδονάς
1097 1148 1167 1200 εἶναι
1186 1149 1235 1208 τὰς
1253 1157 1301 1216 τῆς

177 1242 275 1303 ψυχῆς,
321 1233 360 1286 lb.
390 1234 443 1288 118
469 1234 512 1300 (fr.
537 1235 600 1299 601)
627 1238 680 1288 κάν
708 1239 866 1309 στρεβλωθῇ
891 1232 921 1289 δ’
944 1239 959 1289 ό
987 1239 1088 1308 σοφός,
1117 1237 1187 1290 εἶναι
1216 1239 1301 1290 αὐτὸν

177 1323 340 1394 εὐδαίμονα.
378 1322 482 1392 Epicur.
497 1323 546 1392 Ep.
565 1323 606 1376 HI
630 1324 665 1377 ib.
686 1324 738 1379 135
761 1341 787 1393 p.
807 1325 841 1378 66
859 1323 907 1378 Us.
935 1332 1058 1399 κρεῖττον
1085 1327 1155 1379 εἶναι
1182 1329 1301 1398 νομίζων

178 1413 342 1480 εὐλογίστως
372 1413 485 1482 ἀτυχεῖν
512 1416 528 1478 ἢ
556 1415 710 1482 ἀλογίστως
734 1415 865 1484 εὐτυχεῖν.
911 1413 947 1466 ut
973 1415 1086 1467 moriens
1110 1413 1238 1484 Epicurus
1266 1415 1299 1468 ad

176 1500 344 1553 Idomeneum
369 1500 481 1553 amicum
508 1501 616 1571 scripsit
633 1501 698 1554 haec
724 1501 811 1569 (Diog.
831 1501 856 1554 X
876 1503 929 1556 138
949 1503 979 1555 ci.
999 1501 1050 1556 Cic.
1070 1501 1126 1556 run.
1145 1501 1173 1555 H
1191 1504 1239 1568 96;
1267 1503 1298 1556 f.

177 1590 253 1654 138):
273 1591 321 1655 τὴν
337 1595 480 1662 μακαρίαν
494 1595 608 1660 ἀγοντες
621 1595 668 1644 καὶ
683 1591 744 1663 ἅμα
758 1594 933 1652 τελευτῶντες
946 1594 1052 1666 ἡμέραν
1070 1603 1120 1644 τοῦ
1137 1597 1200 1659 βίου
1219 1595 1299 1666 ἐγρά-

130 1705 145 1726 .
178 1698 270 1751 φομεν
299 1681 366 1751 ύμῖν
393 1684 486 1731 ταυτί·
522 1681 728 1753 στραγγουρικά
755 1698 784 1732 τε
813 1683 1016 1754 παρηκολούθει
1044 1685 1091 1734 καὶ
1123 1681 1299 1753 δυσεντερικὰ

178 1771 257 1834 πάθη
287 1769 437 1839 ὑπερβολὴν
466 1769 514 1820 οὐκ
542 1770 734 1821 ἀπολείποντα
763 1779 813 1822 τοῦ
840 1771 869 1822 ἓν
897 1769 1007 1830 ἑαυτοῖς
1033 1774 1184 1842 μεγέθους·
1223 1773 1299 1824 ἀντι-

178 1860 363 1930 παρετάττετο
382 1856 414 1910 δὲ
435 1866 506 1910 πᾶσι
526 1859 634 1916 τούτοις
653 1859 684 1910 τὸ
702 1858 772 1910 κατά
792 1859 886 1926 ψυχὴν
900 1864 1003 1929 χαῖρον
1021 1861 1068 1912 ἐπὶ
1088 1862 1120 1932 τῇ
1145 1870 1199 1912 τῶν
1217 1878 1299 1928 γεγο-

177 1948 265 1998 νότων
283 1948 350 2017 ἡμῖν
368 1946 561 2018 διαλογισμῶν
578 1947 682 2018 μνήμη.
720 1944 883 2015 Quamquam
906 1946 934 1999 in
954 1947 1043 2000 schola
1066 1947 1177 2000 maxime
1195 1948 1299 2000 valebat

176 2034 252 2102 illud,
272 2034 341 2104 quod
358 2035 525 2104 voluptatum
549 2037 733 2104 perceptarum
757 2034 963 2088 recordationem
988 2034 1070 2088 vitam
1093 2035 1198 2087 beatam
1216 2036 1299 2088 faeere

177 2123 291 2190 aiebant,
310 2125 338 2176 et
357 2122 461 2193 quidem
479 2139 586 2194 corpore
604 2126 795 2194 perceptarum,
814 2141 838 2178 v.
858 2122 910 2178 Cic.
925 2122 983 2177 Fin.
1003 2123 1030 2175 Π
1050 2123 1115 2187 106;
1135 2129 1178 2176 BP
1197 2123 1279 2178 aare.

128 2406 167 2446 ³81
244 2391 359 2455 Athen.
384 2390 448 2455 VH
470 2411 500 2475 p.
525 2391 633 2456 279F.
678 2388 749 2454 Καὶ
772 2389 869 2468 αὐτὸς
892 2388 928 2455 δέ
951 2413 1016 2454 που
1040 2389 1298 2478 δΜητρύδωρύς
1325 2389 1431 2494 ξζξξζζζζ

178 2536 221 2544 -
245 2517 360 2585 φησιν·
400 2495 512 2584 ,Περὶ
548 2495 689 2584 γαστέρα
725 2495 801 2584 γάρ,
837 2493 1062 2586 ὦφυσιολύγε
1088 2497 1299 2584 Τιμόκρατες,

177 2602 255 2691 περὶ
278 2601 421 2689 γαστέρα
444 2603 462 2668 ὁ
485 2605 571 2670 κατὰ
596 2604 693 2691 φύσιν
714 2599 858 2687 βαδίζων
881 2602 976 2688 λόγος
998 2605 1056 2691 τὴν
1078 2605 1214 2669 δίπασαν
1236 2600 1300 2686 ἔχει

177 2711 352 2798 σπουδήν.“
397 2698 589 2796 Ἐπίκουρος
611 2712 672 2797 γὰρ
697 2707 734 2798 ἦν
756 2709 774 2774 ὁ
796 2710 919 2775 τούτων
941 2708 1155 2791 διδάσκαλος,
1185 2706 1220 2789 ὃς
1242 2709 1299 2776 καὶ

107 2847 111 2856 ·
176 2823 263 2902 βοῶν
292 2813 396 2902 ἔλεγεν
426 2817 480 2902 (ίτ.Ι
500 2819 598 2900 409)
628 2806 744 2904 ,Ἀρχὴ
773 2815 831 2882 καὶ
861 2813 935 2904 ῥίζα
968 2817 1093 2896 παντὸς
1127 2817 1299 2905 ἀγαθούὴ

177 2937 234 3012 της
257 2925 396 3012 γαστρὸς
418 2923 532 3012 ἡδονή·
562 2921 686 2988 καὶτὰ
716 2925 804 3011 σοφὰ
827 2922 886 2988 καὶ
909 2925 951 2988 τὰ
974 2925 1114 3012 περιττὰ
1137 2923 1197 2989 ἐπὶ
1219 2925 1299 2990 ταύ-

177 3055 235 3120 την
257 3026 320 3112 ἔχει
344 3032 400 3119 τὴν
422 3029 620 3118 ἀναφοράν.“
651 3029 711 3096 κάν
733 3031 782 3116 τῷ
805 3027 882 3117 περὶ
905 3027 1017 3108 τέλους
1040 3027 1077 3094 δέ
1099 3051 1197 3117 φησιν
1217 3031 1300 3096 οὕτω

178 3151 252 3216 πῶς
274 3139 325 3222 (fr.
349 3138 420 3221 67)·
455 3187 473 3217 ,,
485 3136 530 3202 Οὐ
553 3138 614 3224 γὰρ
638 3133 736 3222 ἔγωγε
759 3133 821 3218 ἔχω
843 3133 877 3201 τί
899 3137 1003 3224 νοήσω
1026 3135 1174 3221 τάγαθὸν
1197 3134 1300 3223 ἀφαι-

178 3257 242 3330 ρῶν
263 3243 324 3328 μὲν
346 3245 406 3322 τὰς
428 3243 484 3309 διὰ
505 3244 610 3326 χυλῶν
631 3243 761 3330 ἡδονάς,
792 3242 945 3332 ἀφαιρῶν
975 3241 1012 3308 δὲ
1034 3245 1094 3320 τὰς
1116 3231 1167 3307 δι>
1194 3241 1299 3330 ἀφρο-

178 3348 307 3431 δισίων,
342 3350 493 3438 ἀφαιρῶν
522 3349 558 3415 ae*
587 3352 647 3428 τὰς
675 3340 723 3415 δι’
742 3349 977 3436 ἀκροαμάτων,
1007 3349 1158 3436 ἀφαιρῶν
1182 3345 1300 3426 δὲτὰς

178 3459 234 3523 διὰ
256 3469 386 3546 μορφῆς
409 3447 487 3522 κατ’
504 3453 586 3544 όφιν
602 3453 711 3544 ἡδείας
731 3457 901 3544 κινήσεις.“
948 3453 1005 3521 καὶ
1028 3455 1202 3543 προελθών
1218 3476 1299 3542 φησι

177 3563 278 3650 λέγων
306 3564 356 3648 (fr.
382 3564 453 3648 70)·
496 3565 687 3651 ,,Τιμητεόν
714 3564 753 3628 τὸ
782 3563 882 3629 καλὸν
912 3561 970 3628 καὶ
1006 3563 1066 3640 τὰς
1096 3561 1212 3649 ἀρετὰς
1241 3558 1299 3627 καὶ

178 3673 219 3736 τά
240 3669 490 3756 τοιουτότροπα,
513 3668 570 3735 ἐὰν
586 3669 700 3756 ἡδονὴν
715 3667 965 3756 παρασκευάζῃ·
989 3667 1044 3734 ε’ὰν
1067 3666 1103 3734 δὲ
1124 3669 1170 3756 μὴ
1186 3692 1299 3754 παρα-

178 3776 324 3865 σκευάζῃ,
346 3773 470 3862 χαίρειν
485 3773 645 3842 εἀτέον.““

249 3969 278 4010 a.
298 3953 337 4010 Gi.
356 3954 391 4008 ib.
410 3954 463 4008 XII
480 3972 505 4024 p.
524 3953 624 4020 546Ε;
643 3951 696 4007 Cic.
715 3951 791 4006 Tuae.
811 3952 852 4006 III
870 3953 920 4018 41;
938 3952 1015 4020 Dicg.
1033 3952 1059 4004 X
1077 3953 1102 4005 6.
1138 3951 1201 4021 Ipsa
1218 3951 1299 4004 etiam

179 4044 257 4098 animi
271 4044 393 4113 volupiae
411 4043 478 4098 nihil
496 4045 539 4097 eet
552 4042 604 4098 nisi
622 4041 768 4096 recordatio
786 4042 827 4096 vel
841 4041 1002 4112 exspectatio
1015 4057 1104 4094 eornm
1118 4056 1184 4110 quae
1198 4040 1299 4109 corpori

178 4133 342 4204 voluptatem
369 4133 502 4203 praebent.
545 4131 626 4187 Clam.
651 4130 747 4185 Strom.
766 4131 794 4184 11
817 4148 843 4200 p.
862 4131 916 4186 498
927 4131 956 4184 P.
975 4130 1017 4197 (fr.
1036 4129 1101 4193 451)
1129 4132 1144 4182 ὁ
1172 4129 1204 4182 δὲ
1221 4125 1300 4186 Ἐπί-

179 4242 276 4295 κουρος
305 4232 401 4278 πᾶσαν
425 4223 519 4296 χαράν
546 4230 592 4289 τῆς
621 4229 712 4292 ψυχῆς
741 4225 827 4274 οἴεται
852 4221 899 4274 ε’πὶ
923 4220 1149 4292 πρωτοπαάούση
1168 4221 1200 4290 τῇ
1219 4223 1300 4290 σαρκὶ

180 4316 321 4379 γενέσθαι.
359 4313 421 4366 ότε
439 4310 629 4384 Μητρόδωρος
646 4311 677 4364 ἐν
694 4313 732 4378 τῷ
752 4313 821 4382 Περὶ
846 4319 896 4362 τοῦ
918 4311 1032 4382 μείζονα
1056 4307 1127 4362 εἶναι
1155 4308 1203 4372 τὴν
1228 4305 1296 4379 παρ’

181 4401 251 4470 ἡμεῖς
271 4405 364 4454 αἰτίαν
382 4403 450 4474 πρὸς
469 4399 655 4472 εὐδαιμονίαν
673 4407 718 4467 τῆς
736 4400 765 4452 ἐκ
784 4410 838 4476 τῶν
856 4401 1041 4470 πραγμάτων·
1066 4392 1199 4466 Ἀγαάόν,
1219 4401 1296 4468 φησί,

181 4497 270 4558 ψυχῆς
290 4493 318 4542 τί
336 4492 401 4548 ἀλλο
420 4492 436 4554 ί)
455 4490 486 4541 τὸ
505 4490 605 4561 σαρκὸς
623 4489 758 4548 εὐσταθὲς
781 4490 947 4561 κατάστημα
974 4491 1021 4541 καὶ
1048 4488 1080 4540 τὸ
1107 4489 1168 4556 περὶ
1198 4488 1300 4550 ταύτης
