3140 4990
614 304 790 374 Empedocles.
1212 303 1264 365 187

140 465 243 536 physici
265 463 314 530 mir
337 469 392 518 τῶν
416 464 559 518 συνθέτων
577 463 630 518 εἰπέ
650 469 708 518 τῶν
732 465 830 518 τὶπλαῖν
853 466 962 533 γένεσιν
985 462 1053 518 κατα
1072 463 1122 518 τόν
1145 462 1174 526 έξ
1194 466 1262 518 ὐπο-

140 556 245 615 θέσεως
269 559 368 608 τοῦτον
386 553 488 622 τρόπον
506 557 653 622 φαίνονται
670 551 882 623 παραδιδόντες,
899 551 954 607 α’πό
972 557 1028 608 τοῖν
1046 556 1097 606 νῦν
1115 549 1263 625 ὁρωμένων

140 644 190 711 τήν
208 641 339 698 α’νόλυσιν
357 636 517 710 ποιούμενοι
539 637 587 705 aab
605 639 651 694 ἐπὶ
670 639 703 694 τό
721 641 806 711 ἁπλᾶ,
824 645 871 694 καλ
889 638 937 705 arb
955 641 985 694 ἐκ
1004 645 1060 695 τῶν
1078 642 1177 695 όπλαῖν
1195 641 1263 697 σόν-

140 740 220 787 θεσιν
238 731 438 799 ἕξιστορσῦντες
457 733 493 791 ως
512 733 538 784 εἰ
559 733 605 783 καὶ
630 733 796 800 προϋπῆρχε
814 731 850 802 τῷ
865 729 959 804 χρόνῳ
978 731 1011 782 τοτ’
1029 731 1059 795 έξ
1078 721 1119 783 τόν
1137 737 1264 800 γίγνεται

140 821 174 876 κδ
196 819 360 891 γιγνόμενα.
398 820 548 875 Cavendum
578 823 667 875 autem
695 821 735 876 ait
759 835 792 874 ne
818 821 901 876 talem
925 820 1077 889 Empedocli
1102 822 1262 876 sententiam

141 912 289 968 tribuamus
307 913 339 964 ut
356 909 486 979 principia
504 910 559 964 istu
577 909 708 977 quondum
726 925 843 965 seorsum
861 911 995 964 exstitisse
1016 908 1136 964 voluerit

212 1001 266 1056 1*.
294 1001 316 1054 Ε
335 1002 445 1068 sphaera
461 1001 510 1052 est
532 998 653 1054 mundus
690 997 735 1054 Ar.
755 998 786 1054 de
805 997 1050 1055 cae101112.301
1066 999 1135 1054 Β14.
1155 995 1185 1050 ἐκ
1204 997 1262 1050 διε-

142 1087 256 1144 υτιότων
280 1088 313 1142 δὲ
336 1089 381 1140 καὶ
404 1087 574 1157 κινουμένων
592 1085 642 1140 ουκ
661 1083 777 1155 εὔλογον
796 1092 885 1139 ποιεῖν
904 1084 952 1151 τόν
968 1086 1087 1154 γένεσιν.
1120 1087 1200 1142 3001>
1221 1090 1262 1144 19.

141 1175 186 1232 διό
204 1180 250 1230 καὶ
267 1173 449 1246 Ἐμπεδοκλῆς
467 1173 630 1243 παραλείπει
649 1173 699 1239 τὴν
716 1174 762 1227 ἐπὶ
780 1179 826 1239 τῆς
844 1173 996 1243 φιλότητος.
1016 1171 1049 1227 ου’
1066 1173 1122 1244 γδρ
1140 1171 1175 1227 ἄν
1194 1172 1262 1240 ἠδό-

139 1283 206 1320 νατο
231 1249 361 1328 συστῆσαι
384 1258 432 1316 τόν
455 1258 573 1331 ου’ρυνόν
598 1259 628 1314 ἐκ
646 1265 856 1334 κεχωρισμένων
873 1263 927 1333 μὲν
945 1261 1166 1329 κατασκευάζων,
1191 1261 1262 1332 ου’γ-

139 1371 227 1424 κρισιν
246 1353 279 1407 δὲ
295 1357 386 1408 ποιεῖν
404 1347 452 1403 διδ
469 1351 517 1414 τήν
535 1349 687 1418 φιλότητα·
712 1349 743 1403 ἐκ
762 1351 978 1422 διακεκριμένων
995 1351 1050 1421 γδρ
1069 1354 1229 1416 συνέστηκεν
1247 1353 1263 1404 δ

139 1444 240 1515 κόσμος
250 1447 306 1495 τῶν
316 1445 474 1510 στοιχείων.
491 1437 545 1492 ιδστ
553 1435 561 1455 '
568 1438 721 1509 ἀναγκαῖον
730 1447 860 1509 γίνεσθαι
871 1441 898 1499 ἐξ
908 1439 969 1500 ἑνός
980 1443 1027 1494 καὶ
1036 1443 1261 1512 συγκεκριμένου,

211 1532 342 1602 Sphaerus
366 1531 422 1600 ipse
444 1545 496 1584 non
521 1532 561 1584 est
587 1529 709 1585 mundus.
747 1530 840 1600 Simpl.
860 1530 891 1585 de
910 1531 990 1586 Caelo
1011 1532 1063 1586 109
1079 1543 1091 1571 v
1110 1533 1145 1586 16
1163 1530 1261 1599 (Schol.

139 1621 184 1678 Ar.
203 1621 282 1677 4891>
300 1621 360 1685 22):
386 1615 463 1690 Ἐμπ.
487 1615 613 1687 διάφορα
637 1623 693 1671 τῶν
711 1617 783 1689 παρ’
802 1618 879 1693 αδτῷ
898 1617 1012 1690 κόσμων
1031 1617 1062 1671 ui
1081 1619 1140 1684 εἴδη
1159 1617 1261 1690 ἔλεγεν,

140 1705 176 1771 ὦς
193 1711 238 1761 καὶ
257 1705 371 1778 όνόμασι
389 1711 514 1778 χρῆσθαι
538 1705 700 1777 διαφόροις,
730 1707 779 1760 τόν
802 1707 857 1780 μὲν
881 1715 1000 1778 σφαῐρον
1024 1706 1072 1761 τόν
1097 1709 1130 1762 δὲ
1154 1707 1263 1781 κόσμον

140 1805 239 1870 κυρίως
257 1798 358 1850 καλῶν.
388 1831 391 1838 -

210 1888 368 1958 Interpretes
388 1885 539 1940 Aristotelis
567 1885 615 1940 alii
634 1885 780 1956 Sphaerum
804 1886 898 1941 eliouut
925 1889 1014 1938 αἴτιον
1041 1885 1186 1954 ποιητικόν,
1213 1889 1263 1944 alii

138 1977 276 2032 monadem
294 1974 517 2044 Pythagoreorum
545 1977 713 2043 comparant,
741 1978 856 2028 errantes
884 1973 926 2028 illi
945 1975 1048 2044 quidem
1074 1976 1164 2042 ineo,
1193 1977 1260 2046 quod

139 2065 284 2137 Sphaerum
302 2063 438 2134 perhibent
455 2078 510 2116 esse
529 2063 654 2116 mundum
673 2063 870 2132 intelligibilem
890 2061 1008 2132 (κόσμον
1027 2063 1144 2131 νοητόν),
1164 2067 1206 2120 oui
1225 2067 1263 2120 sit

140 2155 274 2226 oppositus
288 2151 400 2206 muudus
420 2151 606 2220 adspectabilis
625 2148 736 2219 (κόσμος
755 2151 911 2219 acceptori:
932 2167 984 2222 qua
1003 2153 1030 2206 in
1049 2169 1075 2206 re
1090 2151 1262 2222 Neoplatoui·

140 2260 228 2300 eorum
247 2242 379 2312 opiniones
398 2239 431 2293 ad
450 2243 562 2294 veterem
581 2239 764 2310 philosophum
783 2240 960 2306 transierunt3
981 2258 1004 2295 v.
1020 2239 1097 2295 Sturz
1114 2241 1175 2307 277,
1194 2243 1262 2296 Kar·

141 2335 200 2386 sten
219 2333 280 2395 369,
299 2329 331 2385 ct.
351 2329 412 2384 326.

212 2419 255 2474 l*.
274 2422 313 2474 De
328 2418 438 2472 interitu
452 2434 547 2472 rerum.
575 2417 619 2472 Ar.
630 2417 693 2472 Met.
704 2415 748 2472 III
762 2419 869 2474 4.1000
883 2419 896 2457 b
912 2417 952 2472 17.
972 2415 1033 2469 αλλ’
1042 2415 1119 2489 ὅμως
1129 2419 1263 2472 τοσοῦτόν

140 2523 175 2578 γε
193 2505 281 2578 μόνον
300 2505 373 2576 λέγει
391 2505 635 2576 ὁμολογουμένως·
655 2502 688 2556 ου’
706 2504 761 2577 γδρ
782 2505 816 2558 τό
834 2509 887 2577 μὶν
906 2503 1019 2576 φθαρτό
1033 2507 1114 2562 τόδὲ
1128 2505 1262 2577 ἄφθαρτα

140 2602 216 2650 ποιεῖ
231 2599 288 2647 τῶν
307 2592 406 2664 όντων,
423 2592 492 2646 aare
512 2591 602 2646 πάντα
623 2593 738 2664 φθαρτοὶ
757 2594 830 2660 utria
849 2600 907 2647 τιόν
926 2599 1076 2666 στοιχείων.
1114 2597 1185 2650 Illud
1203 2614 1263 2652 vero

140 2686 184 2740 vix
202 2685 310 2738 dubium
329 2685 393 2753 quin
412 2700 441 2737 ex
456 2683 583 2738 Heracliti
603 2684 769 2751 opinionibus
788 2685 856 2738 falso
875 2682 927 2738 huo
945 2686 1108 2752 translatum
1128 2687 1173 2750 sit,
1193 2685 1262 2756 quod

141 2775 183 2830 est
201 2772 269 2844 apud
284 2773 455 2842 Hippolytum
469 2772 522 2836 13,
537 2773 600 2827 Dor.
620 2771 681 2838 558,
702 2773 749 2826 17:
771 2771 934 2825 consorcium
958 2769 989 2824 ἐκ
1011 2771 1097 2842 πυρός
1117 2772 1150 2824 τό
1169 2770 1263 2826 πόντοι

141 2865 189 2914 κοιλ
207 2866 245 2920 εἰς
263 2865 318 2929 πῦρ
332 2856 566 2924 <suessulanum

209 3039 416 3122 Empedooies
448 3057 496 3122 ap.
528 3038 637 3122 Simpl.
660 3039 757 3122 Phys,
783 3049 838 3105 7'.
864 3041 1063 3118 32,·13D.;
1098 3041 1136 3105 de
1168 3040 1262 3106 Caelo
1286 3076 1397 3126 mmm

140 3169 171 3232 p.
196 3156 259 3216 507
275 3158 299 3212 ¹.
326 3145 429 3210 Sohoi.
452 3145 570 3209 Brund.
1309 3137 1382 3178 ''¹¹¹³‘st

254 3248 366 3336 Αὖτότρ
388 3251 445 3338 ἐγὼ
467 3255 653 3336 παλίνορσος
674 3250 832 3336 ἐλεύσομαι
855 3255 884 3330 ἔς
906 3250 1001 3337 πόρον
1022 3251 1137 3334 δμνων,
1198 3261 1260 3318 165

163 3368 230 3427 170
254 3355 307 3424 τὸν
329 3355 476 3443 πρότερον
498 3360 647 3438 κατέλεξα,
673 3357 765 3442 λόγου
789 3353 879 3442 λόγον
902 3353 1080 3442 ἕξοχετεόων

254 3462 378 3530 καινόν·
401 3461 481 3530 Ἐπεὶ
504 3471 614 3539 Νεῖκος
637 3467 692 3547 μέν
717 3467 878 3548 ἕνέρτατον
899 3469 980 3530 ἵκετο
1003 3465 1118 3547 βένθος
1132 3475 1145 3502 ⁸

255 3576 349 3656 δίνης,
373 3573 404 3635 ἓν
428 3573 462 3638 δὲ
483 3569 561 3657 μέσῃ
587 3569 719 3656 Φιλότης
743 3566 943 3656 στροφάλιγγι
967 3573 1097 3654 γένηται,

253 3683 284 3744 ἓν
307 3677 346 3764 τῇ
370 3676 406 3761 δὴ
431 3673 503 3742 τάδε
527 3676 628 3742 πάντα
653 3677 826 3763 συνέρχεται
847 3675 881 3742 (ἓν
902 3673 998 3760 μόνον
1021 3675 1101 3755 εἶναι,

254 3779 309 3848 οὐκ
331 3779 423 3868 ἄφαρ,
448 3779 525 3847 ἀλλὰ
548 3778 670 3867 θελημτλ
693 3779 891 3866 συνιστόμεν’
917 3774 1052 3848 ἂλλοθεν
1075 3775 1161 3847 ιἰλλα.
1200 3792 1262 3848 170

163 3899 228 3956 170
257 3889 344 3970 <reor
368 3891 401 3952 δὲ
424 3892 652 3975 συνερχομένων
676 3891 709 3965 ’ἐξ
731 3889 888 3972 togamve
909 3894 1017 3955 ‘chroro
1041 3890 1189 3970 Νεῖκος.)

212 4154 261 4208 Nr.
281 4155 340 4208 134.
361 4153 407 4206 Vs.
427 4154 487 4208 170.
525 4152 569 4208 Sio
587 4153 681 4222 Bergk,
701 4154 734 4208 ol.
753 4155 800 4208 Κλ.
819 4153 896 4208 Salar.
916 4153 945 4206 11
964 4153 999 4208 06
1018 4155 1073 4206 not.
1097 4149 1173 4204 Libri
1192 4149 1263 4223 λόγῳ

115 4233 118 4239 ’
138 4242 226 4312 λόγον
245 4269 280 4280 -
298 4249 398 4296 astoer.
435 4241 519 4296 Iidenr
539 4241 712 4307 ὑποχετεόων
729 4241 771 4295 rel
789 4236 963 4310 ἐπυχετεόων
980 4241 1021 4294 vel
1040 4232 1213 4305 ἐξοχετεόων.
1229 4269 1263 4278 -

139 4331 184 4388 Vs.
205 4331 267 4386 173.
296 4329 381 4399 Bergk
409 4325 474 4382 ἔνθ’
493 4329 551 4393 ἤδη.
578 4359 612 4368 -
649 4331 694 4383 Vs.
716 4330 775 4384 174.
804 4329 896 4398 Simpl.
922 4329 1000 4398 Phys.
1043 4325 1103 4380 Alo.
1135 4325 1264 4397 θέλιμνα,

138 4419 254 4475 Karsten
273 4414 332 4469 αλλ’
350 4403 499 4488 laetantui,
519 4419 635 4488 plerique
654 4415 783 4487 εὐελημό.
