3146 4982
663 360 767 416 Ethica.
1081 303 1086 316 ·
1222 359 1277 422 tib

155 513 259 581 forent
288 536 325 582 ac
347 526 452 600 neque
481 520 617 585 honesta
648 525 756 586 essent
784 541 889 604 neque
912 523 1035 606 turpia,
1065 542 1169 604 neque
1193 525 1276 590 bona

155 640 223 686 esse
246 642 350 705 neque
373 627 460 690 mala
483 627 647 692 decretum
672 630 729 692 est.
774 628 1002 693 Productiones
1032 631 1140 694 tamen
1172 632 1204 694 et
1226 650 1276 695 re·

154 729 288 794 latiores
319 732 385 794 suis
417 752 561 816 quaeque
592 735 764 799 momentis
789 735 958 800 distinctae
983 735 1166 818 divisaeque
1191 739 1275 814 sunt,

155 854 235 916 quae
259 836 448 925 προηγμένα
471 837 528 904 καὶ
544 839 803 928 ἀποπροηγμένα
826 842 888 924 ipsi
911 840 1055 908 vocanti.
1101 841 1275 926 Propterea

153 943 301 1026 voluptas
326 964 450 1027 quoque
475 948 508 1010 et
531 946 627 1024 dolor,
652 947 736 1029 quod
760 948 801 1012 ad
823 947 921 1012 finem
936 949 1042 1031 ipsum
1065 949 1145 1014 bene
1168 950 1276 1014 beate-

155 1068 216 1130 que
240 1051 366 1116 vivendi
388 1053 537 1135 pertinet,
561 1057 594 1118 et
616 1055 650 1118 in
672 1055 786 1118 mediis
810 1056 923 1120 relicta
946 1057 979 1119 et
1000 1073 1105 1137 neque
1128 1055 1275 1120 inbonis

152 1174 257 1236 neque
286 1158 319 1220 in
349 1159 443 1222 malis
474 1159 614 1224 iudicata
643 1162 749 1224 sunit
794 1168 824 1226 8.
856 1160 1027 1225 Sedenim
1051 1162 1274 1242 quoniam-bis

152 1261 263 1344 primis
288 1265 433 1329 sensibus
458 1265 573 1331 doloris
589 1268 827 1350 voluptatisque
852 1270 925 1332 ante
950 1268 1072 1332 consilii
1096 1269 1275 1332 strationis

154 1370 298 1433 exortum
327 1389 438 1435 recens
468 1375 565 1436 natus
594 1373 689 1438 homo
720 1373 864 1438 imbutus
896 1376 946 1438 est
970 1377 1002 1438 et
1024 1373 1182 1457 voluptati
1206 1375 1276 1455 qui-

153 1473 226 1538 dem
250 1495 269 1538 a
297 1479 414 1542 natura
447 1479 649 1558 conciliatus,
685 1499 703 1544 a
733 1480 838 1545 dolore
876 1483 984 1546 autern
1015 1480 1107 1564 qnasi
1138 1499 1156 1544 a
1186 1480 1275 1562 gravi

153 1581 292 1662 quodam
333 1584 460 1650 inimico
494 1587 665 1651 abiunctus
702 1588 925 1669 alienatusque
961 1589 1026 1652 est:
1065 1587 1181 1652 idcirco
1221 1587 1276 1652 ad-

152 1686 303 1754 fectiones
332 1690 412 1755 istas
443 1692 593 1774 primitus
623 1694 815 1776 penitusque
846 1694 964 1758 inditas
994 1694 1078 1758 ratio
1112 1694 1173 1776 ipsi
1203 1695 1276 1776 post

153 1794 262 1858 addita
297 1799 471 1864 convellere
508 1800 548 1864 ab
583 1801 682 1883 stirpe
723 1802 821 1882 atquc
856 1801 1040 1881 extinguere
1074 1799 1125 1864 vir
1160 1803 1275 1882 potest.

152 1900 281 1982 Pugnat
310 1907 419 1968 autem
450 1925 523 1969 cum
553 1905 604 1970 bis
633 1925 759 1990 semper
789 1909 822 1970 et
846 1907 1021 1972 exultantis
1045 1925 1099 1970 eas
1124 1907 1275 1988 opprimit

153 2007 332 2090 obteritque
357 2013 389 2076 et
411 2030 522 2094 parere
548 2013 608 2076 sibi
632 2015 728 2095 atque
753 2012 898 2078 oboedire
922 2013 1015 2094 cogit.

224 2163 253 2204 a.
279 2149 317 2204 Gi.
337 2149 389 2205 Cic.
409 2151 861 2220 deFin.11116;Diog.V1185
887 2154 936 2219 τήν
953 2153 985 2206 δὲ
1005 2154 1145 2226 πρώτην
1163 2155 1276 2227 ὁρμήν

154 2253 225 2308 φασι
243 2240 283 2304 (οἱ
300 2242 430 2306 Στωϊκοὶ)
448 2245 480 2294 τὸ
499 2245 567 2310 ζῷον
586 2247 675 2312 ίσχειν
693 2244 741 2295 ἐπὶ
760 2243 791 2294 τὸ
810 2246 900 2314 τηρεῖν
918 2241 1008 2304 ἑαυτό,
1029 2243 1182 2308 οἰκειούσης
1201 2244 1276 2310 αὐτῷ

153 2334 199 2392 τῆς
217 2329 325 2396 φύσεως
343 2325 395 2382 ἀπ’
418 2332 513 2402 ἀρχῆς,
541 2333 618 2384 καθά
641 2348 729 2401 φησιν
747 2333 763 2382 ὁ
782 2332 952 2401 Χρύσιππος
977 2331 1007 2383 ἰν
1031 2333 1068 2398 τῷ
1087 2332 1186 2403 πρώτῳ
1206 2335 1275 2404 Περὶ

153 2417 247 2479 τελῶν,
272 2428 382 2489 πρῶτον
401 2423 502 2500 οἰκεῖον
519 2419 589 2472 εἶναι
608 2422 694 2488 λέγων
713 2421 799 2472 παντὶ
820 2414 878 2487 ζῴῳ
897 2420 945 2485 τὴν
965 2421 1051 2472 αὑτοῦ
1070 2421 1208 2474 σύστασιν
1226 2424 1273 2472 καὶ

153 2505 201 2569 τὴν
219 2507 318 2572 ταύτης
336 2508 495 2573 συνείδησιν
510 2509 533 2546 ¹·
563 2510 624 2562 ούτε
644 2509 698 2581 γὰρ
717 2510 899 2579 ἀλλοτριῶσαι
918 2509 988 2567 εἰκὸς
1006 2506 1040 2574 ἦν
1058 2509 1131 2576 αύτῷ
1151 2510 1182 2560 τὸ
1207 2511 1275 2576 ζῷον

154 2595 215 2646 odae
244 2596 403 2661 ποιήσασαν
431 2598 498 2650 αὐτὸ
525 2599 594 2668 μήτε
623 2599 807 2667 ἀλλοτριῶσαι
830 2599 900 2668 μήτε
925 2601 1071 2650 οἰκειῶσαι.
1091 2597 1275 2652 ἀπολείπεται

154 2687 248 2735 τοίνυν
269 2686 358 2752 λέγειν
382 2689 595 2758 συστησαμένην
614 2687 683 2738 αὐτὸ
702 2689 842 2740 οἰκειῶσαι
861 2687 930 2759 πρὸς
950 2685 1045 2738 ἑαυτό·
1077 2685 1148 2738 οὕτω
1166 2687 1222 2758 γὰρ
1240 2689 1275 2740 τύ

153 2789 182 2823 τε
208 2775 367 2838 βλάπτοντα
396 2773 541 2827 διωθεῖται
568 2779 614 2828 καὶ
643 2776 677 2827 τοὶ
706 2779 793 2828 οἰκεῖα
822 2779 974 2848 προσίεται.
1011 2772 1083 2826 Idem
1106 2772 1275 2828 hauddubie

153 2861 275 2927 spectans
299 2859 460 2931 Chrysippus
483 2879 525 2932 ap.
549 2862 621 2916 Plut.
647 2863 679 2916 dc
698 2863 778 2916 Stoic.
797 2862 862 2932 Rep.
885 2861 1112 2931 18,1p.1042:
1140 2865 1276 2916 λυσιτελεῖ

153 2950 199 3014 ζῆν
217 2953 327 3020 ἐύφρονα
344 2955 453 3020 μᾶλλον
471 2956 487 3017 b
504 2953 544 3024 μή
562 2959 648 3019 βιοῦν,
673 2955 726 3004 κᾶν
744 2952 887 3024 μηδέποτε
904 2954 991 3023 μέλλη
1010 2952 1164 3024 φρονήσειν.
1202 2949 1274 3004 Ideo·

153 3051 203 3105 que
221 3036 303 3092 etiam
321 3039 443 3092 animalia
460 3040 611 3094 hominibus
630 3040 748 3110 exempla
771 3057 829 3094 esse
847 3042 973 3109 possunt:
998 3039 1035 3094 ib.
1054 3039 1098 3104 22,
1117 3040 1135 3094 1
1157 3056 1183 3110 p.
1203 3039 1274 3094 1045

152 3129 199 3177 καὶ
224 3129 293 3200 πρὸς
319 3130 353 3182 τὰ
372 3134 456 3203 θηρία
477 3134 545 3200 ηησλ
564 3132 592 3195 (ὁ
611 3129 792 3204 Χρύσιππος)
810 3130 872 3184 δεῖν
890 3131 1059 3196 ἀποβλέπειν
1076 3131 1121 3182 καὶ
1143 3134 1200 3188 τοῖς
1219 3123 1277 3184 ὑπ’.

153 3214 262 3267 ἐκείνων
284 3223 442 3288 γινομένοις
465 3223 664 3290 τεκμαίρεσθαι
687 3220 720 3272 τὸ
743 3218 833 3288 μηδὲν
861 3221 969 3272 ἰίτοπον
993 3216 1066 3289 μηδὲ
1090 3218 1168 3288 παρὰ
1188 3218 1274 3286 φύσιν

41 3359 43 3363 ,
153 3301 297 3356 εἶναιτῶν
316 3309 455 3359 τοιούτων.
493 3305 565 3370 Quae
583 3307 719 3376 pertinent
738 3307 925 3376 adpraeccpta
943 3305 1089 3360 Stoicorum
1108 3303 1273 3358 demonibus

154 3393 233 3460 atque
250 3393 385 3447 institutis
404 3411 470 3464 qnae
488 3395 566 3463 vulgo
582 3395 720 3449 obtineant
738 3395 915 3464 repudiandis,
936 3394 997 3463 quia
1011 3409 1078 3462 quae
1091 3393 1134 3446 his
1148 3394 1274 3446 notentur

153 3482 185 3531 ut
203 3479 299 3534 delicta
317 3500 369 3536 non
388 3483 444 3536 sint
462 3483 559 3537 delicta
579 3484 721 3537 secundum
740 3487 870 3537 naturam.

223 3586 254 3642 b.
279 3589 319 3642 De
338 3590 441 3658 primis
466 3590 617 3644 secandum
640 3595 787 3658 naturam,
811 3589 837 3644 h.
857 3606 879 3642 c.
906 3605 972 3658 quac
998 3591 1095 3642 natura
1119 3587 1274 3642 conciliante

152 3675 265 3744 primum
284 3681 453 3748 appetuntur,
473 3697 499 3737 v.¹
515 3679 630 3746 Madvig,
649 3679 702 3734 Cic.
721 3679 753 3732 de
771 3678 838 3744 nin„
856 3677 917 3732 Exc.
936 3677 974 3730 IV
991 3695 1017 3748 p.
1037 3677 1089 3732 828
1107 3673 1130 3744 (⁸
1139 3677 1203 3742 815)
1212 3694 1250 3746 sq.

224 3796 251 3837 ο.
277 3783 314 3838 Cf.
334 3785 410 3852 Diog.
430 3785 481 3837 VII
499 3787 535 3838 86
559 3787 589 3839 dx
608 3795 737 3859 περιττοῦ
755 3785 786 3839 δὲ
806 3795 852 3852 τῆς
872 3788 956 3860 ὁρμῆς
976 3792 1034 3845 τοῖς
1053 3780 1129 3854 ζῴοις
1147 3787 1273 3853 ἐπιγενο-

153 3876 250 3944 μένης,
279 3869 296 3940 ἧ
315 3877 497 3946 συγχρώμενα
517 3875 662 3946 πορεύεται
687 3876 756 3948 πρὸς
775 3876 809 3926 τὰ
829 3878 929 3938 οἰκεῖα,
955 3876 1064 3934 τούτοις
1081 3875 1135 3945 μὲν
1153 3874 1184 3925 τὸ
1202 3875 1273 3924 κατὰ

155 3962 242 4030 φύσιν
260 3963 292 4013 τὸ
310 3964 381 4014 κατὰ
400 3964 449 4028 τὴν
468 3963 555 4035 ὁρμήν
569 3963 751 4016 διακεῖσθαι’
772 3971 821 4014 τοι)
840 3962 872 4016 δὲ
890 3963 975 4032 λόγου
994 3968 1052 4022 τοῖς
1065 3965 1185 4030 λογικοῖς
1202 3961 1273 4012 κατὰ

154 4051 321 4122 τελειοτέραν
345 4057 522 4121 προστασίαν
547 4051 704 4123 δεδομένου
728 4053 761 4104 τὸ
778 4053 849 4104 κατὰ
868 4053 953 4122 λόγον
972 4054 1018 4119 ζην
1036 4051 1125 4124 ὀρθῶς
1143 4054 1274 4118 γίνεσθαι

155 4139 250 4198 αὐτοῖς
267 4141 338 4192 κατὰ
358 4143 456 4210 φύσιν·
484 4145 607 4210 τεχνίτης
625 4141 679 4212 γὰρ
698 4131 779 4200 οἶτος
797 4141 951 4208 ἐπιγίνεται
975 4149 1021 4207 της
1040 4141 1131 4212 ὁρμής.
1169 4136 1221 4192 Cic.
1241 4136 1273 4190 dc

153 4224 387 4296 Fin.11116sq.;
412 4225 474 4282 ibid.
493 4227 531 4280 IV
550 4227 584 4280 28
613 4227 789 4297 Chrysippus
816 4232 909 4282 autem
938 4242 1074 4296 ιυμονιινιε
1101 4225 1273 4292 differentias

160 4315 350 4370 animantiam
376 4317 419 4370 att
447 4317 519 4371 olins
546 4332 643 4380 ιανιιυι
671 4333 783 4395 corpore
808 4317 943 4383 excellere,
971 4316 1044 4370 alias
1063 4321 1153 4370 cutem
1172 4315 1273 4382 ο-ιιίυιο,

225 4476 253 4540 1)
274 4476 433 4543 συνείδησιν
450 4475 525 4528 libri:
545 4478 709 4549 συντήρησιν
727 4475 824 4528 Heine:
844 4475 975 4530 σύνδεσιν
992 4474 1106 4543 Madvig.
