3156 4988
662 334 781 406 Physica.
1056 363 1061 370 ·
1226 330 1278 392 381

231 513 258 552 υ.
277 497 315 552 cf.
335 497 393 552 cat.
412 497 437 552 5.
457 471 494 552 3⁸1»
513 497 548 550 24
568 500 685 571 ὑπάρχει
704 498 735 551 δὲ
755 503 816 558 ταῖς
835 499 942 557 οὐσίαις
959 500 1005 552 καὶ
1024 499 1055 550 τὸ
1072 497 1163 569 μηδὲν
1182 497 1278 556 αὐταῖς

159 589 381 648 ἐναντίονεῖναι.
419 591 450 661 τῇ
470 589 523 660 γὰρ
543 588 635 660 πρώτῃ
654 587 735 653 οὐσίᾳ
755 591 783 638 τί
801 589 835 638 ἀν
853 591 894 652 εἴη
912 587 1052 649 ἐναντίον,
1081 580 1140 638 οἷον
1168 587 1210 654 τῷ,
1224 589 1278 638 τινὶ

160 677 299 750 ἀνθρώπῳ
318 681 333 742 ἢ
352 679 389 745 τῷ
408 681 461 729 τινὶ
480 672 552 745 ζῴῳ,·
572 675 653 730 οὐδὲν
671 679 725 748 γάρ
743 677 819 728 ἔστιν
837 676 969 728 ἐναντίον.
1007 673 1044 727 Cf.
1064 673 1187 727 21’316.

232 817 262 872 d.
282 816 320 872 cf.
340 818 371 871 de
390 817 477 871 Anim.
496 818 510 870 I
528 819 553 872 3.
572 817 708 872 406212.

108 1052 150 1092 σου
226 1032 323 1116 Phys.
346 1033 428 1098 VHI
453 1043 481 1098 7.
506 1040 589 1098 260²
612 1041 664 1097 21.
710 1027 874 1096 Σκεπτέον
903 1032 963 1118 γάρ
993 1029 1132 1116 πότερον
1155 1027 1276 1112 ε’νόέχε-
1299 1024 1401 1128 nffin
1430 1011 1436 1022 ⁸

158 1133 218 1201 ταί
250 1161 324 1202 τινα
341 1175 343 1180 ,
360 1135 486 1227 κίνησιν
519 1131 602 1204 εἶναι
632 1149 742 1225 συνεχῆ
765 1137 785 1226 ἢ
808 1135 859 1217 οὐ,
894 1135 951 1202 καὶ
975 1132 1003 1202 εἰ
1035 1134 1205 1217 ἐνδέχεται,
1227 1134 1278 1215 τίς

158 1243 256 1330 αὐτη,
287 1241 344 1309 καὶ
374 1241 426 1322 τίς
456 1244 572 1332 πρώτη
601 1257 666 1308 τῶν
694 1244 863 1331 κινήσεων·
908 1243 1004 1330 δῆλον
1026 1244 1087 1330 γὰρ
1117 1243 1161 1320 ὡς
1184 1239 1276 1331 ε’ίπερ

158 1347 335 1434 ἀναγκαῖον
362 1349 422 1433 μὲν
451 1349 503 1415 ἀεὶ
525 1347 650 1438 κίνησιν
671 1341 763 1430 εἶναι,
793 1349 908 1437 πρώτη
932 1335 965 1414 δ’
982 1349 1038 1437 η’όε
1059 1347 1117 1414 καὶ
1139 1349 1276 1438 συνεχής,

159 1457 211 1522 ότι
234 1459 272 1522 τὸ
295 1470 427 1544 πρῶτον
449 1467 556 1523 κινοῦν
578 1460 660 1522 κινεῖ
675 1456 794 1544 ταύτην
816 1457 873 1544 τὴν
887 1451 1019 1544 κίνησιν,
1042 1453 1081 1543 ἣν
1103 1454 1278 1541 ἀναγκαῖον

157 1559 239 1644 μίαν
262 1563 320 1629 καί
342 1565 400 1652 τὴν
423 1562 521 1652 αὐτὴν
545 1556 628 1629 εἶναι
650 1561 707 1628 καὶ
722 1573 832 1650 συνεγη
855 1560 913 1627 καὶ
936 1562 1078 1650 πρώτην.
1123 1575 1221 1650 τριῶν
1241 1553 1274 1627 δ’

159 1668 263 1734 οὐσῶν
285 1671 447 1757 κινήσεων,
470 1682 528 1757 της
549 1673 585 1735 τε
607 1671 693 1734 κατά
714 1666 853 1753 μέγεθος
875 1667 933 1733 καί
955 1680 1012 1756 της
1035 1670 1122 1734 κατὰ
1144 1667 1277 1746 πάθος“

158 1773 217 1839 καὶ
239 1788 296 1862 τῆς
319 1778 404 1840 κατὰ
426 1775 538 1857 τόπον,
561 1773 599 1864 ἢν
621 1775 779 1858 καλοῦμεν
802 1773 923 1862 φοράν,
953 1774 1073 1862 ταύτην
1100 1774 1278 1859 ἀναγκαῖον

158 1873 243 1946 εἶναι
271 1883 414 1970 πρώτην.
460 1881 618 1948 ἀδύνατον
646 1883 707 1968 γάρ
738 1879 871 1968 αὐξησιν
893 1872 977 1946 εἶναι
1000 1879 1204 1957 ἀλλοιώσεως
1232 1881 1277 1968 μὴ

158 1989 450 2077 προϋπαρχούσης·
495 1991 533 2054 τό
567 1990 628 2075 γάρ
659 1986 872 2070 αὐξανόμενον
904 1982 975 2052 ἐστι
1002 1985 1062 2068 μὲν
1096 1987 1140 2062 ὡς
1174 1983 1277 2072 ὁμοίῳ

159 2093 347 2175 αὐξάνεται,
383 2091 453 2160 ἐστι
489 2083 523 2159 δ’
550 2095 595 2172 ὡς
629 2090 787 2180 ἀνομοίῳ·
833 2095 937 2180 τροφὴ
973 2093 1033 2180 γάρ
1068 2090 1196 2177 λέγεται
1230 2091 1278 2178 τῷ

159 2198 293 2287 ἐναντίῳ
318 2202 357 2266 τὸ
373 2196 526 2266 ἐναντίον.
559 2195 851 2285 προσγίγνεταιόὲ
873 2209 942 2262 πᾶν
965 2195 1145 2282 γιγνόμενον
1167 2196 1279 2281 ὅμοιον

159 2302 273 2392 ὁμοίῳ.
320 2306 442 2394 ἀνάγκη
466 2303 520 2372 οὐν
543 2303 717 2370 ἀλλοίωσιν
739 2297 822 2369 εἶναι
844 2305 902 2391 τὴν
930 2299 977 2382 εἰς
999 2301 1154 2368 τάναντία
1177 2328 1278 2387 μετα-

158 2412 266 2500 βολήν.
314 2412 397 2477 ἀλλά
419 2414 482 2500 μὴν
504 2409 569 2496 ε’ίγε
592 2411 796 2490 ἀλλοιοῦται,
830 2411 881 2475 δεῖ
903 2434 936 2474 τι
964 2401 1046 2475 εἶναι
1069 2411 1107 2475 τὸ
1130 2409 1278 2476 ἀλλοιοῦν

158 2517 217 2582 καὶ
241 2529 358 2584 ποιοῦν
381 2517 417 2584 ἐκ
439 2529 497 2583 τοῦ
513 2517 646 2600 δυνάμει
662 2523 789 2604 θερμοῦ
810 2518 849 2582 τό
872 2513 1011 2603 ἐνεργείᾳ
1027 2515 1157 2603 θερμόν.
1182 2517 1278 2604 όηλον
1367 2539 1369 2542 ·
1430 2515 1432 2519 ’

158 2621 213 2690 οὐν
242 2625 293 2690 ὅτι
323 2626 362 2690 τὸ
392 2634 498 2690 κινοῦν
528 2622 583 2704 οὐχ
606 2621 726 2706 ὁμοίως
754 2619 834 2704 ἐγει,
864 2611 936 2686 ἀλλ’
955 2620 1011 2687 ότέ
1032 2620 1091 2705 μὲν
1113 2621 1278 2710 ἐγγύτερον

158 2729 213 2797 ὁτέ
243 2729 280 2795 δέ
309 2730 515 2818 πορρώτερον
545 2739 603 2794 τοῦ
625 2727 853 2812 ἀλλοιουμένου
876 2725 972 2794 ἐστίν.
1018 2738 1123 2792 ταῦτα
1146 2718 1178 2793 δ’
1204 2729 1277 2794 άνευ

157 2848 264 2925 φορᾶς
296 2835 353 2902 οὐκ
381 2835 542 2918 ἐνδέχεται
571 2835 736 2922 ὑπάρχειν.
782 2831 811 2900 εἰ
833 2834 897 2922 ἀρα
929 2833 1050 2922 ἀνάγκη
1080 2833 1131 2899 ἀεὶ
1154 2831 1278 2923 κίνησιν

157 2935 250 3022 εἶναι,
274 2942 396 3030 ἀνάγκη
418 2942 476 3007 καί
499 2943 605 3030 φορὰν
628 2940 678 3007 ἀεὶ
700 2933 784 3006 εἶναι
800 2941 933 3028 πρώτην
955 2953 1019 3004 τῶν
1034 2941 1197 3029 κινήσεων,
1219 2941 1277 3009 καί

158 3059 273 3137 ῳοροῦς,
299 3045 328 3114 εἰ
351 3043 439 3114 ἐστιν
462 3051 481 3138 η
503 3048 562 3132 μὲν
585 3049 701 3136 πρώτη
725 3051 745 3136 ἦ
768 3037 799 3112 δ’
822 3045 952 3132 ὑστέρα,
976 3048 1033 3136 τὴν
1055 3047 1216 3136 πρώτηνλ.

225 3264 272 3328 Ib.
297 3282 322 3327 ο.
347 3271 376 3327 9.
402 3270 486 3328 265⁸
512 3271 562 3328 13.
602 3249 679 3326 Ὅτι
714 3259 750 3326 δέ
783 3273 847 3338 τῶν
881 3272 992 3347 φορῶν
1024 3260 1044 3346 ἡ
1073 3258 1276 3348 κυκλοφορία
1304 3253 1418 3346 ,,,,ῗ,ξ,,,

157 3369 284 3455 πρώτη,
306 3363 410 3454 δῆλον.
435 3377 529 3433 πάσα
544 3369 606 3453 γάρ
623 3366 719 3454 φορά,
743 3369 854 3452 ὥσπερ
870 3364 927 3432 καί
943 3364 1101 3452 πρότερον
1116 3359 1276 3449 είπομενῦ,

158 3474 179 3562 ἢ
203 3474 310 3558 κύκλῳ
341 3473 360 3561 ἢ
390 3462 448 3539 ἐπ’
474 3471 606 3550 εὐθείας
635 3472 786 3561 ἢμικτὴ.
831 3472 952 3560 ταύτης
981 3459 1014 3535 δ’
1041 3469 1162 3559 ἀνάγκη
1192 3493 1278 3559 πρσ-

157 3577 255 3666 τέρας
288 3571 372 3644 εἶναι
406 3575 546 3656 ἐκείνας·
593 3578 628 3657 ἐξ
663 3576 790 3644 ἐκείνων
824 3580 884 3670 γάρ
919 3574 1115 3664 συνέστηκεν.
1161 3591 1218 3666 τῆς
1240 3567 1274 3643 δ’

157 3682 291 3762 εὐθείας
314 3687 334 3773 η
357 3685 481 3771 κύκλῳ·
527 3685 617 3772 ἁπλῆ
641 3686 701 3771 γὰρ
732 3683 789 3749 καὶ
812 3682 934 3761 τέλειος
956 3682 1096 3766 μᾶλλον·
1142 3683 1277 3772 ἀπειρον

156 3788 217 3871 μὲν
240 3791 302 3876 γάρ
333 3789 391 3856 οὐκ
414 3786 502 3856 ἐστιν
531 3789 664 3856 εὐθεῖαν
686 3788 863 3877 φέρεσθαι·
910 3791 948 3854 τὸ
971 3791 1031 3875 γάρ
1055 3790 1155 3866 οὕτως
1178 3789 1276 3855 ἀπει-

157 3918 214 3981 ρον
237 3894 295 3960 οὐκ
318 3892 434 3961 ἐστινᾶ.
481 3885 557 3960 ἀλλ’
575 3885 644 3962 οὐδ’
663 3892 693 3960 εὶ
716 3893 762 3983 ἦν,
787 3884 920 3961 ἐκινεῖτ’
939 3895 977 3961 ἀν
1001 3892 1108 3961 οὐδέν·
1155 3894 1275 3982 οὐγὰρ

157 3998 300 4086 γίγνεται
334 4003 372 4066 τὸ
406 4001 571 4068 ἀδύνατον.
594 4001 762 4092 ,διελθεῖν
795 4000 832 4067 όὲ
865 4003 922 4090 τὴν
951 4001 1086 4087 ἀπειρον
1108 3999 1275 4066 ἀδύνατον.

156 4107 176 4193 ἡ
199 4096 234 4172 δ’
253 4107 312 4172 ἐπὶ
334 4119 393 4194 τῆς
415 4107 662 4196 πεπερασμένης
684 4105 816 4185 εὐθείας
838 4107 1098 4192 ἀνακάμπτουσα
1120 4104 1180 4188 μὲν
1201 4127 1276 4172 συν-

155 4215 240 4302 θετὴ
272 4212 329 4279 καὶ
358 4215 415 4279 όύο
449 4215 603 4301 κινήσεις,
638 4217 683 4302 μὴ
714 4213 975 4296 ἀνακάμπτυυσα
1006 4212 1043 4278 δὲ
1076 4209 1190 4299 ἀτελὴς
1219 4211 1277 4278 καὶ

156 4321 303 4407 φθαρτή.
350 4319 508 4407 πρότερον
541 4319 577 4385 όέ
611 4319 669 4384 καί
704 4321 799 4408 φύσει
830 4318 887 4384 καὶ
916 4320 1000 4406 λόγῳ
1034 4315 1093 4382 καί
1114 4317 1216 4404 χρόνῳ
1239 4321 1279 4386 τό

154 4423 277 4491 τέλειον
299 4424 358 4508 μὲν
380 4437 439 4492 τοῦ
461 4425 602 4506 ἀτελοῦς,
625 4437 682 4492 τοῦ
706 4429 860 4514 φθαρτοῦ
882 4423 919 4490 όέ
941 4427 980 4490 τὸ
1003 4423 1189 4508 άῳθαρτον.
1229 4421 1280 4490 ἐτι
