3146 4982
658 375 754 430 Cicero.
806 365 809 372 ’
935 341 937 346 ’
978 367 979 374 ’
1214 369 1265 434 461

144 535 313 618 Indagatio
336 535 406 619 ipsa
429 555 536 600 rerum
567 555 640 601 eum
667 537 879 600 maximarum
902 539 973 601 turn
998 538 1095 601 etiam
1120 535 1267 602 occultis·

147 643 301 707 rimarum
317 643 416 708 habet
430 643 693 719 oblectationem
718 645 745 708 si
768 663 842 708 vero
867 639 988 726 aliquid
1011 639 1158 721 occurrit,
1183 645 1267 725 quod

145 750 212 814 veri
236 749 339 814 simile
362 749 522 827 videatur,
544 744 778 814 humanissima
801 751 980 834 completur
1003 751 1128 816 animus
1156 751 1268 833 volup·

146 857 222 920 tate.
278 861 351 920 128.
382 849 522 934 Quaeret
550 857 649 938 igitur
679 857 759 921 haec
796 859 829 922 et
857 859 963 922 vester
994 858 1120 940 sepiens
1160 860 1193 922 et
1214 854 1267 921 hic

145 963 263 1040 noster,
287 961 343 1028 sed
366 964 472 1027 vester
495 965 534 1027 ut
557 963 762 1041 assentiatur,
786 957 903 1041 credat,
927 963 1074 1040 affirmet,
1097 966 1207 1028 noster
1229 966 1268 1027 ut

146 1061 296 1134 vereatur
318 1061 439 1134 terame
463 1069 585 1152 opinari
607 1071 833 1152 praeclareque
858 1071 909 1152 agi
933 1089 1042 1134 seeum
1065 1067 1166 1152 putet,
1191 1070 1267 1134 siin

148 1176 216 1240 eius
239 1175 324 1239 modi
346 1176 442 1240 rebus
465 1176 532 1240 veri
555 1175 658 1240 simile
684 1173 768 1258 quod
791 1177 834 1240 sit
856 1176 1021 1240 invenerit.
1036 1213 1078 1224 -
1091 1175 1163 1239 Non
1187 1175 1266 1240 mihi

146 1282 295 1346 videntur
310 1281 518 1358 considerare,
534 1300 608 1345 curn
623 1282 757 1364 physica
772 1281 835 1346 ista
849 1282 942 1346 valde
959 1282 1139 1359 adfirmant,
1155 1299 1266 1346 earum

147 1389 244 1452 etiam
275 1407 382 1452 rerum
414 1389 638 1452 auctoritatem
670 1405 720 1466 se,
756 1405 838 1469 quae
869 1388 1059 1452 illustriores
1089 1388 1267 1464 videantur,

146 1495 303 1560 amittere.
348 1494 420 1560 Non
444 1495 530 1558 enim
553 1489 657 1576 magis
682 1494 908 1558 adsentiuntur
936 1513 995 1559 neo
1019 1493 1196 1577 adprobant
1218 1495 1267 1558 lu-

146 1619 216 1666 cere
239 1619 325 1665 nuno
341 1617 448 1682 quam,
471 1619 545 1665 cum
569 1601 676 1664 cornix
692 1599 851 1678 cecinerit,
874 1601 945 1663 tum
970 1600 1090 1682 aliquid
1115 1619 1185 1665 eam
1210 1601 1267 1666 aut

145 1709 254 1772 iubere
278 1709 481 1784 autumare,
515 1725 575 1771 nee
597 1707 700 1789 magis
725 1707 942 1772 adfirmabunt
965 1707 1093 1788 signum
1116 1707 1209 1786 illud,
1240 1708 1267 1771 si

147 1815 241 1878 erunt
262 1814 373 1891 mensi,
398 1809 452 1877 sex
474 1810 592 1896 pedum
616 1831 684 1877 esse
710 1831 807 1894 quam
831 1807 939 1889 solem,
963 1831 1059 1894 quem
1081 1814 1188 1878 metiri
1202 1832 1267 1878 uon

145 1921 289 2003 possunt,
311 1921 383 2002 plus
400 1937 497 2001 quam
514 1919 733 2000 duodeviginti
750 1917 896 2002 partibus
914 1920 1068 1984 maiorem
1085 1937 1153 1984 esse
1170 1938 1267 2001 quam

146 2029 275 2091 terram.
320 2027 367 2090 Er
391 2045 453 2108 quo
475 2027 532 2090 illa
554 2027 714 2092 conclusio
737 2027 897 2090 nascitur:
933 2027 960 2088 si
990 2027 1037 2090 sol
1061 2029 1201 2108 quantus
1225 2027 1268 2090 sit

145 2133 265 2216 percipi
287 2152 350 2197 nou
365 2135 481 2216 potest,
505 2125 560 2214 qui
584 2135 708 2196 ceterae
730 2127 783 2195 res
808 2125 1035 2196 eodemmodo
1060 2150 1121 2213 quo
1145 2133 1266 2214 magni·

145 2240 292 2304 tudinem
316 2239 390 2304 solis
415 2239 584 2322 adprobat,
607 2239 634 2302 is
659 2255 713 2303 eas
737 2257 875 2302 resnou
898 2238 1048 2321 pereipit;
1079 2238 1266 2320 magnitudo

145 2349 257 2410 eutem
272 2345 348 2410 solis
371 2346 490 2429 percipi
512 2363 576 2410 nou
598 2346 723 2428 potest3
748 2344 804 2425 qui
827 2344 927 2426 igitur
949 2340 982 2407 id
1005 2343 1159 2426 adprobat
1175 2345 1267 2426 quasi

145 2453 317 2536 percipiat,
346 2453 470 2516 nullam
493 2469 561 2516 rem
584 2451 728 2534 percipit.
774 2450 1009 2533 Responderint
1032 2465 1125 2533 posse
1148 2447 1267 2533 percipi

147 2561 288 2640 quantus
312 2560 359 2624 sol
382 2559 433 2622 sit.
478 2558 551 2622 Non
573 2558 773 2641 repugnabo,
803 2557 880 2620 dum
910 2554 1003 2621 modo
1033 2556 1143 2620 eodem
1173 2559 1267 2638 pacto

146 2668 252 2730 cetera
286 2665 406 2748 percipi
439 2664 726 2748 comprehendique
761 2663 877 2727 dicant.
923 2663 991 2727 Nec
1018 2664 1102 2728 enim
1132 2665 1268 2744 possunt

147 2771 250 2836 dicere
283 2771 371 2835 aliud
406 2771 467 2836 alio
508 2771 611 2852 magis
646 2771 794 2834 minusve
837 2769 1076 2852 comprehendi,
1117 2770 1267 2850 quoniam

146 2877 290 2942 omniurn
312 2896 420 2942 rerum
443 2895 508 2942 una
531 2867 581 2942 e'st
604 2877 745 2940 definitio
769 2875 1085 2959 comprehendendil.

219 3032 248 3074 a.
267 3017 394 3072 Vester
412 3019 515 3090 sapiens
534 3019 577 3071 est
594 3015 748 3084 Antiochus,
767 3021 885 3071 noster
902 3033 968 3070 nova
986 3015 1134 3071 Academia.

218 3141 248 3200 b.
269 3142 306 3197 Gi.
326 3143 359 3196 D.
378 3143 412 3197 N.
431 3143 445 3196 I
463 3144 498 3198 60
516 3143 642 3198 omuibus
660 3142 875 3209 fasciaretur,
899 3142 947 3212 aad
964 3141 1081 3196 moclena
1099 3140 1270 3212 inphysicis

146 3319 217 3388 gulis
235 3319 402 3390 physicorum
420 3321 485 3374 loeis
502 3337 533 3374 ee
551 3323 658 3377 tantum
683 3320 800 3374 studiose
817 3319 948 3389 perquirit
965 3333 1031 3388 quae
1055 3319 1156 3372 iaciunt
1174 3317 1207 3372 ad
1226 3317 1268 3370 dei

146 3409 279 3464 notionem
298 3409 451 3479 animaeque
469 3409 598 3464 humanae
616 3408 804 3468 substantiam.

14 3621 18 3630 “
95 3638 139 3678 4⁵2
216 3621 279 3687 Cio.
308 3623 400 3686 Tusa.
430 3623 519 3705 Disp.
547 3623 565 3686 Ι
590 3629 640 3687 65.
693 3622 765 3685 Non
795 3621 880 3685 euim
907 3621 1069 3684 ¹ambrosia
1099 3620 1174 3684 deos
1210 3622 1266 3684 aut

146 3730 275 3792 nectere
300 3731 357 3792 aut
372 3729 541 3793 Iuventate
556 3730 670 3812 pocula
685 3729 889 3792 ministrante
912 3728 1026 3790 laetari
1043 3727 1186 3802 arbitror,
1209 3745 1268 3790 nec

146 3833 324 3899 Homerum
348 3835 450 3912 audio,
475 3835 531 3916 qui
555 3833 764 3918 Ganymeden
789 3836 828 3898 ab
853 3833 1054 3916 disruptum
1079 3834 1124 3896 ait
1139 3833 1268 3916 propter

146 3939 299 4018 formem,
332 3941 370 4004 ut
392 3940 461 4004 lovi
490 3941 596 4004 bibere
626 3941 842 4017 ministraret,
876 3959 940 4002 non
969 3939 1054 4002 iusta
1084 3957 1186 4024 'cause
1211 3957 1268 4002 cur

146 4045 356 4111 Laomedonti
378 4049 471 4110 tanta
492 4047 583 4111 fieret
606 4047 730 4110 iniuria.
774 4045 930 4128 Fingebat
952 4045 1031 4108 haee
1053 4043 1211 4109 Homerus
1236 4046 1268 4106 et

146 4151 290 4216 humana
313 4151 353 4218 ad
370 4153 444 4218 deos
468 4153 719 4228 transferebat⁸;
744 4153 852 4218 dimna
874 4151 1006 4216 mallem
1031 4149 1071 4215 ad
1086 4167 1153 4212 noa.
1178 4147 1267 4227 Quae

148 4261 256 4323 autem
280 4259 409 4324 divina?
455 4259 588 4341 Vigere,
613 4277 737 4341 sapere,
767 4259 923 4335 invenire,
946 4256 1138 4320 meminisse.
1183 4255 1267 4336 argo

148 4365 283 4442 animus,
306 4368 344 4430 ut
368 4385 425 4448 ego
449 4366 527 4442 dico,
552 4365 678 4430 divinus
703 4366 822 4440 estut
845 4363 1013 4446 Euripides
1038 4361 1140 4426 dicere
1162 4360 1267 4437 audet,

148 4470 255 4550 deusb,
278 4474 312 4536 et
335 4473 471 4553 quidem,
495 4472 522 4534 si
538 4471 616 4535 deus
641 4473 698 4534 aut
721 4470 827 4534 anime
851 4472 908 4534 aut
930 4455 1012 4550 ignis
1037 4470 1095 4545 est,
1117 4467 1202 4532 idem
1219 4469 1270 4531 est'
