3150 4996
308 347 345 410 34
789 339 949 398 Heraclitus.

306 507 473 578 Ἡράκλειτον
483 537 524 571 -,
542 506 568 557 ot
586 503 619 558 dd
637 501 722 568 αὐτην
740 490 810 556 εἶναι
828 501 875 561 τοῖς
886 496 1028 564 αἰσθήσεις
1046 495 1175 566 καθάπερ
1189 495 1237 550 δαί
1249 515 1331 550 τινων
1349 491 1435 549 σ’πῶν

309 600 366 652 τῶν
383 598 565 664 αἰσθητηρίων
583 593 802 662 προκύπτουσαν,
821 583 852 656 ἧς
870 593 990 648 στάσεως
1009 575 1073 656 ἦρξε
1092 585 1221 656 Στράτων
1240 601 1268 639 τε
1288 584 1431 655 ὁφνσιαδς
1546 583 1547 592 ’

310 689 355 740 καὶ
373 683 560 753 Αίνησίδημος.
598 681 621 738 Α
641 683 718 738 Serto
736 684 763 736 et
782 679 952 734 Aenesidemo
970 676 1111 732 meandum
1131 691 1205 730 suam
1224 674 1432 746 philosophandi

310 777 437 832 rationem
456 774 601 844 disputata,
620 789 671 826 non
690 771 776 841 ipsius
795 768 925 824 Heracliti
942 766 1028 822 verba.

380 865 409 920 d.
441 864 536 918 Anima
554 861 674 918 scintilla
692 859 810 914 stellaris
834 857 971 925 essentiae,
989 856 1070 910 Maur.
1091 855 1177 912 Somn.
1198 855 1212 910 I
1232 857 1281 923 14;
1300 855 1332 910 el.
1352 854 1426 910 Plut.

239 961 241 966 '
309 954 339 1010 de
358 953 427 1010 Iside
452 953 493 1017 76,
517 958 561 1006 BP
579 949 649 1006 aab.
687 947 737 1002 Sed
755 947 796 1000 vis
814 948 905 1011 ignea,
933 948 964 999 ut
988 945 1016 1000 in
1042 945 1177 1010 universo,
1205 945 1245 1000 ita
1264 945 1292 998 in
1312 945 1435 1014 singulis

309 1042 470 1100 animalibus
490 1040 523 1096 ad
542 1039 678 1094 humidam
704 1036 883 1091 substantiam
908 1033 1027 1104 depressa
1050 1033 1109 1088 inde
1137 1035 1209 1090 velut
1233 1034 1299 1089 ilatu
1323 1049 1426 1088 sursum

308 1133 472 1203 evaporatur,
491 1147 514 1186 r.
534 1135 577 1182 lt?
595 1129 654 1183 3οσ
672 1128 699 1180 et
716 1128 818 1182 Nemes.
838 1123 902 1178 Nat.
922 1124 998 1176 Hom.
1017 1123 1041 1178 2.
1077 1120 1238 1192 Ἡράκλειτος
1256 1121 1288 1176 δὲ
1309 1121 1357 1186 την
1374 1126 1436 1193 μὲν·

308 1227 355 1275 τοῦ
373 1218 478 1279 παντὸς
496 1214 586 1286 ψιιχιίν
601 1216 690 1284 (verba
707 1215 831 1269 nimirum
850 1229 901 1267 non
920 1212 1081 1281 Heraclitea)
1104 1207 1291 1282 ἀναθυμίασιν
1315 1209 1345 1264 ἐκ
1370 1211 1429 1264 τοῖν

309 1312 412 1382 ὑγρῶν,
430 1305 480 1373 την
499 1307 531 1361 δὲ
550 1308 654 1364 ἐντοῖς
674 1302 748 1375 ζῴοις
767 1300 819 1354 α’πό
838 1318 866 1354 τε
884 1305 931 1366 τῆς
950 1298 1026 1360 laude
1051 1303 1096 1352 καί
1120 1304 1166 1365 τῆς
1191 1299 1221 1354 ἐν
1245 1297 1336 1360 αὐτοῖς
1358 1297 1429 1353 rivo·

309 1391 470 1470 θαμιιῖσεως
488 1397 609 1468 ὁμογενῆ
627 1391 793 1463 πεφυκέναι,
818 1391 851 1446 os.
871 1391 944 1446 Plau.
963 1389 1003 1444 IV
1020 1391 1046 1454 3,
1065 1391 1129 1445 Dox.
1149 1391 1210 1446 389.
1247 1389 1318 1444 Illud
1342 1391 1436 1460 poste·-

310 1490 390 1544 riores
409 1488 432 1542 ei
451 1487 594 1557 imputant,
612 1484 729 1538 animam
747 1497 802 1535 esse
821 1495 906 1534 aerem
919 1481 946 1534 et
959 1477 1069 1548 ἄλογον,
1088 1496 1112 1535 τ.
1124 1479 1279 1534 Tertullian.
1290 1479 1431 1534 debnima

310 1581 335 1645 9,
356 1577 424 1633 Sext.
444 1575 512 1630 VIII
531 1575 591 1629 286.
628 1573 671 1624 καὶ
689 1568 745 1642 μην
764 1569 848 1638 ῥητοῖς
867 1569 881 1620 d
899 1567 1064 1638 Ἡράκλειτός
1083 1583 1150 1638 φησι
1169 1567 1201 1620 τσ“
1218 1565 1258 1638 μη
1271 1553 1430 1634 εἶναιλογι-

310 1665 360 1718 κᾶν
373 1664 423 1719 τάν
435 1661 594 1733 ἄνθρωπον,
605 1661 693 1732 μόνον
706 1657 725 1710 d
733 1657 740 1676 '
749 1652 884 1728 ὑπάρχειν
896 1661 1030 1726 φρενῆρες
1048 1653 1079 1708 ad
1097 1658 1235 1728 περιέχον,
1254 1656 1287 1711 oi.
1307 1655 1430 1726 Apollou.

311 1771 349 1824 ep.
362 1755 404 1809 18.
423 1754 491 1823 Ipse,
511 1751 605 1821 quibus
619 1749 716 1804 finibus
730 1749 767 1802 sit
782 1748 872 1802 anima
890 1747 1095 1816 circumscripta,
1115 1746 1303 1802 difficillimum
1318 1747 1430 1802 inventu

312 1843 378 1898 dicit
396 1842 427 1898 fr.
444 1843 476 1896 71
491 1840 548 1910 (90)
567 1857 608 1910 ap.
627 1839 704 1908 Diog.
723 1836 763 1890 1x
783 1837 806 1891 7.
836 1839 929 1904 ψυχῆς
946 1840 1062 1906 πείρατα
1081 1831 1130 1888 οσίι
1147 1834 1182 1888 ἄν
1201 1833 1323 1906 ἐξεύροιο
1336 1840 1431 1890 πᾶσαν

312 1929 542 2002 ἐπιπορευόμενος
561 1927 647 1981 ὁδόν·
667 1923 739 1979 οὕτω
757 1921 848 1993 βαρεῖν
867 1923 952 1992 λόγον
970 1921 1030 1993 ἔχει.

179 2084 274 2131 animus.
379 2055 501 2122 Heraol.
525 2054 562 2120 fr.
586 2061 606 2120 4
630 2054 699 2138 (11)
722 2073 769 2138 ap.
794 2053 875 2121 Sext.
899 2053 997 2118 Math.
1022 2051 1081 2116 Vll
1107 2059 1180 2118 126.
1227 2057 1324 2119 Kaxoi
1347 2048 1429 2139 μάρ-
1449 2079 1487 2120 οι

312 2191 399 2250 σας
422 2158 633 2248 propono...
656 2156 816 2250 aaroni
839 2167 887 2227 xa>
912 2153 975 2227 ὦτα
996 2153 1196 2246 aaaron&
1219 2147 1323 2244 ννιᾶς
1345 2156 1430 2245 ao-

312 2281 412 2338 rost.
458 2271 508 2334 Fr.
534 2277 574 2336 74
599 2269 667 2354 (54)
698 2287 744 2352 ap.
768 2267 875 2334 Galen.
906 2267 942 2332 do
965 2267 1074 2332 Animi
1098 2267 1237 2332 Moribus
1261 2277 1290 2334 5.
1336 2261 1430 2354 Adp’

314 2375 385 2462 ξηρὴ
409 2371 495 2461 ψυχὴ
520 2374 686 2465 σοφωτάτη
700 2374 722 2440 b.
769 2375 819 2439 Fr.
845 2383 885 2442 73
910 2375 979 2458 (53)
1002 2393 1049 2458 ap.
1073 2373 1157 2440 Stob.
1181 2375 1285 2440 Floril.
1310 2375 1429 2442 V120.

312 2475 545 2504 retorsi
729 2473 810 2502 ubl
931 2475 979 2500 <u
1082 2475 1207 2502 ,ίετ
1403 2479 1411 2505 p

308 2493 399 2570 Ανηρ
424 2509 494 2549 οκστ
528 2512 565 2548 αν
588 2489 758 2567 μεθυσθῃ,
791 2507 893 2566 αγεται
924 2509 983 2546 vno
1012 2486 1121 2556 παιδος
1153 2490 1269 2564 αντβοα
1293 2489 1431 2570 σφαλλο-

312 2617 409 2676 μενος,
434 2585 488 2656 οὗκ
512 2594 621 2656 ἔπιτ’ίων
645 2585 699 2674 ὅκῃ
722 2590 828 2670 βαίνει,
851 2581 946 2674 ὖγρην
968 2588 1024 2672 την
1046 2582 1149 2672 ψυχὴν
1165 2587 1249 2671 ἔχων.
1281 2587 1339 2674 αὕη
1356 2583 1430 2675 ’ξηρὴ

312 2691 399 2783 ψυχὴ
423 2690 587 2783 σοφωτάτη
611 2699 658 2759 καὶ
676 2690 798 2790 ,ἀρίστη
844 2695 893 2758 Fr.
922 2703 961 2760 13
986 2695 1019 2776 (8
1036 2694 1069 2778 b)
1085 2713 1132 2777 ap.
1150 2694 1308 2781 Hippolyt.
1325 2697 1371 2761 IX
1389 2707 1436 2763 101

312 2799 394 2871 ὅσων
417 2801 490 2883 ὄψις
513 2798 588 2884 ἀκοὴ
611 2799 755 2884 μάθησις,
779 2802 874 2866 ταῦτα
897 2795 953 2886 ἐγὼ
977 2801 1138 2886 προτιμέω.

385 2924 414 2964 a.
442 2907 519 2961 Nihil
543 2907 653 2960 interest
677 2905 780 2970 audire,
809 2907 833 2960 si
858 2923 924 2976 quae
954 2922 1030 2960 aures
1057 2906 1129 2961 dieta
1154 2908 1302 2976 acceperint
1326 2909 1434 2962 animus

315 3013 367 3051 non
387 2996 535 3064 intellegat.
574 2994 706 3049 Barbarus
725 2997 809 3059 enirn,
839 2995 884 3064 qui
904 3011 1045 3049 sermonem
1075 3011 1236 3050 communem
1259 3011 1309 3048 non
1328 2997 1431 3050 intelle·

314 3087 365 3156 git,
384 3102 407 3138 v.
428 3084 454 3138 Z.
474 3084 507 3137 Ιι
526 3082 608 3148 6524,
628 3082 752 3137 Sohuster
770 3085 813 3147 26,
832 3084 857 3137 2.
886 3081 935 3136 Sed
953 3085 1073 3158 praestat
1091 3084 1227 3152 Bernaysii
1246 3083 1403 3138 coniectura.

385 3173 416 3228 b.
444 3171 485 3226 (if.
509 3171 582 3226 Plut.
610 3171 640 3225 de
663 3172 813 3226 EsuCarn.
833 3171 891 3226 16.
929 3172 1002 3226 Stob.
1022 3173 1091 3226 Flor.
1112 3174 1154 3236 17,
1173 3173 1222 3237 43;
1251 3176 1348 3226 ceteras
1375 3175 1435 3228 eius

315 3262 461 3317 sententiae
480 3261 577 3316 formas
597 3277 637 3330 ap.
657 3261 786 3329 Bywater,
805 3259 835 3313 ir.
857 3261 969 3315 74-76.
1008 3261 1116 3330 Adpono
1135 3277 1223 3325 unam,
1242 3260 1368 3325 Philonis,
1388 3279 1430 3331 ap.

315 3352 376 3406 Euo.
396 3351 439 3405 Pr.
458 3350 505 3403 Εν.
526 3349 594 3403 VIII
613 3349 655 3414 14,
675 3350 721 3404 53:
740 3333 774 3403 οἷ·
792 3352 828 3416 γῆ
847 3349 918 3418 ξηρή,
938 3348 1010 3417 propri
1029 3346 1175 3418 σοφωτάτη
1194 3352 1239 3400 καὶ
1257 3346 1358 3418 α’ρίοτη.

386 3438 499 3494 Animus
518 3454 568 3507 quo
586 3439 673 3506 magis
692 3437 770 3492 refert
788 3441 910 3491 naturam
930 3439 1000 3506 ignis
1026 3438 1108 3492 divini
1131 3440 1164 3504 (v.
1185 3455 1205 3490 s.
1225 3437 1254 3489 τό
1273 3439 1434 3508 φρόνιμον),

316 3545 345 3583 eo
364 3528 450 3597 magis
469 3528 572 3582 ercelIIt
591 3527 721 3596 sapientia
739 3530 766 3580 et
785 3527 896 3592 virtute;
916 3543 966 3595 quo
984 3527 1071 3596 magis
1090 3528 1224 3594 praevalet
1242 3528 1273 3580 το“
1287 3526 1383 3597 ὑγρόν,
1403 3545 1433 3583 eo

315 3618 437 3688 pinguior
456 3619 496 3670 est
514 3618 540 3670 et
558 3615 683 3670 hebetior.
722 3614 848 3670 Sensuum
867 3615 931 3668 fides
949 3615 1036 3669 dubia.
1075 3614 1152 3669 Oouli
1166 3617 1273 3670 auribus
1287 3620 1435 3686 praestant,

315 3701 461 3774 ὀφθαλμοὶ
487 3703 541 3773 γάρ
566 3708 622 3756 τῶν
647 3702 726 3756 οἴσων
750 3703 934 3773 ἀκριβέστεροι
958 3701 1098 3774 μάρτυρες
1122 3704 1152 3758 fr.
1173 3705 1206 3759 15
1225 3707 1262 3773 (9)
1281 3722 1321 3775 ap.
1341 3705 1431 3776 Polyb.
1544 3727 1545 3768 ς

316 3793 369 3849 XII
389 3795 432 3849 27.
470 3793 566 3848 Tamen
586 3794 665 3848 etiam
685 3793 732 3846 bos
751 3793 824 3862 fugit
842 3794 1000 3862 sempiterna
1018 3809 1102 3847 rerum
1128 3795 1272 3859 conversio,
1297 3795 1331 3850 oi.
1350 3795 1433 3849 Arist.
1544 3779 1545 3842 I

388 3936 415 4005 1)
433 3931 565 4004 βορβόρου
584 3934 676 4004 ψυχας
694 3930 816 4002 ἔχοντος,
845 3935 864 3989 i.
883 3952 904 3990 e.
923 3935 987 3990 limo
1011 3935 1111 3989 animos
1137 3935 1291 4004 obducente,
1317 3937 1435 4007 Bernays

316 4024 352 4081 M.
372 4025 422 4079 Rb.
439 4023 479 4078 IX
489 4024 555 4094 262;
575 4023 637 4079 Ges.
657 4024 727 4078 Aba.
747 4023 761 4077 1
780 4025 894 4086 94-96,
914 4025 959 4078 ubi
977 4025 1076 4079 Usener
1094 4027 1155 4095 apte
1173 4027 1309 4094 comparat
1327 4025 1433 4080 Platon.
1544 4011 1545 4056 3

316 4113 427 4183 Republ.
447 4112 496 4167 Vll
516 4113 610 4169 5331).
630 4143 665 4152 -
684 4113 711 4182 2)
729 4113 803 4168 Libri
817 4109 899 4182 αιῖγι),
917 4113 985 4167 unde
1004 4113 1128 4168 Sebaster
1148 4116 1207 4181 139,
1226 4117 1256 4170 3:
1276 4114 1344 4183 (ubi)
1363 4112 1435 4182 adyti
1544 4101 1545 4104 ¹

317 4205 395 4270 ξηρή,
423 4200 482 4271 (ibi)
510 4200 585 4271 ψυχή
612 4197 769 4271 σοφωτάτη.
807 4202 906 4256 Contra
934 4201 1000 4272 disp.
1019 4201 1046 4256 Z.
1065 4201 1099 4256 1⁴
1117 4201 1194 4270 643²,
1222 4204 1267 4273 qui
1294 4203 1360 4260 haee
1383 4203 1435 4256 iero

247 4342 249 4346 ,
317 4291 437 4360 supplet:
466 4287 527 4363 (αὕη
546 4289 621 4360 ψυχαὶ
635 4290 774 4344 διίσταται
792 4293 842 4344 τοῦ
869 4287 1012 4361 σώματος,
1040 4287 1109 4352 ὅκως
1134 4291 1243 4361 νέφεος]
1262 4290 1333 4361 adyti
1346 4308 1352 4320 ·
1372 4290 1437 4360 ξηρή

318 4377 396 4449 propri
414 4377 569 4449 rapuerim.
607 4380 714 4436 Confert
723 4380 796 4435 Plut.
806 4381 911 4434 Rotam.
922 4381 956 4435 28
971 4383 998 4434 et
1012 4381 1093 4436 Clem.
1107 4381 1221 4450 Paedag.
1236 4381 1266 4434 II
1284 4382 1335 4450 2p.
1347 4380 1435 4437 184P.

316 4468 497 4524 Memorabilis
517 4473 557 4524 est
576 4469 703 4539 Stephani
722 4470 872 4525 coniectura
891 4465 942 4531 αὐή
963 4466 1048 4539 [ξηρή]
1067 4468 1145 4538 popli
1164 4467 1318 4538 σοφωτάτη.
