3156 4988
311 361 365 424 lob
770 363 851 417 Stoici
870 364 976 433 priores.

138 525 287 630 wffifiiglgffi
378 526 442 591 Cic.
466 525 562 590 head.
585 525 670 590 140.
715 525 858 589 Plurima
883 526 980 588 etiam
1004 525 1037 587 in
1060 525 1116 587 illa
1139 525 1235 587 tertia
1258 522 1483 606 (rationali)³⁹²

309 633 526 718 philosophiae
560 634 652 715 parte
688 631 798 715 (Zeno)
840 632 988 695 mutavit.
1045 631 1084 694 In
1121 649 1184 712 qua
1218 630 1360 712 primum
1395 629 1434 693 de

311 723 456 806 sensibus
486 740 563 822 ipsis
595 739 752 820 quaedam
782 739 861 802 dixit
889 757 986 815 nova,
1017 757 1095 820 quos
1119 737 1243 802 innotos
1268 756 1337 800 esse
1362 755 1435 800 cen·
1504 763 1508 770 ⁴

310 847 376 912 suit
407 866 423 910 e
448 846 587 928 quadam
620 847 713 927 quasi
742 846 932 928 impulsione
957 845 1064 910 oblata
1094 845 1306 920 extrinsecus,
1336 861 1435 924 quam
1563 827 1565 852 '

209 967 282 1010 visum
308 955 362 1018 ille
386 949 580 1040 φαντασίαν,
603 972 662 1016 nos
685 954 790 1016 visum
807 953 1004 1034 appellemus
1027 951 1130 1015 lieet².
1150 987 1192 1000 -·
1211 949 1273 1014 Sed
1298 949 1436 1013 adhaec

311 1079 392 1142 quae
433 1059 502 1124 visa
544 1063 620 1123 sunt
660 1061 693 1124 et
729 1059 820 1141 quasi
856 1061 987 1141 accepta
1025 1059 1170 1122 sensibus
1210 1057 1433 1120 adsensionem

310 1167 455 1248 adiungit
479 1167 667 1242 animorum,
693 1185 790 1248 quarn
814 1183 882 1229 esse
899 1165 970 1228 vult
993 1165 1026 1227 in
1048 1165 1138 1228 nobis
1162 1165 1300 1246 positam
1324 1165 1357 1226 et
1379 1156 1435 1226 ro-

177 1289 281 1332 ιαααο
308 1273 509 1338 luntariamb.
534 1273 576 1319 '-
600 1283 652 1337 41.
669 1273 755 1336 Visis
779 1292 843 1336 non
859 1273 1005 1336 omnihus
1030 1271 1225 1354 adiungebat
1247 1271 1353 1348 fidem,
1377 1271 1433 1335 sed

309 1382 348 1446 iis
373 1381 486 1457 solum,
515 1399 596 1462 quae
619 1381 780 1462 propriam
804 1379 966 1461 quandam
989 1379 1144 1444 haberent
1167 1379 1434 1444 declarationem⁰

310 1506 421 1552 earum
444 1507 560 1563 rerum,
584 1505 664 1568 quae
681 1487 878 1550 viderentur:
902 1487 934 1549 id
958 1488 1067 1550 autem
1090 1486 1203 1564 visum,
1228 1505 1302 1549 oum
1325 1485 1433 1568 ipsum

309 1613 365 1677 per
392 1613 425 1658 se
449 1595 641 1670 cerneretur,
665 1593 909 1675 comprendibile
926 1631 968 1638 —
988 1593 1124 1676 (Feretis
1140 1593 1242 1655 haec?
1265 1591 1433 1666 Nassete,

309 1701 458 1782 inquam;
498 1719 637 1780 quonam
673 1701 757 1764 enim
791 1700 883 1763 modo
918 1699 1158 1786 καταληπτὸν1
1182 1699 1301 1762 diceres
1310 1698 1339 1780 Ρ)
1376 1698 1432 1762 sed

118 1822 282 1875 commemoro
311 1827 384 1877 oum
415 1809 581 1889 acceptum
610 1807 675 1870 iam
706 1810 738 1871 et
770 1807 981 1890 adprobatum
1012 1809 1105 1884 esset,
1128 1806 1432 1888 conprehensionem

310 1895 499 1996 appellabat,
527 1915 665 1978 similem
689 1915 728 1978 iis
752 1915 856 1990 rebus
888 1933 969 1995 quae
993 1933 1091 1978 manu
1114 1913 1363 1996 prenderentur;
1394 1931 1433 1976 eu

309 2040 371 2102 quo
395 2021 491 2084 etiam
520 2040 636 2084 nomen
665 2022 725 2084 hoe
755 2021 901 2098 duxerat,
937 2041 1010 2085 oum
1040 2040 1075 2084 eo
1099 2021 1193 2085 verbo
1218 2023 1313 2084 antea
1336 2038 1433 2084 nemo

308 2128 366 2191 tali
388 2128 421 2190 in
444 2147 478 2191 re
503 2147 580 2191 usus
604 2125 717 2192 esse-tl.
753 2165 794 2174 -
830 2137 882 2192 42.
906 2129 931 2190 E
957 2147 1018 2208 quo
1043 2128 1187 2192 sensibus
1212 2127 1311 2191 etiam
1333 2127 1431 2192 fidem

308 2235 486 2309 tribuebat,
517 2235 614 2315 quod,
638 2237 676 2298 ut
700 2253 796 2316 supra
820 2234 899 2312 dixi,
924 2235 1149 2317 conprehensio
1173 2233 1259 2298 faeta
1283 2234 1430 2298 sensibus

309 2343 341 2431 et
363 2361 439 2405 vera
469 2361 538 2405 esse
563 2342 609 2404 illi
641 2344 673 2405 et
696 2341 799 2406 fidelis
823 2342 998 2418 videbatur,
1022 2339 1085 2406 non
1110 2342 1193 2424 quod
1217 2343 1324 2405 omnia
1349 2359 1430 2422 quae

308 2451 416 2522 essent
439 2447 471 2510 in
495 2468 528 2513 re
553 2449 841 2540 comprehenderet,
870 2449 925 2514 sed
951 2450 1025 2531 quia
1048 2450 1128 2512 nihil
1152 2449 1236 2532 quod
1260 2449 1373 2512 cadere
1397 2449 1431 2512 in

308 2574 379 2619 eam
419 2557 527 2637 posset
568 2556 764 2636 relinqueret
811 2555 958 2636 quodque
997 2560 1114 2620 natura
1153 2557 1245 2637 quasi
1282 2575 1432 2620 normam

308 2663 457 2726 scientiae
488 2665 521 2726 et
550 2663 740 2744 principium
776 2663 825 2726 sui
857 2663 997 2726 dedisset
1029 2663 1112 2726 unde
1143 2665 1254 2744 postea
1283 2665 1433 2728 notiones

306 2787 415 2832 rerum
439 2769 472 2831 in
496 2770 610 2833 animis
635 2770 904 2851 imprimerentur,
936 2790 952 2833 e
978 2771 1092 2850 quibus
1114 2789 1178 2832 non
1201 2770 1358 2852 principia
1381 2789 1432 2834 so-

306 2876 375 2960 lum
410 2875 466 2938 sed
500 2877 629 2962 latiores
661 2875 823 2962 ¹quaedam
854 2876 894 2939 ad
924 2877 1080 2940 rationem
1111 2875 1337 2939 inveniendam
1359 2878 1431 2940 viae

308 2981 533 3063 aperirentur0.
564 2983 713 3046 Errorem
737 2985 846 3047 autem
870 2986 902 3047 et
918 2984 1133 3046 temeritatem
1158 2986 1190 3046 et
1213 2983 1430 3064 ignorantiam

308 3090 341 3150 ct
371 3088 584 3170 opinationem
615 3093 647 3153 et
678 3091 890 3172 suspicionem
922 3093 1040 3154 etune
1064 3091 1189 3154 nomine
1215 3091 1321 3153 omnia
1346 3109 1432 3171 quae

308 3183 416 3258 essent
447 3195 551 3258 aliena
568 3197 689 3260 ¹firmae
715 3200 747 3260 et
770 3197 946 3261 constantis
971 3197 1167 3261 adsensionis
1192 3216 1211 3260 a
1234 3197 1354 3261 virtute
1379 3217 1433 3262 sa-

306 3301 489 3384 pientiaque
513 3305 697 3367 removebat
706 3301 723 3365 f.
754 3355 758 3362 .

378 3457 406 3496 a.
433 3441 501 3507 Quid
521 3443 558 3496 sit
577 3450 720 3514 φαντασία
739 3461 770 3496 err
788 3403 932 3514 Chrysippo
951 3445 1096 3514 explicatur
1114 3443 1183 3496 Piae.
1202 3443 1241 3496 lv
1260 3445 1307 3510 12,
1329 3445 1432 3508 1,Dor.

305 3531 357 3584 401
379 3539 522 3602 ᾳαντασία
546 3533 600 3606 μὲν
626 3529 674 3586 οὖν
699 3535 756 3587 ἐστι
776 3537 870 3594 πάθος
888 3537 918 3587 ἐν
936 3537 968 3606 τῇ
988 3539 1064 3607 τριχῇ
1084 3537 1264 3605 γιγνόμενον,
1291 3535 1432 3588 ἐνδεικνύ-

305 3639 392 3693 μενον
410 3623 439 3674 dv
459 3621 596 3690 αὐτῷκαὶ
616 3625 647 3674 τὸ
666 3623 827 3688 πεποιηκός·
849 3617 908 3675 οἷον
926 3625 1043 3677 ἐπειδὰν
1062 3619 1102 3676 de’
1121 3627 1210 3690 ὅψεως
1228 3629 1379 3697 θεωρῶμεν
1399 3628 1434 3676 τὸ

305 3711 407 3774 λευκόν,
428 3711 487 3764 ἔστι
506 3714 600 3771 πάθος
619 3713 650 3764 τὸ
669 3713 883 3784 ἐγγεγενημένον
901 3713 949 3765 ded
969 3723 1015 3780 τῆς
1034 3715 1152 3784 ὁράσεως
1170 3713 1199 3766 ἐν
1218 3715 1250 3785 τῇ
1271 3717 1355 3786 ψυχῇ.
1382 3720 1431 3766 καὶ

303 3797 437 3864 <κατὰ>2
462 3810 549 3852 τοῦτο·
568 3801 599 3854 τὸ
622 3803 716 3860 midae
741 3805 829 3853 εἰπεῖν
854 3801 955 3873 ἔχομεν
978 3803 1021 3854 ὅτι
1048 3803 1188 3872 ὑπόκειται
1213 3803 1309 3854 λευκὸν
1334 3813 1432 3856 κινοῦν

304 3890 390 3964 ἡμᾶς’
424 3891 526 3958 ὁμοίως
549 3894 595 3942 καὶ
619 3890 667 3942 ded
695 3899 740 3956 τῆς
760 3891 832 3961 ἁφῆς
850 3896 896 3944 καὶ
916 3893 1145 3964 τῆςόσφρήσεως.
1184 3895 1289 3962 εἴρηται
1308 3891 1339 3944 δὲ
1360 3891 1433 3967 qao-J

305 3985 389 4048 τασία
409 3980 467 4030 ἀπὸ
486 3989 535 4031 τοι)
550 3981 652 4050 ᾳωτός·
672 3981 801 4052 καθάπερ
819 3980 872 4053 γὰρ
892 3985 923 4032 τὸ
942 3991 1000 4050 φῶς
1015 3982 1082 4032 αὐτὸ
1097 3981 1219 4033 δείκνυσι
1237 3985 1282 4032 καί
1304 3981 1338 4033 τὰ
1358 3983 1431 4034 ἄλλα

305 4069 339 4119 τὰ
367 4067 498 4135 ἒνλαὺτῴ
527 4069 721 4140 περιεχόμενα,
751 4073 797 4121 καὶ
821 4071 836 4134 ἡ
856 4073 998 4139 φαντασία
1026 4069 1166 4122 δείκνυσιν
1194 4070 1294 4135 ἑαυτὴν
1320 4075 1367 4122 καὶ
1397 4073 1431 4124 rd

306 4158 457 4222 πεποιηκὸς
476 4157 566 4228 αὐτήν.
604 4155 679 4208 Adde
698 4157 772 4224 Πίος.
792 4155 896 4214 Vllbd
922 4147 1103 4228 φαντασία
1127 4159 1163 4210 ’δέ
1174 4159 1237 4211 ’ἔστι
1256 4161 1379 4218 τύπωσις
1398 4161 1430 4213 ἐν

306 4248 383 4316 ψυχῇ
402 4247 479 4313 (quae
498 4243 615 4297 definitio
634 4250 676 4297 est
694 4243 818 4310 Zenonis,
837 4247 868 4298 el.
889 4245 958 4299 Sext.
969 4245 1053 4300 Math.
1073 4245 1124 4298 VII
1142 4246 1195 4299 228
1206 4247 1264 4315 sq.)‚
1285 4252 1431 4300 τουτέστιν

307 4433 314 4446 ·
378 4404 406 4466 1)
424 4401 592 4456 Scribondum
612 4403 716 4457 videtur
733 4409 941 4472 καταληπτικόν.
966 4435 1006 4451 ·-·-
1035 4407 1062 4471 2)
1085 4409 1155 4459 κατὰ
1174 4406 1288 4462 inseruit
1307 4407 1398 4474 Wytbe
1417 4437 1429 4448 -

305 4489 380 4543 bach.
725 4543 728 4549 ,
1052 4497 1054 4502 “
1198 4514 1201 4518 ·
