3130 4980
321 313 375 376 24ss
838 315 926 370 Plato.

324 502 389 544 που
424 475 565 562 λέγομεν.
621 479 741 542 ΘΕΑΙ.
788 473 866 540 Ναί.
918 473 983 545 ΞΕ.
1034 475 1080 540 Τὸ
1120 471 1158 539 δέ
1190 462 1223 558 γ’
1248 462 1308 539 ἐπ’
1335 473 1453 551 αὐτοῖς

322 588 392 662 τοῖς
423 582 528 649 ε’κεῖνα
562 583 746 671 πράττουσι
776 585 909 670 σημεῖον
939 592 1127 668 τῆςφωνῆς
1154 579 1312 646 ἐπιτεθέν
1334 577 1451 663 όνομα.

325 695 445 758 ΘΕΑΙ.
491 689 627 779 Κομιόῇ
659 687 719 773 μὲν
749 685 811 754 οὖν.
858 687 923 759 ΞΕ.
974 685 1096 754 Οὐκοῦν
1128 682 1164 766 ἐξ
1192 685 1359 770 ὀνομάτων
1388 686 1452 770 μὲν

321 797 426 881 μόνων
449 811 586 878 συνεχῶς
609 794 785 882 λεγομένων
808 793 866 861 οὐκ
889 791 960 860 ἔστι
983 792 1068 860 ποτὲ
1093 793 1203 879 λόγος,
1235 783 1305 860 οὐδ’
1324 791 1366 859 αὖ
1389 801 1449 882 ρη-

321 903 433 987 μάτων
471 902 570 989 χιορὶς
605 901 772 986 ὀνομάτων
812 892 1000 983 λεχθέντων.
1066 904 1203 967 ΘΕΑΙ.
1247 890 1349 966 Ταῦτ’
1388 900 1449 968 οὐκ

322 1006 458 1094 ἔμαθον.
504 1009 569 1080 ΞΕ.
615 1009 722 1098 Δηλον
751 1010 812 1096 γὰρ
843 1009 888 1085 ὡς
917 1009 1002 1094 πρὸς
1025 1005 1131 1095 ἕτερόν
1158 1031 1192 1073 τι
1214 1005 1347 1092 βλέπων
1370 1007 1448 1095 άρτι

322 1116 562 1201 ξυνωμολόγεις,
586 1114 660 1182 ἐπεὶ
683 1103 778 1191 ταῦτ’
798 1113 878 1180 αὐτὸ
901 1109 1079 1202 ἐβουλόμην
1094 1110 1209 1195 εἰπεῖν,
1234 1115 1285 1179 ὅτι
1309 1127 1451 1194 συνεχῶς

322 1219 385 1288 ὦδε
415 1222 567 1308 λεγόμενα
597 1231 702 1286 ταῦτα
733 1219 790 1286 οὐκ
824 1216 895 1286 ἔστι
926 1219 1028 1305 λόγος.
1078 1223 1198 1286 ΘΕΑΙ.
1237 1225 1334 1302 mg,-
1379 1218 1447 1290 ΞΕ.

321 1319 398 1396 Οἷον
427 1325 554 1413 βαδίζει
584 1326 687 1415 τρέχει
720 1327 877 1394 καθεύδει
908 1325 965 1404 καὶ
996 1322 1101 1392 τᾶλλα
1132 1327 1193 1392 ὅσα
1223 1327 1363 1414 πράξεις
1386 1349 1448 1414 ση-

322 1432 430 1518 μαίνει
454 1436 594 1522 ῥήματα,
617 1435 677 1500 κάν
700 1433 812 1498 πάντα
828 1458 879 1510 τις
902 1429 1018 1521 ἐφεξῆς
1034 1422 1108 1498 αὔτ’
1127 1427 1213 1522 εἴπῃ,
1238 1433 1332 1518 λόγον
1354 1431 1448 1498 οὐδέν

323 1565 356 1606 τι
385 1541 508 1624 μᾶλλον
541 1539 769 1627 ἀπεργάζεται.
820 1543 941 1604 ΘΕΑΙ.
984 1544 1066 1617 Πῶς
1093 1523 1171 1626 γάρ;
1209 1539 1273 1609 ΞΕ.
1324 1537 1450 1605 Οὐκοῦν

323 1645 381 1712 καὶ
404 1646 508 1711 πάλιν
530 1645 609 1711 ὅταν
631 1645 764 1734 λέγηται
787 1643 867 1710 λέων
889 1641 1012 1733 ελαφος
1033 1646 1143 1723 ἵππος
1165 1646 1227 1711 ὅσα
1249 1669 1285 1711 τε
1300 1643 1449 1728 ὀνόματα

323 1767 388 1819 τῶν
410 1755 470 1831 τὰς
488 1751 626 1839 πράξεις
644 1749 685 1818 αὖ
708 1751 921 1840 πραττόντων
937 1749 1120 1841 ὀνομασθη,
1143 1777 1200 1817 και
1223 1754 1308 1818 κατὰ
1324 1753 1448 1838 ταυτην

261 1883 266 1891 ·
323 1861 363 1948 δὴ
392 1862 450 1948 τὴν
479 1857 641 1941 συνέχειαν
670 1856 773 1938 οὗόεις
803 1884 858 1923 πω
890 1857 1022 1980 ξυνέστη
1051 1858 1161 1944 λόγος·
1196 1857 1348 1942 οὐδεμίαν
1383 1860 1448 1945 γὰρ

323 1965 396 2033 οἷ’πε
423 1969 524 2044 οὕτως
554 1955 624 2032 υότ
644 1963 772 2043 ἑκεινως
794 1964 918 2051 πρᾶξιν
947 1954 1058 2032 οὐδ’
1037 1962 1205 2053 απραξίαν
1235 1963 1308 2031 ουδὲ
1331 1962 1447 2030 οὗσίαν

322 2070 414 2150 ὄντος
437 2072 511 2139 οὐδὲ
533 2075 578 2161 μὴ
600 2069 692 2150 όντος
714 2073 809 2160 όηλοῖ
830 2070 1107 2160 τάφωνηθέντα,
1138 2070 1217 2159 πρὶν
1239 2070 1279 2136 άν
1300 2095 1353 2150 τις
1375 2075 1449 2148 τοῖς

323 2178 459 2263 ὀνόμασι
490 2181 532 2245 τά
562 2180 691 2267 ῥήματα
721 2178 856 2266 κεράση.
894 2178 967 2244 τότε
996 2167 1029 2243 δ’
1047 2177 1168 2266 η’ρμοσέ
1196 2202 1230 2244 τε
1259 2177 1318 2243 καὶ
1349 2177 1449 2262 Ιλόγος

322 2281 445 2371 εγένετυ
468 2284 565 2363 εὐθὺς
587 2288 607 2373 ἡ
630 2285 745 2373 πρώτη
769 2285 950 2373 συμπλοκή,
974 2285 1084 2366 σχεδὸν
1106 2297 1170 2350 τῶν
1185 2284 1286 2370 λόγων
1309 2284 1327 2348 ὁ
1350 2297 1445 2370 πρῶ-

322 2416 378 2468 τος
407 2389 464 2456 καὶ
494 2390 718 2478 σμικρότατος
769 2394 888 2456 ΘΕΑΙ.
934 2395 1015 2470 Πῶς
1044 2378 1097 2478 άρ
1117 2385 1180 2456 ὦόε
1213 2389 1334 2475 λέγεις,
1379 2390 1447 2460 ΞΕ

317 2485 470 2564 ‘'³va
444 2493 523 2586 ει’πη
553 2522 605 2575 τις
638 2496 862 2584 ἄνθρωπος
890 2496 1111 2579 μανθάνει,
1142 2489 1293 2617 λόγην
1265 2521 1350 2562 ειναι
1381 2498 1449 2584 φὴς

322 2615 435 2670 τοῦτον
470 2603 638 2686 ελάχιστόν
671 2627 706 2668 τε
743 2602 801 2669 καὶ
836 2616 984 2690 πρῶτον,·
1037 2607 1157 2670 ΘΕΛΙ.
1196 2592 1325 2689 Εγωγε.
1378 2603 1444 2674 ΞΕ.

283 2798 286 2803 .
322 2711 426 2798 Δηλυῖ
453 2712 514 2797 γάρ
542 2708 603 2798 ήδη
633 2732 699 2774 που
728 2709 802 2774 τότε
831 2707 908 2796 περὶ
939 2723 1004 2774 τῶν
1032 2707 1132 2774 όντων
1161 2711 1181 2798 ἢ
1211 2708 1447 2798 γιγνομένωνῆ

201 2893 205 2900 .
322 2817 495 2902 γεγονότων
529 2815 755 2904 ἢμελλόντων
788 2813 846 2880 καὶ
881 2814 938 2881 οὐκ
973 2813 1121 2898 ὀνομάζει
1155 2816 1267 2900 μόνον,
1303 2815 1388 2880 άλλά
1410 2841 1445 2881 τι

323 2920 473 3009 περαίνει
497 2920 693 3005 συμπλέκων
715 2923 757 2986 τὰ
780 2923 910 3010 ῥήματα
933 2926 1003 3000 τοῖς
1026 2920 1172 3006 ὀνόμασι.
1208 2923 1260 2988 όιὸ
1283 2921 1387 3008 λέγειν
1409 2947 1445 2988 τε

324 3027 421 3094 αὐτὸν
443 3017 518 3093 ἀλλ’
537 3027 574 3094 οὐ
596 3028 694 3112 μόνον
709 3026 877 3112 ὀνομάζειν
900 3025 1045 3112 εἴπομεν,
1069 3027 1127 3094 καὶ
1150 3030 1189 3117 δὴ
1204 3028 1262 3094 καὶ
1277 3030 1325 3114 τη]
1341 3027 1444 3113 πλέγη

322 3159 404 3218 ματι
433 3134 536 3220 τούτῳ
567 3136 605 3201 τὸ
627 3132 729 3217 όνομα
751 3134 990 3223 ἐφθεγξάμεθα
1013 3134 1116 3220 λόγον.
1159 3139 1278 3201 ΘΕΑΙ.
1300 3125 1443 3223 Ὀρθῶς.

322 3240 387 3311 ΞΕ.
429 3241 521 3307 Οὕτω
545 3241 584 3328 δὴ
607 3241 764 3328 καθάπερ
792 3243 835 3305 τὰ
858 3241 1041 3326 πράγματα
1063 3243 1105 3306 τὰ
1127 3241 1187 3325 μὲν
1210 3241 1364 3330 ἀλλήλοις
1386 3244 1445 3330 ἣρ-

322 3371 422 3430 μοττε
444 3349 486 3411 τὰ
509 3334 541 3411 δ’
557 3345 609 3428 οἷό,
638 3345 696 3412 καὶ
726 3345 804 3434 περὶ
834 3348 876 3411 τὰ
902 3360 960 3434 της
983 3360 1091 3436 φωνης
1114 3345 1155 3413 αὖ
1178 3353 1297 3437 σημεῖα
1320 3350 1364 3412 τά
1386 3347 1446 3431 μὲν

323 3451 379 3533 οὐχ
401 3452 572 3539 ἁρμόττει,
607 3453 648 3516 τὰ
672 3451 709 3518 δὲ
731 3451 936 3540 ἁρμόττοντα
960 3452 1066 3518 αὐτῶν
1089 3453 1183 3538 λόγον
1206 3454 1443 3542 ἀπειργάσατο.

247 3598 249 3602 -
326 3561 446 3623 ΘΕΑΙ.
484 3556 690 3623 Παντάπασι
713 3557 771 3641 μὲν
794 3555 877 3624 οὗνλ.

152 3903 179 3932 uo
204 3903 231 3933 no
262 3905 290 3933 n·
392 3875 486 3959 Soph.
511 3884 573 3942 237
587 3877 626 3939 D.
671 3873 742 3940 Καὶ
765 3887 860 3941 τοῦτο
883 3878 959 3963 ἡμῖν
981 3901 1047 3943 που
1070 3877 1224 3964 φανερόν,
1256 3878 1301 3955 ὡς
1323 3876 1383 3943 καὶ
1406 3879 1444 3943 τὸ
1454 3894 1520 3937 ²⁵³⁰

171 3957 182 3986 ⁰
322 3979 355 4047 τὶ
385 3992 480 4047 τοῦτο
513 3986 599 4068 ῥῆμα
629 3969 686 4045 ἐπ’
705 3977 774 4045 όντι
804 3979 935 4066 λέγομεν
958 3979 1128 4048 ἑκάστοτε·
1156 3983 1254 4066 μόνον
1277 3985 1339 4072 γὰρ
1364 3983 1443 4048 αὐτὸ

322 4085 425 4173 λέγειν
459 4089 569 4173 ὥσπερ
604 4087 721 4170 γυμνὸν
755 4085 812 4152 καὶ
846 4087 1105 4176 άπηρημωμένον
1138 4089 1207 4155 άπὸ
1244 4103 1310 4154 τῶν
1343 4087 1444 4155 άντων

322 4194 477 4258 ἁπάντων
506 4192 674 4258 άόόνατον·
713 4190 732 4281 η
762 4193 841 4280 γάρ,
883 4197 1001 4260 ΘΕΑΙ.
1031 4184 1217 4262 Ἀόόνατοκ
1270 4195 1336 4266 ΞΕ.
1356 4181 1442 4283 Ἀρα

322 4298 399 4385 τῇδε
428 4311 561 4365 σκοπῶν
583 4298 727 4387 ξόμφης,
758 4300 803 4378 ὡς
832 4299 953 4389 ἀνάγκη
984 4301 1040 4368 τόν
1071 4326 1104 4367 τι
1128 4299 1260 4388 λέγοντα
1288 4300 1323 4367 ἕν
1351 4301 1388 4387 γε’
1409 4326 1442 4366 τι

322 4402 424 4489 λέγειν
431 4433 441 4487 ,·
482 4408 601 4470 ΘΕΑΙ.
637 4407 756 4483 Οὕτως.
803 4406 867 4478 ΞΕ.
896 4397 983 4485 (Ενὸς
1006 4410 1066 4495 γὰρ
1090 4409 1129 4497 όν)
1153 4409 1191 4475 τό
1214 4433 1249 4495 γε
1270 4407 1304 4474 τὶ
1326 4409 1445 4497 φήσεις
