3148 4984
499 297 660 350 lamblichus
679 297 786 366 eiusque
805 297 935 367 discipuli.
1228 294 1287 356 ὧδ’

161 455 341 543 ἀλλότριον,
365 459 434 534 τοῖς
458 444 491 520 δ>
510 454 632 537 ἐνάλοις
655 455 855 524 οἰκειότατον
878 457 996 521 άπασι.
1022 493 1062 503 --
1089 464 1129 523 15
1153 479 1183 541 p.
1208 466 1282 526 219.

163 563 375 648 Σκεψώμεθα
399 563 437 650 δὴ
460 564 499 628 τὸ
521 566 604 646 μετὰ
627 575 723 631 τοῦτο
747 565 927 652 συμφώνως
942 567 1012 642 τοῖς
1035 562 1283 653 προειρημένοις

161 668 219 735 καί
240 670 298 756 τὴν
313 667 470 758 ῆμετέραν
485 670 606 758 διπλῆν
628 670 845 737 κατάστασιν·
874 669 929 736 ὁτὲ
951 668 1011 754 μὲν
1035 671 1095 756 γὰρ
1118 670 1177 758 όλη
1195 672 1281 758 ψυχὴ

162 775 341 861 γιγνόμεθα
369 774 427 840 καί
458 774 554 859 ἐσμὲν
583 773 646 856 ἔξω
668 777 901 861 τοῦσώματος
929 773 1087 864 μετέωροί
1110 799 1146 843 τε
1168 777 1216 864 τῷ
1238 777 1283 864 νῷ

161 871 243 965 μεθ’
262 881 345 948 όλων
367 895 432 948 τών
455 881 560 948 ἀάλων
582 888 671 949 θεῶν
693 885 1005 972 μετεωροπσλοῦμεν,
1036 881 1091 950 ὁτὲ
1113 873 1147 949 δ’
1167 879 1208 947 αδ
1230 883 1282 948 δεω

162 986 288 1072 δίμεθα
312 987 345 1054 ἕν
367 987 415 1075 τῷ
438 987 627 1076 ἀστρεώδειει
650 991 779 1074 σώματι
802 989 859 1056 καί
882 991 947 1056 ὑπὸ
969 1003 1027 1078 τῆς
1049 990 1126 1078 όλης
1148 989 1282 1072 κατεχό-

161 1100 253 1178 μεθα
268 1093 325 1160 καί
342 1094 438 1178 ἐσμὲν
460 1097 699 1179 σωματοειδεῖς.
730 1097 832 1162 πάλιν
854 1093 909 1162 οὖν
931 1097 1001 1186 ἥκει
1023 1107 1081 1185 τῆς
1103 1093 1283 1185 θρησκείας

163 1201 181 1266 ὁ
204 1202 341 1280 διπλοῦς
363 1201 503 1290 τρόπος·
527 1203 545 1267 δ
568 1201 627 1286 μὲν
649 1205 711 1291 γάρ
735 1199 828 1269 ἔσται
851 1203 978 1282 ἁπλοῦς
1000 1203 1173 1286 ἀσώματος
1189 1204 1283 1288 άγνδς

162 1306 231 1374 ἀπὸ
247 1308 357 1398 πάσης
381 1307 537 1394 γενέσεως,
561 1309 650 1388 ὅστις
665 1314 748 1388 ταῖς,
763 1309 932 1398 ἀχράντοις
955 1308 1127 1394 ἐπιβάλλει
1151 1313 1283 1398 ψυχαῖς,

162 1405 236 1479 ὁδ’
256 1414 552 1498 ἀναπιμπλάμενος
581 1430 646 1482 τῶν
673 1415 833 1500 σωμάτων
863 1415 921 1483 ναί
950 1428 1007 1504 τῆς
1036 1415 1145 1482 ἐνάλου
1173 1415 1284 1504 πάσης

162 1519 402 1609 πραγματείας,
433 1523 524 1600 ὅστις
552 1527 626 1600 ταῖς
648 1525 693 1612 μὴ
716 1527 886 1610 καθαραῖς
910 1521 1032 1610 πρέπει
1055 1525 1179 1610 ψυχαῖς
1200 1521 1284 1611 μηδὲ

162 1625 404 1706 ἀπολυθείσαις
437 1628 548 1718 πάσης
583 1627 741 1714 γενέσεως.
776 1628 834 1695 καί
866 1613 994 1696 θυσιῶν
1023 1613 1129 1696 τοίνυν
1162 1625 1284 1718 τίθημι

162 1734 258 1799 διττὰ
281 1731 367 1823 ε’ίδη,
397 1736 439 1800 τά
465 1735 524 1819 μὲν
553 1749 618 1801 τών
640 1735 964 1823 ἀποκεκαθαρμένων
986 1735 1203 1802 παντάπασιν
1225 1735 1283 1801 ἀν-

162 1841 326 1928 θρώπιον,
356 1831 411 1907 οἶα
435 1831 492 1930 ἐφ’
513 1839 581 1920 ἑνὸς
604 1841 643 1906 aa
665 1865 748 1908 ποτε
770 1841 894 1927 γίνοιτο
917 1839 1081 1923 σπανίως,
1116 1845 1161 1920 ὥς
1183 1865 1284 1932 φησιν

159 1935 385 2034 Ἡράκλειτος,
420 1946 439 2037 ἢ
469 1973 565 2012 τινων
594 1945 710 2033 ὀλίγων
741 1947 970 2036 εὐαριθμήτων
999 1947 1138 2034 ἀνδρῶν,
1174 1951 1216 2013 τά
1246 1938 1281 2014 δ>

163 2047 258 2119 ἕνυλα
287 2053 346 2120 καὶ
375 2055 580 2143 σωματοειδῆ
602 2053 660 2120 καί
683 2056 739 2120 διὰ
761 2055 942 2143 μεταβολῆς
965 2051 1192 2138 συνιστάμενα,
1228 2045 1283 2124 οἷα

163 2164 233 2240 τοῖς
263 2157 312 2227 ἔτι
342 2159 569 2244 κατεχομένοις
599 2163 665 2227 ὑπὸ
695 2172 752 2226 τοῦ
782 2163 935 2244 σώματος
963 2160 1126 2248 oppetat
1165 2162 1283 2228 πόλεσι

162 2264 269 2333 τοίνυν
291 2265 348 2333 καί
371 2267 486 2356 δήμοις
509 2267 567 2332 οὐκ
583 2266 837 2351 ἀπολελυμένας
852 2279 909 2356 τῆς
932 2278 1150 2354 γενεσιουργυῦ
1163 2265 1283 2356 μοίρας

162 2371 220 2438 καί
242 2385 300 2462 τῆς
323 2373 532 2462 ἀντεχομένης
547 2388 612 2439 των
627 2374 787 2457 σωμάτων
810 2372 979 2453 κοινωνίας
1001 2371 1030 2440 εί
1052 2376 1097 2462 μὴ
1120 2375 1217 2440 δώσει
1232 2399 1284 2453 τις

163 2480 218 2545 τὸν
241 2491 387 2546 τοιοῦτον
409 2481 532 2571 τρόπον
554 2493 612 2569 τῆς
635 2478 814 2566 ἁγιστείας,
844 2479 1037 2570 ἀμφοτέρων
1060 2481 1283 2570 διαμαρτήσει,

162 2584 220 2651 καί
243 2599 307 2651 τών
330 2586 434 2652 ἀάλων
456 2587 591 2672 ἀγαθῶν
613 2586 758 2654 καὶτῶν
781 2583 913 2654 ἐνάλων·
937 2589 979 2652 τὰ
1000 2586 1060 2672 μὲν
1083 2589 1144 2676 γάρ
1168 2587 1204 2654 ori
1227 2589 1283 2654 διί-

163 2717 260 2758 ναται
283 2691 456 2774 δέξασθαι,
480 2697 550 2772 τοῖς
573 2693 609 2760 δὲ
632 2693 668 2760 οδ
691 2693 851 2780 προσάγει
874 2695 913 2760 τὸ
935 2691 1064 2760 οἰκεῖον.

235 2831 262 2871 a.
282 2817 448 2872 Adiectivum
466 2817 558 2872 fiotum
577 2835 608 2872 ex
626 2819 799 2872 similitudine
816 2819 885 2872 Plat.
904 2819 969 2888 Rep.
984 2819 1009 2871 X
1027 2819 1078 2873 611
1089 2818 1122 2872 D.

234 2923 263 2980 b.
284 2924 308 2976 V
328 2925 361 2979 18
380 2941 419 2994 sq.
444 2942 469 2994 p.
490 2924 592 2994 223sq.
613 2925 642 2978 P.
671 2925 768 2994 triplex
795 2925 930 2978 hominum
958 2941 1041 2994 genus
1069 2941 1126 2978 esse
1154 2925 1285 2980 statuitur

163 3012 255 3066 mediis
274 3013 368 3082 positis
386 3014 428 3080 iis,
453 3013 498 3083 qui
517 3029 547 3066 ex
565 3016 641 3084 parte
659 3015 759 3084 corpori
777 3018 894 3084 pareant,
914 3031 945 3068 er
963 3017 1039 3084 parte
1057 3015 1090 3068 ab
1109 3031 1138 3068 eo
1158 3015 1239 3069 soluti
1257 3015 1285 3068 et

166 3098 239 3154 liberi
264 3102 319 3155 sint
340 3101 449 3172 ideoque
479 3103 576 3172 duplici
601 3103 707 3156 deorum
733 3103 808 3156 eultu
834 3103 980 3171 indigeant.
1018 3102 1141 3158 Ceterum
1166 3104 1285 3158 coneedit

167 3203 220 3240 esse
244 3209 354 3261 paucos,
381 3191 426 3261 qui
452 3194 588 3265 ὑπερφυεῖ
610 3212 664 3245 τινι
683 3189 803 3264 δυνάμει
822 3203 872 3246 του
889 3203 940 3246 veo
953 3195 1093 3265 χρώμενοι
1112 3201 1158 3260 τῆς
1177 3196 1286 3265 φάσεως

169 3278 220 3330 μέν
244 3283 428 3353 ἀφίστανται,
458 3284 524 3355 πρὸς
553 3281 584 3335 δὲ
609 3283 657 3335 τὸν
679 3284 819 3354 χωριστὸν
843 3286 889 3334 καὶ
908 3284 997 3354 ἀμιγῆ
1019 3291 1086 3335 νοῦν
1104 3284 1285 3355 περιάγονται

168 3381 252 3434 neque
272 3370 409 3438 indigeant
434 3368 568 3422 sacrifieiis
591 3369 758 3438 vulgaribus;
787 3369 832 3422 sed
855 3369 991 3424 existimat
1014 3369 1094 3422 etiam
1117 3369 1167 3422 hos
1185 3385 1214 3423 eo
1233 3387 1285 3423 nou
1390 3357 1393 3362 ⁴

168 3470 243 3524 posse
262 3459 364 3524 perduoi
382 3459 434 3512 uisi
452 3475 498 3529 per
516 3457 637 3512 inferiora
655 3475 751 3526 genero
768 3458 920 3526 theurgiae:
944 3459 980 3512 ib.
999 3459 1035 3512 20
1058 3475 1084 3528 p.
1103 3458 1156 3512 228
1186 3461 1218 3512 οὐ
1242 3459 1288 3513 δεῖ

169 3545 204 3611 δὴ
223 3547 254 3598 τὸ
272 3545 302 3598 ἐν
320 3549 358 3601 {vl
373 3567 443 3608 ¹nors
460 3550 541 3620 μόλις
558 3551 605 3602 καὶ
624 3549 677 3616 ὀψὲ
696 3550 920 3622 παραγινόμενον
938 3551 985 3602 ἐπὶ
1004 3552 1041 3618 τῷ
1055 3551 1124 3602 τέλει
1143 3556 1189 3614 τῆς
1213 3551 1285 3622 ἱερα-

169 3643 242 3701 ῒίκῆς
270 3643 352 3686 τοῦτο
374 3639 467 3690 κοινὸν
494 3639 664 3708 ἀποφαίνειν
691 3641 759 3712 πρὸς
788 3639 915 3699 ἅπαντας
934 3639 1111 3712 ἀνθρώπους,
1141 3632 1201 3688 ἀλλ’
1221 3635 1286 3689 οὐδὲ

170 3725 238 3794 πρὸς
256 3723 321 3782 τοὺς
340 3723 507 3799 ἀρχομένους
525 3735 571 3793 τῆς
588 3731 737 3800 θεουργίας
755 3733 902 3782 ποιεῖσθαι
921 3728 1083 3799 αὐτόχρημα
1107 3725 1200 3778 κοινὸν
1220 3723 1285 3778 οὐδὲ

170 3813 238 3882 πρὸς
263 3811 326 3870 τοὺς
348 3825 500 3882 μεσοῦντος
524 3815 554 3868 ἐν
577 3815 652 3888 αὐτῇ.
690 3813 856 3885 Quapropter
881 3813 1024 3868 cavendum
1047 3829 1081 3866 ue
1105 3811 1189 3866 ullum
1208 3811 1286 3864 deum

170 3899 250 3952 etiam
269 3915 300 3952 ex
317 3899 364 3964 iis,
385 3895 507 3966 quisunt
524 3901 676 3956 inferiorum
694 3897 815 3956 ordiuum
834 3907 862 3956 et
876 3906 1022 3956 ceterorum
1041 3899 1179 3966 satellites,
1198 3899 1286 3966 negle-

169 4004 262 4056 gamus
289 3989 338 4041 aut
365 3988 568 4056 eontemramm
599 4007 662 4044 suus
687 3992 827 4062 uuicuique
851 3991 934 4046 honos
952 3992 996 4042 est
1013 3989 1163 4043 habendus:
1187 3987 1222 4041 ib.
1242 3988 1286 4042 21.

169 4075 284 4130 Deorum
309 4075 397 4129 cultus
422 4072 523 4144 perinte
541 4079 629 4132 varius
653 4082 681 4132 et
699 4081 837 4150 multiplex
855 4082 897 4133 est
915 4081 996 4148 atque
1014 4079 1164 4147 potestates
1181 4075 1289 4130 mundi:

169 4163 204 4217 ib.
224 4164 266 4217 22.
302 4163 448 4216 Daemones
467 4164 616 4221 custodiunt
633 4168 770 4236 mysteria:
789 4167 828 4222 VI
847 4169 871 4222 7.
908 4167 1042 4234 Theurgia
1062 4167 1140 4222 unica
1158 4163 1192 4216 ad
1209 4163 1293 4216 feliei-

170 4255 253 4306 tatem
270 4253 313 4305 ria
331 4253 384 4304 est:
403 4249 428 4303 X
447 4251 471 4302 1.

619 4421 831 4428 *κη-μ...-
