3130 4980
669 311 789 380 Physica.
1234 307 1288 372 261

239 487 270 532 c.
292 473 358 528 Rem
380 475 564 544 perscrutatur
581 470 740 526 Aristoteles
759 471 838 541 Phys.
856 469 922 526 VIII
940 471 954 526 1
975 470 1050 527 251¹>
1071 471 1120 538 17;
1152 472 1192 526 De
1211 470 1287 528 Coelo

162 560 235 620 110
253 561 326 618 279b
344 563 438 632 30sq.,
463 561 494 617 ci.
513 560 629 632 Simplic
648 560 682 614 cd
699 560 726 614 h.
744 560 763 616 l.
786 559 881 627 (Βολεοὶ.
907 559 980 616 488b
999 561 1033 616 19
1043 559 1114 628 Βε.),
1142 560 1212 616 unde
1229 561 1289 616 Pla·

164 653 239 707 tonis
253 651 403 722 discipulos,
421 650 577 706 nominatim
590 650 772 717 Xenocratem,
791 649 861 702 hunc
878 648 965 704 locum
982 649 1022 702 ita
1040 649 1169 720 accepisse
1187 650 1289 707 intelle-

162 741 251 810 gitur,
277 743 310 794 nt
333 739 539 812 procreationem
563 738 637 792 illem
654 737 747 792 mundi
772 737 823 809 ούχ
841 739 876 800 ὡς
895 739 952 792 ἀπὸ
966 739 1071 812 χρόνον
1095 737 1212 792 dicerent
1230 739 1290 794 δεῖν

164 831 292 894 ἀκούειν,
320 825 379 882 ἀλλ’
402 830 431 890 ἐξ
455 831 615 890 ὑποθέσεως
640 829 794 902 εἰρημένην,
823 825 1008 888 διδασκαλίας
1021 829 1107 900 χάριν
1125 837 1172 896 τῆς
1189 831 1290 890 τάξεως

166 929 223 972 τῶν
241 919 271 972 έν
289 919 362 987 αὐτῷ
381 921 521 993 προτέρων
539 935 567 972 τε
584 920 631 972 καὶ
650 919 865 990 συνδετωτέρων.

238 1041 270 1096 b.
289 1040 404 1111 Sophist.
423 1037 514 1096 2650.
560 1042 625 1108 Ζῷα
650 1037 686 1106 δὴ
704 1041 797 1092 πάντα
820 1040 911 1106 θνητά
935 1041 983 1092 καὶ
1007 1043 1094 1110 φυτά,
1122 1040 1175 1094 ὅσα
1196 1036 1221 1094 τ’
1243 1041 1291 1095 tut

166 1141 217 1202 γῆς
244 1133 273 1186 ἐκ
292 1132 459 1204 σπερμάτων
483 1132 531 1183 καὶ
548 1130 627 1204 ῥιζῶν
652 1131 752 1200 φύεται
769 1131 817 1181 καλ
835 1127 888 1181 ὅσα
908 1131 1007 1198 ἀψυχα
1025 1130 1055 1183 ἐν
1073 1131 1109 1203 γή
1128 1121 1290 1192 ξυνίσταται

166 1223 288 1293 σώματα
314 1219 397 1287 τηκτά
424 1222 471 1272 καὶ
497 1222 611 1284 ἀτηκτα,
638 1229 701 1290 μων
726 1219 810 1270 otton
834 1218 909 1278 τινὸς
928 1220 943 1282 ἢ
961 1223 1030 1270 θεοῦ
1054 1216 1291 1291 δημιουργοῦντας

166 1312 297 1382 φήσομεν
316 1309 430 1382 ὕστερον
448 1312 597 1378 γίγνεσθαι
617 1308 751 1379 πρότερον
771 1308 819 1359 οὐκ
839 1309 923 1372 ὄντας
951 1309 967 1372 ή
986 1309 1023 1375 τῷ
1042 1316 1096 1358 τῶν
1114 1309 1224 1359 πολλῶν
1242 1306 1290 1360 δό-

168 1419 257 1472 γματι
275 1401 322 1452 καλ
340 1397 442 1472 ῥήματι
456 1398 597 1468 χρώμενοι
615 1423 650 1434 ·-
669 1397 819 1466 τὴνφύσιν
833 1396 904 1448 αὐτά
917 1405 1018 1465 γεννᾶν
1037 1396 1095 1449 ἀπό
1113 1415 1187 1456 τινος
1201 1399 1291 1458 αἰτίας

168 1489 328 1559 αύτομάτης
345 1489 392 1538 καὶ
411 1489 476 1539 άνευ
495 1485 622 1544 διανοίας
641 1486 775 1555 φυούσης,
801 1485 905 1556 ήμετά
924 1485 1010 1554 λόγου
1028 1503 1056 1538 τε
1075 1487 1121 1537 καὶ
1139 1485 1292 1555 ἐπιστήμης

169 1581 249 1637 θείας
272 1577 329 1628 ἀπὸ
353 1581 422 1628 θεοῦ
445 1577 609 1646 γιγνομένης
617 1596 626 1638 ,·
654 1570 691 1626 cf.
710 1571 805 1625 Phaed.
825 1572 860 1627 96
870 1589 922 1642 sq.‚
941 1571 1042 1626 Philet.
1067 1571 1136 1626 28D
1151 1589 1205 1642 sq.,
1230 1572 1291 1642 ch.

168 1663 195 1719 X
213 1661 348 1733 885Esq.
1288 1691 1296 1702 ·

114 1912 160 1953 coe
237 1895 317 1958 Tim.
342 1886 382 1959 29
395 1892 433 1956 D.
479 1888 637 1976 Λέγωμεν
660 1891 699 1978 δή
723 1879 770 1956 δι’
795 1891 833 1980 ήν
855 1914 929 1956 τινα
953 1887 1063 1956 αἰτίαν
1092 1889 1212 1977 γένεσιν
1235 1889 1293 1958 καὶ
1320 1887 1466 1982 ξζξιξξξξξξξ

170 2001 208 2066 τὸ
232 2011 300 2064 πᾶν
322 1999 395 2066 τόδε
418 1997 436 2064 ὁ
459 1995 608 2077 ξονιστάς
632 1995 828 2085 ξυνέστησεν.
874 1996 1003 2083 ἀγαθὸς
1025 1993 1078 2085 ἦν,
1114 1995 1234 2084 ἀγαθῷ
1257 1996 1293 2064 δὲ

171 2103 276 2184 οὐδεὶς
299 2102 377 2194 περὶ
400 2101 525 2181 οὐδενὸς
549 2101 706 2170 οὐδέποτε
729 2099 909 2190 ἐγγίγνεται
932 2101 1073 2191 φθόνος·
1119 2104 1234 2169 τούτου
1257 2091 1290 2168 δ’

171 2211 265 2290 ἐκτὸς
299 2211 343 2276 ὢν
370 2210 481 2276 πάντα
511 2210 585 2275 δτι
612 2209 757 2292 μάλιστα
792 2207 947 2294 γενέσθαι
981 2207 1145 2297 ἐβουλήθη
1180 2234 1294 2298 παρα-

172 2320 299 2408 πλήσια
323 2313 438 2403 ἑαυτῷ.
483 2316 604 2404 ταύτην
626 2316 666 2404 δή
689 2313 838 2400 γενέσεως
869 2314 925 2381 καί
949 2314 1071 2398 κόσμου
1094 2304 1229 2398 μάλιστ’
1255 2315 1295 2381 ἀν

170 2449 224 2503 τις
247 2424 344 2513 ἀρχήν
366 2421 568 2510 κυριωτάτην
597 2410 683 2510 παρ’
709 2420 833 2508 ἀνδρῶν
863 2419 1030 2510 φρονίμων
1059 2419 1295 2505 ἀποδεχόμενος

171 2529 342 2620 ὀρθότατα
365 2517 557 2610 ἀποδέχοιτ’
583 2527 631 2592 ἀν.
676 2526 852 2618 βουληθεὶς
875 2529 935 2614 γὰρ
959 2527 977 2592 ὁ
999 2528 1079 2605 θεὸς
1101 2525 1215 2613 α’γαδδ
1235 2527 1296 2612 μέν

171 2637 293 2717 πάντα,
328 2635 472 2724 φλαῦρον
495 2633 532 2699 δὲ
552 2632 653 2722 μηδὲν
675 2626 759 2700 εἶναι
782 2635 868 2700 κατὰ
892 2633 1035 2717 δύναμιν,
1059 2633 1142 2699 οὕτω
1166 2634 1204 2722 δή
1228 2645 1296 2700 πάν

171 2743 249 2810 ὅσον
271 2739 309 2830 ήν
332 2742 448 2838 ὁρατὸν
471 2741 677 2825 παραλαβὼν
709 2739 765 2823 οὐχ
787 2737 920 2830 ἡσυχίαν
942 2739 1020 2825 άγον
1043 2739 1127 2805 ἀλλὰ
1149 2739 1296 2824 κινούμε-

173 2873 227 2915 νον
249 2847 452 2936 πλημμελῶς
474 2845 532 2912 καὶ
555 2845 731 2928 cronice,
755 2843 802 2926 εἶς
824 2847 918 2927 τάξιν
942 2845 1021 2912 αὐτὸ
1044 2843 1158 2934 ήγαγεν
1180 2844 1218 2912 ἐκ
1239 2858 1296 2935 τῆς

172 2952 327 3036 ἀταξίας,
362 2952 560 3042 ἡγησάμενος
589 2951 691 3018 έκεῖνο
714 2954 828 3020 τούτου
859 2953 992 3031 πάντως
1014 2952 1151 3036 ἔμειναν.
1196 2950 1297 3036 θέμις

173 3060 211 3126 δὲ
234 3049 305 3127 οὔτ’
331 3056 369 3147 ήν
391 3049 460 3124 oi'c'
486 3054 556 3124 ἔστι
578 3057 625 3145 τῷ
648 3055 770 3146 ἀρίστῳ
793 3059 873 3145 δρᾶν
903 3057 983 3124 ἀλλο
1005 3058 1092 3146 πλήν
1120 3059 1158 3126 τὸ
1181 3057 1297 3124 κάλλι-
1323 3074 1396 3116 animo
1409 3069 1485 3116 mann

171 3187 267 3234 στον·
314 3165 523 3252 λογισάμενος
546 3161 600 3231 οὖν
630 3167 772 3253 εύρισκεν
795 3165 832 3231 ἔκ
854 3177 919 3230 τῶν
941 3166 1028 3230 κατὰ
1050 3165 1148 3253 φύσιν
1171 3165 1298 3252 ὁρατῶν

173 3271 268 3339 οὐδέν
297 3271 431 3360 ἀνόητον
459 3282 517 3337 τοῦ
543 3283 616 3338 νοῦν
645 3267 772 3353 ἔχοντος
801 3271 876 3338 δλον
905 3271 980 3336 ὅλου
1002 3269 1136 3336 κάλλιον
1158 3267 1299 3336 ἔσεσθαί

174 3367 256 3446 ποτ’
283 3373 383 3465 ἔργον,
413 3388 485 3444 νοῦν
508 3366 540 3442 δ’
559 3374 599 3442 αὖ
621 3377 719 3465 χωρὶς
742 3389 848 3465 ψυχῆς
870 3376 1026 3444 ἀδύνατον
1049 3375 1299 3462 παραγενέσθαι

171 3510 230 3572 τη).
278 3485 334 3550 διὰ
357 3485 396 3572 δὴ
419 3485 476 3549 τδν
499 3483 653 3568 λογισαὸν
675 3483 765 3550 τόνδε
779 3491 859 3549 ’νοῦν
880 3482 940 3567 μέν
963 3481 996 3548 ἔν
1018 3483 1118 3572 ηωχῇ,
1142 3484 1246 3571 ψυχήν
1262 3480 1299 3548 δὲ

173 3590 210 3658 έν
233 3591 364 3674 σώματι
387 3589 538 3682 ξυνιστὰς
559 3591 598 3655 τὸ
621 3601 689 3654 πᾶν
712 3587 995 3669 ξυνετεκταίνετοδ,
1028 3587 1120 3667 ὅπως
1142 3589 1194 3654 ὅτι
1216 3587 1298 3654 κάλ·

173 3699 287 3763 λιστον
325 3693 374 3784 ε’ίη
412 3697 498 3762 κατά
536 3697 633 3784 φύσιν
671 3695 803 3783 ἀρεστόν
836 3719 871 3761 τε
905 3691 997 3782 ἔργον
1030 3693 1298 3783 ἀπειργασμένος.

174 3805 279 3881 οὕτως
306 3799 360 3868 οὖν
389 3803 428 3890 δή
458 3804 544 3867 κατὰ
574 3802 668 3887 λόγον
696 3804 753 3868 τὸν
781 3799 911 3868 εἰκόταο
934 3802 984 3867 δεῖ
1005 3799 1109 3886 λέγειν
1130 3800 1222 3866 τόνδε
1244 3801 1300 3866 τὸν

174 3909 299 3992 κόσμον
329 3906 418 3994 ζῴον.
445 3903 591 3996 ἔμψυχον
621 3905 728 3974 ἔννουν
761 3933 797 3975 τε
825 3905 869 3997 τῇ
892 3904 1049 3996 ἀληθείᾳ,
1065 3907 1121 3972 διὰ
1154 3907 1212 3994 τήν
1241 3916 1300 3972 τοῦ

174 4021 259 4082 θεοῦ
281 4013 435 4100 γενέσθαι
458 4013 624 4100 πρόνοιαν.
998 4027 999 4030 ’
1285 4045 1288 4054 .

249 4171 278 4211 ιι.
303 4155 377 4210 Dicit
394 4155 541 4221 materiem,
560 4171 640 4226 quam
658 4158 720 4209 ente
738 4155 865 4209 mundum
883 4158 1000 4209 creatum
1018 4154 1207 4208 elementorum
1224 4153 1301 4223 qussi

176 4245 247 4299 vices
275 4244 421 4298 ostendisse
449 4244 623 4298 tumultuarie
650 4246 806 4298 commotam
832 4247 925 4297 narrat
947 4238 1014 4297 Tim.
1033 4241 1102 4296 521)
1130 4243 1179 4308 τήν
1206 4242 1239 4296 δὲ
1266 4243 1303 4308 δή

176 4338 308 4404 γενέσεως
327 4335 450 4400 τιθήνην,
460 4335 662 4405 ὑγραινομένην
675 4337 722 4386 καὶ
736 4337 913 4404 πυρουμένην
929 4336 976 4385 καὶ
995 4332 1043 4391 τὰς
1057 4339 1107 4401 γῆς
1121 4333 1209 4384 τεκαὶ
1223 4332 1303 4403 ἀέρος

175 4423 295 4496 μορφὰς·
310 4422 477 4493 δεχομένην,
505 4425 552 4476 καλ
572 4422 624 4475 ὅσα
649 4424 717 4474 ἀλλα
737 4423 844 4482 τούτοις
863 4424 942 4488 πάδη
961 4423 1107 4482 ξυνέπεται
1125 4421 1301 4488 πάσχουσαν,

233 4527 289 4568 nist.
305 4526 365 4568 rin.
394 4527 435 4568 ne.
451 4525 498 4568 vn.
1052 4508 1086 4561 18
