3140 4990
317 307 370 370 158
685 311 833 380 Leucippus
851 312 879 365 et
897 310 1070 365 Democritus.

387 471 417 526 h.
438 471 479 525 Oi.
499 470 554 525 Cic.
574 469 605 524 de
625 469 698 525 Orat.
718 472 731 524 l
750 471 797 539 49;
816 471 923 539 Dionys.
942 469 1004 523 Hsl.
1024 468 1056 523 de
1075 467 1165 538 Comp.
1186 465 1264 522 Verb.
1283 467 1319 521 24
1363 463 1439 519 Plut.

316 560 444 630 Sympv
464 561 487 629 7,
507 577 531 628 p.
552 560 612 614 683.
643 561 691 613 τὸν
715 561 805 630 ἄνδρα
830 563 863 633 τῇ
887 563 957 621 λέξει
975 560 1130 630 δαιμονίως
1148 562 1236 627 λέγειν
1254 561 1300 610 καὶ
1317 561 1439 630 μεγαλο-

316 661 432 723 πρεπῶς.
469 648 552 702 Varia
570 649 755 702 ornatissimae
780 649 908 702 orationis
927 647 1044 716 exempla
1063 647 1196 715 congessit
1213 645 1388 715 Papenoornc,
1409 644 1443 699 de

315 738 404 792 Atom.
423 737 504 792 doctr.
525 738 620 805 (Berol.
642 737 753 805 1832)1
774 739 817 791 19.

386 827 529 882 Democriti
557 825 624 881 Abd.
653 842 693 894 op.
722 825 873 894 fragmenta
899 825 1010 893 collegit
1037 826 1086 880 etc.
1129 824 1158 878 F.
1184 824 1226 879 W.
1251 823 1283 878 Α.
1309 821 1439 886 llullnch

315 916 399 970 Berol.
415 916 494 971 1843.
531 914 573 969 (li.
588 913 657 969 FPG
671 914 686 968 1
700 915 760 970 330.
798 912 961 968 Memorandi
975 915 1124 982 praeterea:
1144 913 1172 967 Ji
1188 913 1217 967 Il.
1233 913 1273 969 W.
1293 911 1439 975 Barchard,

314 1005 432 1059 Democr.
450 1003 631 1073 philosophiae
650 1003 681 1056 de
695 1003 814 1057 sensibus
828 1001 933 1071 fragm,
951 1002 1153 1067 Mindsn1830;
1173 1001 1287 1071 Frapm.
1302 1001 1328 1054 ἀ.
1343 999 1443 1053 Morul

316 1094 342 1147 d.
362 1094 450 1157 Dona,
469 1091 577 1146 Minden
596 1093 674 1147 1834.
711 1091 754 1146 Fr.
774 1091 944 1155 Heimsoeth‚
963 1093 1037 1146 Deru.
1058 1091 1089 1144 de
1108 1092 1198 1145 anima
1217 1089 1345 1153 doctrina,
1363 1089 1439 1142 Bcnn

315 1184 394 1238 1835.
431 1182 462 1236 B.
481 1189 525 1236 ten
544 1181 640 1245 Briau,
665 1179 793 1236 anecdota
813 1180 981 1249 Epicharmi,
1010 1181 1154 1235 Democriti
1184 1179 1241 1244 rel,
1269 1178 1440 1247 Ρλίλοίοριιε,

315 1272 354 1324 vi
373 1272 425 1326 577
445 1270 548 1339 (1851);
574 1272 648 1325 Dem.
669 1269 699 1323 de
725 1287 752 1324 sa
771 1271 828 1339 ipso
846 1271 1013 1336 testimonia,
1038 1271 1074 1324 ih.
1099 1272 1166 1334 ὁ89;
1194 1268 1334 1332 vl1354;
1362 1268 1440 1322 Dem.

314 1360 382 1413 liber
409 1364 471 1432 περὶ
499 1361 650 1430 ἀνθρώπου
669 1361 770 1429 φύσιος
788 1357 823 1412 ib.
843 1357 912 1412 VIII
935 1359 996 1412 414.
1034 1359 1208 1421 Democritea,
1227 1357 1262 1411 ib.
1278 1356 1369 1410 XXIX
1386 1356 1439 1410 605

315 1448 416 1515 (1870).
453 1447 501 1502 Ed.
516 1447 641 1512 Johnson,
660 1446 935 1502 ἀδιαιαιιίιίιααεδ.
947 1447 1025 1502 Deru.
1045 1449 1104 1512 eta,
1123 1463 1219 1516 progr„
1237 1445 1339 1499 Plsuen
1359 1445 1439 1499 1868.
1563 1469 1564 1564 ρ

315 1535 426 1604 Natorp,
447 1535 645 1603 Forschuapca
663 1553 688 1604 p.
709 1537 858 1590 164-208.
1562 1569 1564 1616 ρ

176 1713 303 1765 plenumst
383 1679 514 1742 Aristoi.
536 1679 613 1742 Mei.
636 1679 653 1741 I
676 1687 707 1742 4.
732 1678 823 1744 985¹)
846 1687 876 1742 4.
921 1675 1103 1756 Λεόκιππος
1133 1679 1167 1742 δέ
1195 1681 1243 1744 καὶ
1273 1680 1290 1744 ἀ
1318 1675 1441 1763 ἕ,·αι”ρος
1460 1688 1498 1730 1ss
1563 1684 1565 1774 γ

188 1786 282 1816 vacuum
315 1779 411 1850 αότοῦ
440 1781 635 1872 Δημόκριτος
665 1797 797 1867 στοιχεῖα
828 1786 883 1868 μέν
913 1779 948 1850 τό
978 1787 1090 1871 πλῆρες
1119 1790 1168 1850 καὶ
1197 1784 1232 1850 ῖὸ
1255 1778 1341 1850 κὲνὸν
1365 1782 1444 1848 ‘Im'

316 1917 402 1977 φασι,
427 1892 564 1974 λέγοντες
580 1885 642 1956 οἷον
658 1885 692 1956 τό
708 1895 765 1973 μὲν
782 1883 816 1955 όν
831 1901 853 1972 ⁸,
877 1889 913 1956 τὸ
929 1895 964 1958 δέ
986 1890 1029 1976 μὴ
1053 1883 1097 1971 όν,
1122 1887 1242 1956 τούτων
1265 1886 1358 1956 δὲτὸ
1381 1891 1441 1972 μὲν

314 1999 425 2082 πλῆρες
447 2001 494 2064 καὶ
519 1996 640 2084 στερεὸν
662 1992 696 2062 τό
718 1995 762 2077 όν,
793 1997 828 2062 τὸ
853 2001 886 2064 δὲ
916 1995 1002 2063 κενόν
1024 2024 1056 2082 γε
1079 2001 1128 2063 καὶ
1151 1995 1248 2080 μανόν
1277 1991 1313 2062 τό
1343 1995 1387 2080 μὴ
1404 1993 1440 2061 όν

314 2099 374 2184 (διὸ
397 2109 445 2169 καὶ
470 2100 566 2168 οὐθέν
587 2105 705 2187 μᾶλλον
728 2099 763 2169 τό
787 2101 822 2168 όν
845 2105 902 2169 τοῦ
923 2103 966 2189 μὴ
983 2097 1071 2179 ἀντος
1086 2103 1163 2170 εἶναί
1176 2130 1279 2190 φασιν,
1303 2097 1350 2169 ότι
1366 2099 1441 2168 οὐδὲ

313 2205 348 2276 τό
371 2209 482 2276 κενὸν1
504 2211 561 2276 τοῦ
583 2207 746 2342 σρόματυς),
771 2212 852 2275 αἶ’τια
876 2213 910 2276 δὲ
933 2211 996 2275 των
1026 2207 1124 2276 όντων
1152 2211 1250 2275 ταῦτα
1279 2203 1322 2284 ὥς
1350 2207 1438 2293 ὕλην.

314 2321 362 2382 καὶ
385 2315 524 2402 καθάπερ
547 2320 574 2382 oi
595 2315 628 2382 ‘su
650 2324 807 2394 ποιοῦντες
828 2312 885 2402 τὴν
906 2311 1158 2402 όποκειμένην’
1124 2321 1231 2383 ουσίαν
1254 2308 1351 2382 τάλλα
1374 2327 1442 2390 τοῖς

314 2417 447 2490 πάθεσιν
470 2419 562 2508 αὐτῆς
585 2424 719 2508 γεννῶσι,
743 2417 779 2488 τό
800 2417 899 2552 μανόν
914 2451 962 2489 και
978 2419 1014 2490 τό
1029 2418 1142 2489 πυκνὸν
1165 2418 1259 2508 ἀρχάς
1282 2423 1440 2506 τιθέμενοι

154 2491 293 2614 διαφοραί
315 2530 378 2596 τῶν
411 2528 617 2614 παθημάτων,
652 2526 707 2596 τόν
741 2529 835 2595 αυτόν
865 2527 979 2615 τρόπον
1011 2534 1059 2594 καὶ
1089 2555 1174 2596 ουτοι
1202 2525 1258 2604 τοὶς
1288 2525 1443 2614 διαφορὰς

314 2638 411 2711 αἰτίας
426 2636 487 2702 τῶν
503 2628 604 2700 ἀλλων
626 2634 703 2700 εἷναί
723 2662 828 2724 φασιν.
852 2633 967 2711 ταότας
988 2637 1091 2719 μέντοι
1114 2647 1196 2722 τρεῖς
1218 2634 1292 2702 εἶναι
1309 2635 1440 2721 λέγουσι,

313 2739 420 2827 σχῆμά
442 2771 474 2808 τε
497 2748 546 2806 καὶ
569 2740 654 2817 τάξιν
675 2747 724 2807 καὶ
748 2746 859 2808 θέσιν·
883 2740 1061 2828 διαφέρεινδ
1084 2737 1142 2827 γάρ
1166 2768 1241 2828 φασι
1264 2737 1301 2808 τό
1323 2738 1359 2805 όν
1381 2741 1439 2828 ῥυ·

314 2848 383 2934 σμῷ
412 2852 459 2912 καὶ
490 2851 618 2934 διαθιγῇ
646 2853 694 2913 καὶ
724 2850 823 2935 τροπῇ
852 2843 958 2931 μόνον.
990 2844 1109 2914 τοότων
1140 2852 1175 2916 δὲ
1203 2843 1218 2914 ό
1241 2853 1298 2932 μὲν
1320 2843 1441 2936 ῥυσμὸς

313 2948 417 3038 σχῆμά
444 2956 534 3033 έστιν,
564 2946 583 3038 ἢ
607 2958 641 3021 δὲ
664 2949 790 3040 διαθιγὴ
813 2949 914 3034 τάξις,
943 2949 962 3040 ἦ
986 2957 1020 3021 δὲ
1042 2951 1140 3040 τροπὴ
1163 2957 1272 3033 θέσις·
1303 2955 1438 3042 διαφέρει

312 3053 370 3145 γάρ
393 3058 428 3123 τὸ
450 3063 508 3142 μέν
530 3067 566 3125 A
588 3061 645 3125 τοῦ
666 3065 702 3125 Ν
719 3058 862 3146 σχήματι,
886 3060 921 3126 τὸ
945 3064 979 3127 δέ
994 3067 1065 3128 AN
1076 3069 1133 3127 τοῦ
1147 3068 1213 3127 NA
1227 3060 1315 3142 τάξει,
1339 3061 1375 3126 τὸ
1399 3065 1434 3132 δέ

313 3172 344 3229 Ζ
364 3165 422 3230 τοί
443 3171 479 3229 Ν
497 3166 592 3234 θέσει.

384 3283 413 3324 ιι.
442 3269 515 3324 Plut.
534 3271 593 3327 adv,
613 3272 743 3338 coloci,
762 3273 792 3326 2:
821 3272 1016 3346 (Δημόκριτος)
1039 3275 1186 3345 διορίζεται
1209 3276 1249 3347 μὴ
1272 3278 1380 3348 μᾶλλον
1405 3281 1443 3329 τὰ

313 3359 362 3413 δὲν
380 3363 395 3425 ἢ
414 3362 446 3412 τό
462 3361 552 3432 μηδὲν
570 3361 656 3414 εἶναι’
676 3362 724 3416 δέν
741 3363 795 3434 μέν
813 3365 955 3433 ὀνομάζων
973 3365 1005 3416 τὸ
1024 3373 1117 3436 σῶμα,
1143 3364 1233 3436 μηδὲν
1250 3365 1282 3418 δὲ
1301 3366 1333 3418 τὸ
1351 3367 1442 3430 κενόν,

313 3450 349 3509 ὡς
367 3452 414 3501 καὶ
433 3451 534 3502 τούτου
553 3452 640 3521 φύσιν
658 3453 720 3504 τινά
738 3455 785 3505 καὶ
804 3453 962 3505 ὑπόστασιν
980 3452 1057 3504 ἰδίαν
1075 3453 1193 3522 ἔχοντος.

384 3535 413 3593 h.
442 3537 599 3591 Differentia
617 3541 726 3593 estnon
745 3540 886 3608 qualitatis
905 3539 949 3593 sed
960 3539 1144 3594 tantummodo
1157 3541 1329 3608 quantitatis.
1361 3540 1436 3596 Plut.

313 3623 372 3679 τόν.
391 3624 478 3679 Colol.
496 3627 522 3691 8,
541 3626 573 3680 4:
593 3633 621 3680 τί
637 3630 692 3698 γὰρ
709 3632 781 3698 λέγει
801 3631 987 3702 Δημόκριτος,·
1016 3631 1112 3690 οὐσίας
1131 3631 1260 3704 ἀπείρους
1278 3633 1310 3684 τὸ
1329 3635 1441 3698 πλῆθος

314 3715 436 3786 ἀτόμους
463 3734 492 3769 τε
519 3720 565 3769 καὶ
593 3717 765 3790 ἀδιαφόρους
792 3718 832 3770 ἔτι
860 3715 888 3772 δ’
911 3720 1030 3779 ἀποίους
1053 3722 1100 3771 καὶ
1126 3719 1247 3780 ἀπαθεῖς
1265 3720 1294 3773 έν
1313 3723 1350 3790 τῷ
1368 3725 1436 3790 κενῷ

313 3807 449 3876 φέρεσθαι
474 3803 696 3879 διεσπαρμένας.
725 3807 793 3858 ὅταν
811 3807 844 3860 δὲ
862 3809 1020 3860 πελάσωσιν
1038 3809 1164 3874 ἀλλήλαις
1183 3811 1199 3873 ἢ
1218 3812 1401 3880 συμπέσωσιν
1419 3813 1435 3876 ἢ

312 3895 516 3963 περιπλακῶσι,
543 3899 699 3964 ’φαίνεσθαι
723 3905 778 3947 τῶν
803 3897 1007 3968 ἀθροιζομένων
1025 3898 1057 3948 τὸ
1079 3897 1134 3968 μὲν
1152 3897 1239 3970 ὕδωρ,
1268 3899 1300 3950 τὸ
1318 3898 1350 3951 δὲ
1369 3907 1437 3970 πῦρ,

312 3982 344 4033 τὸ
363 3980 394 4034 δὲ
414 3982 509 4052 φυτόν,
529 3984 562 4035 τὸ
579 3981 598 4034 δ
603 3978 610 3996 '
633 3985 800 4055 ἀνθρωπον·
820 3983 890 4036 εἶναι
909 3984 940 4037 δὲ
959 3987 1051 4038 πάντα
1071 3985 1120 4045 τὰς
1145 3986 1266 4054 ἀτόμους
1291 3986 1368 4046 ἰδέας
1385 3985 1433 4052 (al.

312 4069 400 4136 ἰδίως)
420 4065 470 4122 ὑπ’
494 4072 580 4123 αὐτοῦ
596 4073 774 4143 καλουμένας,
794 4071 886 4144 ἕτερον
905 4072 936 4126 δὲ
953 4073 1048 4145 μηδέν.

384 4156 518 4222 Quomodo
537 4159 739 4227 argumentatus
764 4159 801 4212 sit
825 4160 1005 4226 Democritus,
1031 4161 1116 4230 aperit
1135 4159 1300 4230 Aristoteles,
1319 4160 1350 4214 de
1369 4159 1435 4217 Gen.

313 4245 340 4297 ei
358 4244 430 4299 Gerr.
450 4245 465 4298 I
484 4246 508 4310 ’1,
529 4247 610 4300 323b
631 4248 676 4300 10:
712 4251 936 4323 Δημόκριτος-
956 4254 1025 4320 φησὶ
1048 4277 1082 4288 -
1108 4253 1140 4303 τὸ
1168 4253 1236 4304 αὐτὸ
1262 4254 1309 4304 καὶ
1337 4251 1442 4323 ὅμοιον

386 4404 412 4472 1)
432 4415 481 4458 τοῦ
498 4415 579 4460 κενοῦ
597 4409 629 4460 τὸ
648 4418 728 4480 σῶμα
749 4407 780 4464 ci.
801 4405 958 4477 Schwegler.
