3148 4984
307 292 362 356 52⁰
775 296 965 366 Neoplotonioi.

310 460 420 529 φράζων
443 461 490 511 καλ
513 459 585 530 μετά
610 461 791 530 συμπαθείας
814 461 830 523 ἦ
855 457 1045 530 παραδόσεως,
1075 458 1245 528 ἐμμέμικται
1270 452 1301 510 δ’
1320 457 1350 510 έν
1374 461 1433 518 τοῖς

310 548 514 619 συγγράμμασι
538 549 585 600 καί
609 547 644 600 τὰ
663 546 773 600 Στωϊκὰ
793 547 972 600 λανθάνοντα
991 545 1123 617 δόγματα
1150 547 1250 598 καὶτὰ
1271 551 1432 617 Περιπατη-

311 638 385 698 τικοί,
415 637 664 688 καταπεπάκνωται
692 634 724 688 δὲ
751 637 798 687 καὶ
826 636 842 700 ἡ
868 635 940 706 μετά
966 635 1000 688 τὰ
1029 635 1134 705 φυσικά
1162 643 1213 686 τοῦ
1227 629 1432 708 Ἀριστοτέλους

311 728 503 796 πραγματείας
528 722 574 776 ubi
592 725 664 776 reete
688 721 755 776 dioit
771 721 873 776 Stoicos
892 738 952 776 oum
969 725 998 775 ot
1016 720 1189 776 Aristotelem
1206 721 1235 774 iu
1253 719 1375 791 plurimis
1394 736 1433 773 se·

310 813 401 864 outum
419 827 485 877 esse,
505 825 664 882 quamquem
682 811 740 880 ipse
758 809 881 865 Plotinus
899 810 948 864 hos
965 809 1019 864 fere
1037 812 1203 880 aspernatur,
1222 809 1290 863 nihil
1308 809 1360 862 uisi
1374 809 1433 862 Pla·

310 903 399 954 tonum
416 899 558 970 professus,
578 899 695 954 divinum
713 899 789 953 illum
807 902 836 953 st
854 902 974 954 sanetum
993 915 1070 970 quem
1089 898 1222 969 appellere
1240 899 1316 952 solet.

382 1037 409 1079 e.
428 1023 590 1094 Porphyrius
609 1023 691 1077 libros
709 1022 860 1076 emendatos
879 1021 991 1090 digessit
1008 1025 1037 1076 et
1055 1022 1202 1092 composuit
1216 1039 1260 1076 sex
1273 1021 1433 1075 enneadibus

311 1113 455 1168 seeundum
473 1113 644 1181 argumente3
670 1111 811 1166 seeundum
829 1111 965 1166 Plotinum
989 1112 1131 1166 restituere
1156 1111 1274 1166 ordinem
1292 1127 1373 1164 ausus
1391 1113 1434 1164 est

310 1200 449 1258 Kirohhoff
465 1202 494 1256 in
511 1200 627 1256 editione
646 1217 701 1256 sue.

382 1307 406 1362 i.
432 1306 608 1376 cogitandum
632 1307 737 1362 videtur
760 1307 793 1360 de
810 1307 1034 1376 Pythagoreorum
1059 1307 1185 1362 societate
1209 1307 1271 1360 olim
1295 1307 1432 1373 exstincte,

311 1401 354 1450 BP
372 1397 422 1462 47;
441 1395 485 1450 49.

382 1515 412 1566 g.
439 1500 597 1572 Ceteroquin
621 1501 764 1571 discipulos
797 1501 831 1554 ad
859 1501 1039 1572 contemptum
1066 1501 1136 1554 vitae
1163 1500 1246 1554 civilis
1273 1500 1434 1570 impellebat,

312 1587 438 1658 Porphyr.
459 1589 476 1642 l.
496 1589 515 1642 l.
534 1605 555 1642 o.
576 1590 600 1655 7,
621 1589 667 1642 ubi
686 1589 765 1642 simul
784 1592 971 1643 enumerentur
989 1589 1123 1660 praecipui
1141 1589 1263 1660 discipuli
1277 1589 1389 1644 Plotini.

167 1797 286 1891 ‘ljmffim
380 1799 506 1864 EumV
526 1810 553 1877 1,
573 1809 601 1864 1.
651 1797 693 1864 Τί
707 1824 790 1866 ποτε
805 1795 871 1888 ἀρά
893 1799 964 1868 ἐστι
986 1801 1024 1868 τὸ
1046 1802 1231 1890 πεποιηκὸς
1252 1802 1312 1879 τάς
1328 1803 1480 1886 ψυχάςωι

179 1904 282 1946 ⁸¹¹²¹³⁸il0
314 1906 442 1991 πατρὸς
476 1911 557 1972 θεοῦ
589 1903 822 1972 ἐπιλαθέσθαι
855 1905 913 1972 καὶ
946 1904 1065 1994 μοίρας
1100 1906 1227 1973 ἐκεῖθεν
1256 1905 1356 1985 σώσας
1378 1905 1436 1972 καὶ
1539 1993 1542 1998 ¹

314 2011 396 2089 ὅλως
419 2009 540 2078 ἐκείνου
563 2011 720 2102 ἀγνοῆσαι
742 2011 800 2078 καὶ
824 2010 943 2091 έαυτάς
965 2012 1022 2080 καὶ
1045 2012 1166 2080 ἐκεῖνον
1173 2043 1184 2096 ,·
1207 2013 1286 2102 ἀρχὴ
1309 2013 1369 2097 μὲν
1384 2009 1437 2079 οὖν

315 2117 431 2196 αὐτοῖς
465 2129 523 2184 τοῦ
557 2129 659 2183 κακοῦ
688 2120 708 2206 ἦ
737 2119 862 2202 τόλμα*
893 2117 952 2184 καί
980 2122 1001 2208 ἡ
1030 2118 1150 2205 γένεσις
1181 2118 1239 2186 καὶ
1272 2121 1291 2208 ἡ
1321 2121 1436 2208 πρώτη

315 2221 481 2312 ἓτερότηςθ
505 2224 563 2290 καὶ
585 2226 624 2292 τὸ
646 2226 850 2314 βουληθῆναι
873 2225 909 2292 δὲ
932 2223 1056 2292 ἑαυτῶν
1080 2219 1173 2293 εἶναι.
1208 2225 1256 2314 τῷ
1279 2227 1319 2315 δὴ
1343 2225 1437 2293 αὐτε-

314 2328 452 2417 ξουσίῳο
476 2327 655 2419 ἐπειδήπερ
687 2329 853 2420 ἐφάνησαν
882 2333 1039 2420 ἦσθεῖσαι
1062 2333 1178 2419 πολλῷ
1200 2331 1248 2420 τῷ
1269 2336 1438 2400 κινεῖσθαι

315 2426 400 2522 παρ’
424 2437 530 2502 αὑτῶν
559 2436 765 2526 κεχρημέναι,
797 2439 854 2527 τὴν
877 2435 1025 2504 ἐναντίαν
1055 2439 1239 2526 δραμοῦσαι
1260 2437 1320 2505 καί
1343 2436 1438 2504 πλεί-

314 2565 392 2635 στηγ
414 2541 620 2608 ἀπόστασιν(ἱ
643 2542 865 2632 πεποιημέναι
894 2543 1053 2633 η’γνόησαν
1083 2543 1142 2610 καὶ
1166 2541 1286 2622 ἑαυτὰς
1308 2544 1439 2611 ἐκεῖθεν

314 2641 407 2714 εἶναι.
432 2686 476 2696 -
501 2637 571 2715 οὔτ’
590 2645 643 2715 οὖν
666 2645 715 2715 ἔτι
739 2645 858 2715 ἐκεῖνον
881 2647 953 2716 olive
976 2647 1093 2729 έαυτάς
1116 2651 1249 2738 ὁρῶσαι,
1272 2651 1438 2734 ἀτιμάσα-

315 2775 373 2819 σαι
397 2749 515 2832 ἑαυτὰς
530 2753 644 2844 ἀγνοίᾳ
666 2755 856 2841 τοῦγένους,
881 2754 1063 2844 τιμήσασαί
1086 2781 1121 2822 τε
1144 2756 1229 2822 ἀλλα
1252 2756 1311 2824 καὶ
1326 2757 1438 2823 πάντα

314 2859 438 2941 μᾶλλον
473 2861 494 2948 ἢ
523 2857 641 2938 ἑαυτὰς
670 2860 890 2944 θαυμάσασαι
921 2861 1085 2950 καὶπρὸς
1109 2860 1192 2928 αὐτὰ
1222 2861 1438 2949 έκπλαγεῖσαι

316 2965 373 3031 καὶ
396 2964 598 3050 ἀγασθεῖσαι
627 2966 920 3056 καὶοέξηρτημέναι
947 2969 1070 3036 τούτων
1093 2968 1281 3058 ἀπέρρηξαν
1305 2971 1350 3048 ώς
1373 2961 1439 3037 οἷόν

317 3095 352 3136 τε
377 3067 495 3150 ἑαυτὰς
526 3069 571 3137 ὧν
601 3073 861 3163 ἀπεστράφησαν
882 3073 1097 3158 ἀτιμάσασαι.
1123 3113 1165 3124 -
1189 3076 1241 3142 διδ
1265 3075 1314 3142 δεῖ
1330 3076 1439 3142 διττὸν

318 3175 469 3262 γίνεσθαι
492 3179 548 3244 τὸν
572 3179 665 3264 λόγον
688 3181 773 3268 πρὸς
801 3182 876 3258 τοὺς
899 3183 981 3246 οὕτω
1005 3181 1241 3265 διακειμένους,
1272 3177 1366 3270 ε’ίπερ
1389 3206 1439 3260 τις

318 3283 519 3372 ἑπιστρέψοι
543 3283 659 3365 αὐτοὺς
681 3283 728 3364 εἷς
743 3289 785 3352 τά
803 3285 933 3352 ἐναντία
956 3285 1078 3353 καὶτὰ
1101 3301 1221 3378 πρώτα
1244 3287 1303 3354 καὶ
1326 3287 1439 3374 ἀνώγοι

317 3386 413 3480 μέχρι
428 3401 486 3456 τοῦ
508 3391 690 3478 ἀκροτάτου
713 3391 769 3458 καὶ
787 3391 856 3471 ἑνὸς
871 3392 929 3458 καὶ
943 3394 1085 3480 πρώτου.
1121 3391 1172 3472 τίς
1196 3391 1250 3460 οὖν
1274 3391 1440 3482 ἓκάτεροςς

317 3497 335 3562 δ
358 3495 418 3579 μέν
441 3498 565 3576 δεικνὺς
593 3500 650 3586 τὴν
673 3497 809 3582 ἀτιμίαν
831 3512 896 3564 τῶν
918 3511 971 3564 νῦν
995 3498 1086 3588 ψυχῇ
1108 3499 1314 3584 τιμωμένων,
1350 3497 1441 3567 ὃνέν

317 3602 430 3680 ἀλλοις
462 3601 568 3687 δίιμεν
596 3603 771 3686 έπιπλέον,
806 3606 824 3670 ὁ
853 3604 890 3672 δέ
920 3606 1084 3672 διδάσκων
1105 3605 1163 3672 καί
1192 3606 1441 3696 ἀναμιμνήσκων

317 3709 374 3796 τὴν
398 3709 506 3798 ψυχὴν
528 3701 597 3776 οἷον
620 3722 679 3776 τοῦ
701 3711 809 3796 γένους
831 3710 889 3778 καὶ
911 3725 969 3801 τῆς
985 3709 1089 3794 ἀξίας,
1113 3709 1149 3790 ὃς
1171 3711 1332 3801 πρότερός
1355 3712 1442 3780 ἐστιν

318 3811 441 3880 ἐκείνου
479 3815 537 3881 καὶ
575 3816 795 3905 σαφηνισθεὶς
823 3818 970 3884 κάκεῖνον
1005 3820 1159 3908 δηλώσει·
1204 3819 1283 3908 περὶ
1318 3815 1359 3885 οὗ
1390 3830 1442 3884 νῦν

318 3919 461 3988 λεκτέον.Ι

383 4027 420 4102 ¹a.
440 4045 578 4101 Consimili
597 4064 676 4101 sensu
693 4051 710 4114 ἡ
729 4050 820 4121 τόλμα
839 4049 937 4102 dieitur
954 4048 1021 4103 Enu.
1040 4050 1068 4102 Π
1086 4052 1111 4117 9,
1131 4051 1173 4118 11,
1193 4053 1225 4104 ut
1244 4067 1311 4120 quae
1330 4051 1441 4105 animum

319 4133 442 4202 primitus
463 4135 598 4188 seduxerit
616 4139 696 4205 atque
715 4139 748 4189 ut
760 4137 917 4206 principium
936 4154 1013 4191 suum
1027 4138 1160 4192 desereret
1177 4139 1320 4209 impulerit.
1346 4139 1440 4193 Eodem

319 4239 398 4276 sensu
416 4223 538 4278 Plutonis
557 4224 630 4278 loeus
648 4224 732 4278 Aloib.
752 4225 766 4278 Ι
786 4225 870 4280 104Ε
893 4227 926 4279 eb
950 4227 1140 4297 interpretibus
1158 4227 1357 4298 Neopletouiois
1381 4227 1442 4281 roei·

319 4309 400 4378 pitur,
420 4313 466 4365 ubi
485 4316 574 4366 tamen
592 4313 656 4366 haec
674 4314 743 4366 voois
760 4317 852 4383 τόλμα
872 4313 1029 4383 signifios'tio
1048 4316 1082 4369 ud
1100 4316 1280 4385 Pythagoreos
1299 4319 1440 4380 revosetur,

318 4398 401 4451 Prool.
429 4400 500 4456 Plat.
524 4399 608 4456 Aleib.
634 4420 660 4472 p.
680 4403 745 4468 134;
771 4400 948 4480 Olympiodor.
972 4405 1042 4459 Plat.
1061 4403 1146 4460 Aleib.
1173 4423 1198 4475 p.
1221 4404 1258 4458 48
1277 4403 1368 4459 Creuz.
1405 4402 1441 4459 Gi.
