3146 4982
614 337 690 392 Philo
707 339 827 394 Ιαάοειιε.
1229 341 1281 404 ἀθί

158 491 253 544 Mundi
271 491 339 562 Opis.
358 493 392 546 51
419 511 444 564 p.
464 495 498 548 35
524 507 579 557 πᾶς
606 501 753 568 ἀνθρωπος
771 501 841 553 κατά
859 501 913 572 μὲν
932 503 980 568 τὴν
1000 501 1131 556 διάνοιαν
1148 501 1281 572 ᾠκείωται

157 587 227 650 θείῳ
246 584 325 651 λόγῳ,
346 591 391 649 τῆς
408 589 547 654 μακαρίας
562 587 671 656 φάσεως
685 589 833 658 ἐκμαγεῖον
847 592 863 654 ἢ
877 591 1058 662 ἀπόσπασμα
1073 595 1089 658 ἢ
1103 593 1281 664 ἀπαύγασμα

159 672 284 739 γεγονώς.
324 669 604 734 Qu.Dot.Pot.1ns.
624 675 659 728 24
684 692 710 744 p.
730 675 783 730 209
814 687 871 738 πῶς
897 675 946 730 οὖν
970 681 1041 740 εἰκὸς
1064 682 1170 754 βραχὺν
1197 683 1282 742 οὕτως

158 761 226 812 όντα
246 761 295 812 τὸν
314 761 491 832 ἀνθρώπινον
509 771 588 826 νοῦν,
612 766 729 834 μήνιγγι
748 769 764 831 ἢ
781 765 895 838 καράίςι,
915 771 1047 838 βραχέσιν
1066 773 1165 838 ὄγκοις,
1184 771 1281 839 ἔγκατ-

157 849 324 919 ειλημμένον
345 851 466 919 μέγεθος
491 851 611 924 οὐρανοῦ
627 856 675 904 καὶ
692 854 802 925 κόσμου
817 863 945 926 χωρῆσαι
966 867 1114 922 τοσοῦτον,
1140 861 1165 912 εἰ
1181 859 1222 929 μὴ
1236 867 1281 924 τῆς

158 940 239 995 θείας
256 939 304 990 καὶ
323 937 491 1010 εὐδαίμονος
511 947 601 1010 ψυχῆς
616 941 797 1013 ἀπόσπασμα
816 941 849 1009 ἢν
864 946 897 996 οὐ
910 944 1070 1019 όιαίρετονχ
1085 950 1214 1018 τέμνεται
1227 949 1281 1019 γάρ

159 1024 241 1078 οὐδὲν
259 1033 309 1078 τοῦ
327 1029 407 1079 θείου
425 1023 488 1080 κατ’
506 1029 670 1101 ἀπάρτησιν,
691 1032 760 1083 ἀλλά
778 1033 868 1102 μόνον
886 1034 1037 1088 ἐκτείνεται.
1075 1033 1115 1087 De
1133 1051 1239 1104 corpore
1253 1039 1281 1088 et

157 1111 213 1164 vita
242 1111 270 1166 in
299 1129 404 1182 corpore
434 1131 536 1185 semper
564 1133 624 1170 oum
655 1117 748 1172 ultimo
776 1121 929 1190 contemptu
957 1121 1090 1191 loquitur:
1121 1121 1161 1176 De
1179 1121 1278 1178 Ebriet.

156 1199 192 1254 25
217 1217 243 1269 p.
272 1201 337 1266 3723
362 1201 423 1270 Leg.
448 1201 533 1272 Alleg.
557 1205 571 1257 I
594 1205 630 1259 33
652 1223 678 1276 p.
698 1207 747 1272 65;
771 1207 812 1260 lII
831 1208 865 1263 13
874 1224 913 1279 sq.
937 1227 962 1279 p.
988 1209 1086 1280 95sq.;
1110 1210 1149 1264 De
1173 1209 1279 1279 ἀπίεται.

159 1287 223 1358 θεη.
252 1305 277 1358 p.
302 1289 355 1344 266
365 1307 403 1359 sq.
440 1291 512 1346 Mors
537 1293 603 1346 nihil
628 1297 670 1348 εει
688 1295 740 1349 nisi
764 1297 866 1350 reditus
891 1298 924 1350 ad
951 1298 1040 1352 deum:
1068 1298 1108 1352 De
1126 1297 1224 1353 Abrah.
1243 1299 1279 1352 44
1306 1309 1364 1341 ⁰¹⁰¹!

157 1393 182 1446 p.
201 1377 245 1432 37.

105 1569 148 1610 τοι
226 1554 317 1634 Quod
340 1555 427 1620 Deus
450 1557 582 1622 Immut.
609 1567 649 1624 10
673 1581 702 1643 p.
728 1568 801 1626 279.
846 1550 1034 1649 Ἐξαίρετον
1058 1558 1150 1641 οὗτος
1173 1565 1205 1650 (ὁ
1221 1562 1278 1629 ἀν·
1305 1563 1434 1658 fflfgffi'

158 1661 309 1745 θρωπος)
334 1660 429 1749 γέρας
453 1658 561 1745 ἔλαχε,
585 1664 734 1731 διάνοιαν
741 1717 749 1746 ,
771 1650 793 1754 ᾗ
815 1669 875 1744 τάς
898 1667 1054 1733 ἀπάντων
1076 1670 1190 1757 φάσεις
1213 1693 1277 1735 σω-

157 1766 269 1847 μάτων
298 1790 334 1832 τε
364 1767 445 1850 ὁμοῦ
480 1767 538 1834 καί
569 1768 772 1858 πραγμάτων
801 1769 902 1838 ε’ίωθε
931 1775 1203 1858 καταλαμβάνειν.
1234 1813 1278 1822 --

78 1875 83 1886 ’
158 1883 253 1937 τοῦτο
276 1885 334 1960 της
358 1885 464 1962 ψυχῆς
486 1877 524 1940 τὸ
547 1867 632 1954 εἶδος
656 1875 714 1942 οάκ
745 1875 782 1942 ἐκ
804 1891 869 1942 τῶν
900 1878 1006 1944 αὐτῶν
1029 1879 1206 1962 στοιχείων,
1242 1881 1277 1960 ἐξ
1322 1899 1412 1941 divinus

156 1973 202 2042 ὧν
231 1980 273 2042 τὰ
302 1978 388 2043 άλλα
417 1980 622 2062 ἀπετελεῖτο,
656 1981 860 2071 όιεπλάσθη,
896 1983 1135 2072 καθαρωτέρας
1162 1985 1198 2052 δέ
1221 1985 1278 2051 καὶ

158 2081 323 2166 ἀμείνονος
347 2081 441 2166 ἔλαχε
463 2098 520 2174 της
536 2085 658 2168 οάσίας,
683 2088 718 2166 ἐξ
740 2084 778 2176 ἧς
802 2085 838 2154 αἱ
853 2091 947 2154 θεῖαι
971 2091 1084 2177 φάσεις
1107 2090 1278 2180 ἕδημιουρ-
1402 2167 1404 2170 .

156 2200 295 2274 210&va
342 2181 428 2279 παρ’
451 2189 469 2258 ὃ
491 2192 549 2258 καὶ
578 2193 676 2276 μόνον
698 2207 762 2258 τῶν
786 2193 819 2260 έν
841 2197 918 2282 ημῖν
947 2192 1079 2274 εἰκότως
1103 2195 1277 2285 ἄφθαρτον
1304 2216 1435 2258 immortalis

158 2293 266 2376 έόοξεν
298 2290 382 2363 εἶναι
418 2299 556 2364 διάνοια.
595 2299 705 2391 μόνηνι
727 2301 787 2387 γὰρ
819 2299 917 2390 αὐτὴν
946 2302 1137 2390 ὁγεννήσας
1166 2306 1277 2392 πατὴρ

158 2401 346 2490 ἐλευθερίας
374 2402 491 2492 ἠξίωσε
518 2403 576 2470 καὶ
605 2407 646 2470 τά
676 2418 733 2492 τῆς
756 2405 896 2495 ἀνάγκης
925 2406 1011 2484 ἀνείς
1035 2409 1136 2491 όεομά
1159 2407 1279 2497 ἀφετον

157 2505 261 2591 εἴασε,
296 2510 524 2598 δωρησάμενος
554 2510 637 2601 αὐτῇ
668 2523 726 2577 τοῦ
757 2513 1034 2599 πρεπωδεστάτου
1070 2513 1128 2579 καὶ
1157 2511 1276 2580 οἰκείου

158 2617 322 2702 κτήματος
339 2615 430 2703 αὕτη]
445 2627 503 2682 τοῦ
518 2614 666 2683 ἑκουσίου
682 2621 810 2706 μοῖραν,
832 2615 871 2707 ἣν
893 2617 1031 2708 ἠδύνατο
1048 2618 1221 2699 δέξασθαι.
1235 2657 1278 2668 -·-

157 2735 223 2785 των
255 2720 314 2804 μέν
347 2723 409 2809 γάρ
441 2721 548 2787 ἀλλων
578 2737 688 2812 φυτῶν
718 2723 832 2790 τεκαὶ
855 2720 946 2812 ζηίων
970 2723 1041 2790 οἰίτε
1064 2721 1275 2813 αίεάφορίαι
1302 2745 1359 2788 liber

158 2825 331 2893 ἐπαινεταὶ
361 2825 433 2894 οὔτε
460 2825 496 2894 αλ
525 2827 753 2916 κακοπραγίαι
784 2828 925 2917 ψεκταί·
960 2833 1019 2909 τὰς
1041 2833 1101 2920 γὰρ
1126 2821 1182 2920 ἀφ’
1201 2829 1278 2897 έκά-

158 2959 235 3021 τερα
265 2935 405 3022 κινήσεις
435 2935 492 3001 καὶ
520 2936 705 3020 μεταβολάς
743 2935 983 3024 ἀπροαιρέτους
1014 2936 1072 3002 καὶ
1108 2934 1277 3014 ἀκουσίους

158 3037 291 3126 έλαβον·
314 3043 395 3130 μόνη
420 3042 456 3108 όέ
478 3043 497 3130 ἡ
520 3041 700 3129 ἀνθρώπου
725 3045 812 3132 ψυχὴ
828 3031 985 3131 δεξαμένη
1008 3045 1103 3130 παρὰ
1125 3049 1206 3108 θεοῦ
1221 3045 1278 3132 τὴν

157 3145 303 3214 έκοάσιον
325 3147 449 3237 κίνησιν
471 3148 529 3214 καί
551 3151 637 3214 κατὰ
660 3159 756 3216 τοῦτο
780 3150 982 3232 ὁμοιωθεῖσα
1002 3149 1104 3236 αὐτῷ,
1133 3151 1278 3237 χαλεπῆς

157 3255 215 3320 καί
239 3255 488 3343 ἀργαλεωτάτης
518 3252 708 3343 δεσποίνης,
744 3267 801 3344 της
825 3255 981 3344 ἀνάγκης,
1014 3257 1059 3334 ὡς
1088 3246 1155 3321 οἷόν
1185 3253 1279 3344 τεῆν

157 3360 419 3449 ε’λευθερωθεῖοα
435 3358 633 3450 κατηγορίας
658 3361 697 3426 ἀν
713 3362 848 3440 δεόντως
863 3363 1021 3446 τυγχάνοι,
1046 3363 1097 3428 ὅτι
1119 3364 1175 3428 τὸν
1190 3360 1278 3426 ε’λεο-

157 3469 351 3554 θερώσαντα
386 3467 422 3534 οά
452 3467 613 3556 περιέπει.
653 3468 822 3556 τοιγάρτοι
849 3470 906 3556 τὴν
928 3470 1014 3534 κατὰ
1049 3465 1277 3555 ἀπελευθέρων

156 3571 341 3661 ἀχαρίστων
364 3571 592 3662 ἀπαραίτητον
608 3571 701 3662 δίκην
724 3572 893 3660 ὀρθότατα
916 3571 1027 3640 τίσειά.
1047 3612 1088 3622 -
1103 3571 1276 3661 εἰργάσατο

157 3682 219 3766 γὰρ
250 3679 281 3763 (ὁ
304 3681 394 3764 θεὸς)
426 3679 523 3745 αὐτὸν
557 3681 624 3764 (τόν
653 3679 845 3766 ἄνθρωπον)
876 3678 995 3767 ἀφετον
1024 3678 1082 3745 καὶ
1105 3679 1275 3768 ἐλεύθερον

157 3783 319 3863 ἑκουσίοις
342 3785 400 3851 καὶ
423 3789 673 3872 προαιρετικαῖς
686 3785 885 3874 χρησάμενον
907 3789 982 3864 ταῖς
1006 3783 1177 3873 ἐνεργείαις
1193 3789 1277 3872 πρὸς

155 3891 249 3979 τήνόε
280 3893 337 3980 τὴν
363 3889 489 3976 χρείαν,
520 3893 574 3956 ἵνα
607 3890 823 3974 ἐπιστάμενος
852 3891 966 3976 ἀγαθά
989 3915 1024 3956 τε
1047 3889 1088 3956 αὖ
1110 3891 1168 3958 καὶ
1191 3895 1277 3958 κακά

158 3997 215 4062 καί
238 3997 348 4062 καλῶν
377 3995 436 4062 καί
460 3993 600 4084 αἰσχρῶν
630 3998 804 4081 λαμβάνων
827 3994 951 4064 έννοιαν
974 3996 1031 4064 καὶ
1055 3995 1198 4094 δικαίοις
1220 3997 1278 4064 καὶ

156 4101 286 4181 ἀδίκοις
308 4102 366 4168 καί
390 4103 472 4180 ὅλως
495 4107 565 4180 τοῖς
588 4092 652 4168 ἀπ’
672 4103 785 4191 ἀρετῆς
808 4103 866 4169 καὶ
889 4101 1008 4181 κακίας
1024 4109 1183 4191 καθαρῶς
1200 4103 1276 4168 έπι-

155 4211 287 4294 βάλλων
317 4205 441 4296 αἱρέσει
470 4208 529 4292 μέν
559 4221 623 4274 τῶν
654 4209 842 4292 ἀμεινόνων,
867 4209 955 4298 φυγῇ
978 4208 1014 4275 δέ
1037 4223 1102 4274 τῶν
1124 4207 1277 4276 ἐναντίων

154 4326 301 4405 χρηιαιθ.

229 4453 257 4494 τι.
278 4439 316 4494 ef.
335 4445 379 4494 R?
397 4441 458 4496 494.

212 4544 268 4584 κιο,
285 4544 345 4584 τευ.
373 4544 414 4586 ιω,
428 4545 476 4587 vn.
