3146 4982
305 315 360 379 484
717 319 829 392 Seeptiei
848 319 1012 374 roeentioree.

306 481 529 569 καταλήγομεν
558 476 605 557 εἰς
635 478 763 567 ἐποχήν.
813 489 886 546 166.
917 479 935 545 6
965 478 1002 545 δέ
1031 478 1100 545 ἀπὸ
1128 491 1186 566 της
1215 474 1262 556 εἰς
1292 476 1432 564 άπειρον

307 583 501 664 ἐκπτιόσεώς
524 585 611 652 ἐστιν
641 583 674 652 ἐν
696 569 723 672 ᾧ
746 587 785 651 τὸ
808 585 982 674 φερόμενον
1005 581 1053 663 εἷς
1082 582 1197 651 πίστιν
1225 595 1284 650 τοῦ
1306 607 1430 671 προτε-

306 691 421 772 θέντος
454 691 650 780 πράγματος
678 689 823 770 πίστεως
853 689 966 780 ἐτέρας
987 686 1115 780 χρῄζειν
1144 689 1277 776 λέγομεν
1298 689 1431 756 κάκεῖνο

306 799 406 888 άλλης
428 798 486 866 καὶ
507 798 619 887 μέχρις
641 795 788 886 ἀπείρου,
811 799 856 878 ὡς
877 801 922 887 μι)
938 797 1073 880 ἐχόντων
1096 799 1185 886 ἡμῶν
1201 797 1308 864 πόθεν
1330 797 1431 886 ἀρξό-

305 911 395 988 μεθα
427 918 485 994 της
514 917 716 993 κατασκευης
744 907 802 994 τὴν
831 904 951 994 ἐποχὴν
980 905 1182 972 ἀκολουθεῖν.
1237 915 1309 972 167.
1340 905 1358 970 6
1393 903 1432 970 δέ

306 1011 375 1078 ἀπὸ
405 1023 463 1078 τοῦ
494 1011 579 1099 πρός
601 1035 652 1092 τι,
683 1012 800 1090 καθὼς
823 1013 1071 1100 προειρήκαμεν,
1095 1010 1129 1078 ἐν
1151 995 1179 1098 ᾦ
1202 1013 1287 1098 πρὸς
1307 1009 1368 1094 μέν
1391 1012 1431 1077 τὸ

306 1124 413 1206 κρῖνον
436 1117 492 1184 καὶ
518 1121 558 1183 τὰ
581 1118 847 1206 συνθεωρούμενα
870 1121 959 1184 τοῖον
974 1119 994 1207 ἢ
1009 1122 1098 1185 τοῖον
1113 1115 1266 1206 φαίνεται
1288 1119 1327 1184 τὸ
1344 1118 1431 1183 ὑπο-

306 1223 457 1309 κείμενον,
490 1226 608 1292 ὁποῖον
631 1223 668 1291 δέ
691 1220 760 1290 έστι
785 1227 869 1312 πρὸς
891 1225 949 1314 τὴν
971 1226 1068 1314 φύσιν
1090 1223 1254 1308 ἐπέχομεν.
1304 1233 1376 1292 168.
1412 1225 1431 1290 6

307 1331 343 1397 δέ
370 1331 405 1411 ἐξ
439 1329 630 1409 όποθέσεώς
665 1330 754 1398 ἐστιν
784 1331 862 1398 ὅταν
892 1327 938 1410 εἰς
968 1331 1105 1418 άπειρον
1135 1327 1366 1416 ἐκβαλλόμενοι
1397 1325 1431 1396 οἱ

307 1437 499 1522 δογματικοὶ
522 1437 591 1504 ἀπό
614 1461 702 1516 τινος
724 1437 886 1524 ἄρξωνται
910 1434 928 1502 ὃ
951 1435 987 1504 οὐ
1011 1437 1316 1518 κατασκευάζουσιν,
1348 1424 1428 1501 ἀλλ’

307 1544 423 1622 ἁπλῶς
438 1543 495 1609 καὶ
511 1541 757 1622 ἀναποδείκτως
772 1546 858 1609 κατὰ
870 1543 1069 1633 συγχώρησιν
1084 1543 1259 1628 λαμβάνειν
1273 1541 1431 1622 ἀξιοῦσιν.

310 1660 382 1716 169.
407 1651 425 1714 6
448 1648 485 1716 δέ
507 1649 681 1739 διάλληλσς
703 1651 827 1738 τρόπος
843 1648 1034 1716 συνίσταται
1058 1651 1136 1716 ὅταν
1159 1651 1197 1716 τδ
1220 1647 1351 1738 ἀφεῖλον
1373 1658 1433 1714 τοῦ

308 1755 499 1844 ζητουμένου
523 1756 718 1844 πράγματος
746 1749 830 1823 εἶναι
854 1758 1070 1841 βεβαιωτικὸν
1090 1753 1200 1844 χρείαν
1229 1751 1283 1845 ἐχη
1312 1767 1370 1844 της
1394 1753 1433 1820 ἐκ

307 1874 365 1929 τοῦ
395 1861 588 1951 ζητουμένου
619 1861 778 1941 πίστεως·
814 1859 897 1929 ένθα
920 1862 1095 1953 μηδέτερον
1125 1863 1294 1946 δυνάμενοι
1318 1862 1433 1946 λαβεῖν

308 1971 392 2057 πρὸς
415 1973 616 2058 κατασκευὴν
639 1969 783 2054 θατέρου
807 1969 885 2056 περὶ
908 1969 1099 2058 ἀμφοτέρων
1121 1968 1287 2052 ἐπέχομεν.

380 2127 407 2169 κ.
424 2112 594 2166 Reeeutiores
619 2111 751 2182 Sceptieoe
775 2127 840 2181 ques
867 2111 939 2166 dieat
963 2129 986 2166 v.
1005 2117 1049 2164 lt?
1067 2113 1150 2166 476ε.
1187 2111 1263 2179 Diog.
1289 2111 1328 2164 IX
1346 2111 1432 2180 eesq.

308 2203 356 2256 hee
377 2202 556 2256 dubitationes
576 2201 672 2254 tribuit
691 2200 832 2270 Agrippae,
852 2201 884 2255 de
903 2218 955 2271 quo
973 2201 1124 2270 ceteroquin
1143 2201 1272 2254 ineertum
1290 2202 1339 2253 est.

137 2391 280 2486 receptiorem
378 2381 462 2446 Sext.
479 2379 591 2462 Pyrrh.
606 2379 623 2443 I
641 2385 713 2444 178.
760 2377 991 2464 Παραδιδόασι
1007 2376 1044 2444 δὲ
1067 2375 1111 2462 (οἳ
1128 2378 1274 2464 νεώτεροι
1287 2383 1484 2444 §marc-ua

196 2456 223 2486 ω
309 2485 374 2570 καὶ)
407 2483 464 2550 καὶ
494 2485 551 2550 δάο
581 2483 724 2571 τρόπους
757 2483 879 2571 ἐποχῆς
908 2481 1043 2571 ἑτέρους.
1094 2483 1169 2550 ἐπεὶ
1203 2487 1262 2572 γὰρ
1294 2495 1363 2548 πᾶν
1393 2486 1433 2550 τὸ

309 2591 641 2675 καταλαμβανόμενον
663 2587 735 2678 ἤτοι
759 2588 794 2668 ἐξ
818 2586 935 2656 ἑαυτοῦ
956 2589 1275 2674 καταλαμβάνεσθαι
1299 2591 1389 2656 δοκεῖ
1411 2591 1434 2678 ἢ

310 2699 345 2778 ἐξ
368 2695 477 2785 ἐτέρου
501 2696 803 2780 καταλαμβάνεται,
838 2698 896 2784 τὴν
926 2696 1004 2784 περὶ
1034 2696 1167 2762 πάντιον
1196 2694 1341 2785 ἀπορίαν
1364 2694 1433 2763 εἶσ-

310 2806 398 2890 άγειν
420 2805 582 2870 δοκοῦσιν.
606 2801 663 2868 καὶ
687 2803 738 2868 ότι
761 2802 821 2886 μέν
836 2802 928 2869 οὐδέν
951 2802 986 2882 ἐξ
1002 2800 1118 2870 ἑαυτοῦ
1132 2804 1434 2888 καταλαμβάνεται,

310 2907 404 3000 φασί,
428 2909 524 2998 δῆλον
547 2908 656 2998 ἕκτης
673 2907 875 2998 γεγενημένης
898 2910 993 2996 παρὰ
1022 2914 1092 2988 τοῖς
1114 2915 1265 2996 φυσικοῖς
1295 2907 1375 2997 περί
1397 2935 1434 2977 τε

289 3030 375 3082 πῶν
399 3013 568 3103 αἰσθητῶν
591 3014 648 3080 καὶ
672 3029 737 3081 τῶν
759 3029 882 3104 νοητῶν
905 3016 1073 3096 ἁπάντων,
1098 3007 1207 3100 οἶμαι,
1239 3013 1434 3104 διαφωνίας,

310 3121 330 3211 ἢ
360 3123 399 3210 δὴ
429 3119 637 3209 άνεπίκριτός
667 3120 736 3187 ἐστι
765 3124 810 3210 μὴ
840 3121 1023 3206 δυναμένων
1052 3124 1141 3211 ἡμῶν
1169 3124 1250 3212 μήτε
1279 3120 1435 3212 αἰσθητῷ

310 3230 393 3317 μήτε
409 3229 514 3317 νοητηῖ
531 3224 689 3316 κριτηρίηι
703 3236 848 3316 χρῆσθαι
865 3229 921 3294 διὰ
937 3229 974 3294 τό
991 3241 1070 3310 πᾶν,
1093 3230 1196 3316 ὅσπερ
1219 3230 1258 3294 ἀν
1273 3229 1434 3314 λάβωμεν,

312 3335 454 3400 άπιστον
488 3328 570 3400 εἶναι
605 3335 894 3423 διαπεφωνημέυον
913 3333 1022 3420 <όν>λ
1075 3347 1147 3404 179.
1177 3337 1233 3402 διὰ
1267 3334 1305 3400 δέ
1338 3345 1436 3402 τοῦτο

313 3431 384 3508 οὐδ’
403 3440 439 3521 ἐξ
462 3438 571 3528 ἐτέρου
596 3465 628 3506 τι
652 3441 969 3524 καταλαμβάνεσθαι
993 3451 1215 3528 συγχωροῦσιν.
1245 3437 1275 3508 εἱ
1297 3440 1357 3525 μὲν
1372 3443 1435 3531 γάρ

313 3549 350 3614 τό
374 3546 409 3626 ἐξ
433 3542 472 3613 οὗ
492 3572 525 3612 τι
549 3546 838 3630 καταλαμβάνεται
862 3546 912 3612 ἀεὶ
936 3545 971 3626 ἐξ
988 3545 1096 3636 ἐτέρου
1113 3547 1435 3632 καταλαμβάνεσθαι

313 3655 428 3742 δεήσει,
452 3650 498 3732 εἰς
520 3655 576 3720 τὸν
599 3653 772 3742 διάλληλον
795 3655 814 3741 ἢ
835 3655 890 3720 τόν
905 3653 1044 3742 άπειρον
1059 3654 1258 3740 ἐμβάλλουσι
1280 3654 1435 3742 τρόπον’.

385 3811 412 3854 a.
433 3795 498 3861 Quis
522 3796 652 3849 invenerit
676 3795 725 3848 hee
749 3795 945 3850 dubitationum
968 3797 1093 3850 formulas
1112 3813 1141 3850 ex
1161 3796 1276 3850 secunde
1293 3799 1322 3850 et
1339 3797 1436 3866 quinta

312 3885 445 3955 Agrippae
463 3885 591 3954 repetitae
611 3885 763 3952 ignoratum
780 3884 892 3938 fortusse
910 3885 1076 3952 Menedetus‚
1095 3886 1127 3940 de
1140 3886 1220 3940 euius
1238 3885 1353 3955 placitis,
1371 3886 1436 3940 lieet

295 3976 472 4028 ‹memoretur
490 3973 560 4026 inter
579 3972 718 4043 Seeptiees,
737 3979 781 4026 BP
800 3974 854 4028 474
862 3990 886 4040 ε,
906 3977 993 4027 temen
1012 3975 1159 4028 aecurutiue
1178 3991 1230 4028 non
1248 3977 1361 4028 eonstet

382 4152 465 4216 Sext.
489 4150 591 4214 Math.
614 4149 662 4214 IX
686 4159 759 4216 207.
809 4150 854 4214 T6
879 4146 986 4216 αἴτιον
1009 4147 1122 4230 τοίνυν,
1146 4148 1249 4238 φασίν
1270 4147 1323 4237 (οἱ
1346 4149 1484 4215 ἀπο-479

314 4253 467 4344 ρητικοί),
503 4269 568 4320 τῶν
601 4256 686 4343 πρός
720 4280 753 4320 τι
786 4253 889 4320 ἐστίν·
925 4256 1010 4335 τινὸς
1041 4261 1101 4344 γάρ
1133 4253 1221 4323 ἐστιν
1244 4253 1431 4323 αἴτιονκαὶ

305 4453 308 4460 »
386 4433 413 4496 1)
432 4436 464 4484 ο
482 4432 541 4486 ιω.
561 4433 648 4504 Apelt.
