3156 4988
300 325 355 387 304
776 325 943 380 Aristoteles.

165 507 275 548 securene
368 489 414 552 Γο.
431 496 460 553 5.
478 485 539 552 26Β
556 493 608 552 34.
634 473 742 552 ’Ὀταν
757 483 794 550 δὲ
809 487 847 552 τὸ
870 484 950 550 αὐτὸ
965 486 1014 570 τῷ
1027 483 1087 567 μὲν
1102 482 1205 550 παντὶ
1227 481 1274 570 τῷ
1297 483 1334 550 δὲ
1355 508 1419 572 μη·
1430 503 1499 544 socc

299 593 367 660 όενὶ
390 592 531 680 ύιτύρχῃ,
556 594 577 680 ἢ
600 589 742 680 ἑκατέρην
770 591 872 657 παντὶ
895 593 915 680 ἢ
937 588 1064 679 μηδενί,
1098 592 1136 658 τὸ
1165 589 1225 674 μὲν
1253 602 1360 678 σχῆμα
1382 592 1420 656 τὸ

301 711 447 768 τοιοῦτον
469 699 561 764 καλῶ
584 699 744 786 δεύτερον,
777 697 876 782 μέσον
905 697 942 763 δὲ
971 697 1004 763 ἓν
1034 695 1123 784 αύτῷ
1146 695 1228 782 λέγω
1256 698 1295 762 τό
1318 721 1420 785 κατη-

301 805 489 894 γορούμενον
518 805 650 894 ἀμφοῖν.
686 845 730 854 -
765 803 897 870 τίθεται
927 802 963 870 δὲ
991 805 1029 870 τὸ
1056 801 1154 886 μέσον
1184 799 1248 884 ἔξω
1274 801 1334 886 μὲν
1355 816 1421 868 τῶν

302 913 417 1000 ἄκρων,
442 926 572 1000 πρῶτον
594 910 631 978 δὲ
653 911 697 1002 τῇ
718 910 821 978 θέσει.
852 909 973 992 τέλειος
994 909 1054 994 μὲν
1077 907 1131 975 ούν
1153 908 1211 976 oda
1233 905 1327 976 ἔσται
1342 909 1420 975 σολ-
1459 979 1460 982 ,

300 1021 455 1105 λογισμὸς
482 1017 632 1102 οὐδαμῶς
662 1017 696 1084 ἐν
718 1018 822 1104 τούτῳ
845 1016 894 1104 τῷ
916 1018 1073 1106 σχήματι,
1109 1017 1244 1094 δυνατὸς
1274 1005 1307 1081 d>
1325 1011 1420 1082 ἔσται

198 1113 207 1126 ’
300 1125 358 1192 καὶ
380 1125 526 1192 καθόλου
550 1123 608 1190 καὶ
629 1126 675 1212 μὴ
698 1124 846 1190 καθόλου
869 1136 933 1188 τῶν
956 1123 1039 1208 όριον
1060 1119 1189 1188 devovi.

368 1321 415 1385 Ib.
434 1331 462 1386 6.
479 1328 541 1386 28²
558 1328 608 1386 10.
637 1311 712 1386 Ἐὰν
734 1317 770 1384 δὲ
792 1319 840 1406 τῷ
863 1317 952 1406 cinni
967 1319 1006 1384 τὸ
1028 1316 1087 1402 μὲν
1110 1315 1212 1382 παντὶ
1235 1318 1273 1382 τὸ
1296 1315 1333 1382 δὲ
1354 1335 1500 1404 pen-soen

300 1424 367 1492 deni
389 1425 526 1514 ὑπάρχῃ,
549 1427 570 1514 ἢ
592 1425 692 1513 ύμφιο
715 1423 818 1490 παντὶ
840 1425 860 1514 ἢ
881 1421 1002 1513 μηδενί,
1025 1422 1144 1506 τὸμὲν
1166 1437 1273 1512 σχῆμα
1295 1424 1334 1488 τὸ
1348 1446 1420 1488 τοι-

301 1542 393 1598 οῦτον
421 1532 513 1598 καλῶ
542 1528 667 1619 τρίτον,
701 1530 800 1614 μέσον
822 1519 856 1596 d'
874 1529 908 1598 ἐν
931 1529 1020 1618 αύτηῖ
1049 1529 1132 1615 λέγω
1155 1518 1239 1595 καθ’
1258 1523 1299 1596 ού
1318 1528 1420 1617 ύμφισ

300 1639 343 1702 τὰ
365 1637 643 1726 κατηγορούμενα,
679 1637 764 1726 ύκρα
788 1636 825 1702 δὲ
848 1639 890 1702 τὰ
913 1637 1182 1725 κατηγορούμενα.
1208 1675 1250 1684 -
1285 1631 1419 1702 τῖθεται

300 1741 337 1809 τὲ
359 1745 397 1808 τὸ
419 1741 518 1826 μέσον
540 1739 604 1823 ἔξω
626 1742 686 1827 μὲν
707 1757 771 1809 τῶν
794 1743 910 1831 ύίκρισν,
934 1740 1068 1824 ἔσχατον
1092 1741 1129 1810 δὲ
1151 1742 1193 1832 τῇ
1215 1740 1320 1809 θέσει.
1365 1741 1420 1808 τέ-

301 1848 386 1926 λειος
419 1849 478 1932 μὲν
512 1847 566 1916 οὖν
596 1848 634 1916 σύ
667 1847 809 1936 γίγνεται
844 1851 1058 1935 συλλογισμὸς
1086 1837 1157 1916 οὐδ’
1176 1847 1210 1915 ἐν
1239 1849 1342 1936 τούτῳ
1371 1847 1421 1936 τῷ

301 1956 450 2045 σχήματι,
474 1956 610 2034 δυνατὸς
625 1945 660 2021 d'
678 1953 772 2023 ἔσται
794 1955 853 2022 καὶ
875 1955 1022 2022 καθόλου
1045 1954 1102 2022 καὶ
1124 1959 1169 2044 μὴ
1192 1955 1339 2022 καθόλου
1355 1969 1422 2030 τῶν

301 2061 384 2150 όραιν
405 2059 506 2130 όντων
529 2063 613 2151 πρὸς
635 2065 673 2130 τὸ
695 2061 818 2146 μέσονθ.

372 2236 399 2278 a.
424 2221 525 2276 Gellius
543 2221 577 2276 N.
596 2221 628 2276 A.
643 2221 692 2276 XV
710 2223 746 2276 26
769 2223 838 2276 hanc
858 2222 1036 2276 definitionem
1060 2223 1098 2276 sic
1115 2223 1319 2292 interpretetur:
1338 2221 1420 2292 syllo-

299 2312 403 2379 cismns
422 2316 462 2364 esi
479 2311 576 2378 oratio,
594 2312 624 2365 ιἰι
642 2328 698 2381 qna
715 2313 856 2366 consensis
870 2311 1031 2380 quibusdem
1050 2317 1075 2366 st
1093 2312 1227 2366 concessis
1250 2310 1329 2364 alind
1350 2310 1421 2378 qnid

300 2415 380 2468 qnam
399 2415 467 2467 ηιιαο
486 2415 613 2454 concesso
636 2405 703 2455 sunt
724 2417 775 2468 per
794 2417 825 2454 eo
843 2416 916 2468 qnae
932 2416 1060 2454 concessa
1084 2406 1149 2454 sont
1167 2400 1320 2454 necessario
1339 2399 1420 2464 conli-

301 2489 379 2542 τύλαν.
409 2515 441 2524 -
469 2487 501 2541 Id
529 2489 598 2558 quod
625 2489 698 2544 iusta
724 2488 923 2542 ratiocinatione
941 2505 972 2542 ex
994 2489 1171 2558 propositione
1195 2491 1223 2541 et
1241 2487 1421 2557 assumptione

300 2576 434 2645 colligitur
452 2576 549 2630 dicitur
568 2581 766 2652 συμπέρασμα,
785 2576 861 2632 Anal.
880 2594 919 2648 pr.
938 2577 995 2631 19.
1014 2576 1172 2632 3022421.

371 2717 402 2776 b.
426 2716 503 2773 Anal.
521 2735 561 2788 pr.
580 2718 693 2772 1124b
708 2720 742 2772 16
761 2721 827 2794 ὅρον
845 2719 1007 2786 (terminum)
1026 2719 1058 2773 δὲ
1076 2722 1150 2772 καλῶ
1168 2722 1206 2778 εἰς
1225 2719 1256 2771 ὃν
1275 2719 1421 2771 διαλύεται

300 2809 481 2879 ἡπρύτασις,
511 2803 571 2861 οἷον
593 2809 625 2861 τό
649 2826 677 2862 τε
702 2810 942 2880 κατηγορούμενον
964 2812 1011 2862 καὶ
1035 2809 1067 2860 τό
1090 2803 1157 2860 καθ’
1176 2799 1209 2860 οὗ
1226 2812 1421 2880 κατηγορεῖται

299 2896 326 2950 h.
345 2912 368 2948 e.
393 2895 570 2965 praedicatum
595 2898 623 2948 et
641 2895 794 2950 subiectum.
832 2895 1056 2966 Pmpositionibus
1080 2895 1163 2962 igitur
1184 2895 1212 2947 in
1235 2895 1361 2947 terminos
1380 2909 1421 2947 so·
1473 2933 1478 2942 .
1570 2879 1575 2938 l

299 2983 366 3037 lutis
385 2983 503 3053 sequitur
521 2999 551 3036 ex
569 3000 599 3036 eo
617 2983 687 3052 quod
704 2983 831 3054 praecipit
849 2982 906 3038 cat.
925 2985 950 3037 5.
970 2984 1007 3038 3b
1025 2985 1056 3038 4:
1085 2985 1137 3038 ὅσα
1164 2983 1236 3036 κατὰ
1263 2993 1314 3036 τοῦ
1337 3002 1421 3048 κατη-

300 3077 474 3144 γορουμένου
501 3075 609 3141 λέγεται
636 3076 729 3126 πάντα
756 3078 802 3126 καὶ
829 3075 899 3127 κατὰ
927 3083 976 3126 τοῦ
996 3075 1176 3146 ὑποκειμένου
1202 3073 1359 3146 ῥηθήσεται,
1387 3073 1422 3124 ut

301 3159 424 3230 quicquid
443 3160 474 3213 de
492 3161 641 3230 praedicato
659 3161 757 3214 dicitur
775 3161 855 3214 etiem
873 3161 901 3214 in
919 3161 1066 3214 subiectum
1084 3161 1184 3214 valeat:
1203 3159 1273 3214 unde
1290 3159 1343 3212 iam
1356 3176 1422 3229 qno-

299 3249 375 3302 mcdo
394 3249 524 3304 conclusio
542 3248 591 3303 fiet
608 3253 725 3319 apparet.
762 3249 885 3320 Exemplo
910 3251 965 3304 sint
987 3250 1065 3303 heec:
1093 3248 1189 3304 Omnes
1206 3247 1326 3302 homines
1354 3251 1422 3304 sunt

298 3337 431 3402 mortales,
451 3334 532 3390 Gaius
551 3339 594 3390 est
611 3337 696 3404 homo,
715 3355 777 3408 ergo
796 3336 878 3392 Gaius
895 3338 1016 3392 mortalis
1035 3341 1084 3392 est.

370 3473 397 3515 c·
422 3459 460 3514 cf.
479 3459 556 3514 Auel.
570 3477 609 3530 pr.
628 3461 642 3513 I
660 3462 703 3515 32.
723 3461 778 3514 47⁵
797 3463 831 3516 38
855 3467 945 3534 μέσον
969 3463 1001 3516 ds
1025 3467 1124 3516 θετέον
1148 3473 1201 3514 τῶν
1226 3463 1296 3534 ὅρων
1322 3463 1370 3514 τὸν
1389 3463 1421 3515 ἐν

300 3551 472 3623 ἀμφοτέραις
499 3556 559 3610 ταῖς
585 3553 737 3623 προτάσεσι
764 3552 920 3623 λεγόμενον.
958 3545 1043 3622 ’Ἄκρα
1071 3553 1135 3603 sunt
1161 3549 1268 3604 termini
1294 3549 1420 3602 extremi:

300 3654 409 3706 quorum
442 3637 510 3691 alter
545 3638 590 3707 qui
624 3638 738 3708 reliquas
762 3638 881 3692 notiones
907 3641 1041 3709 tamquam
1072 3639 1203 3692 subiectas
1236 3637 1421 3707 complectitur

299 3725 397 3778 dicitur
414 3727 514 3792 maior,
534 3727 602 3778 alter
620 3727 665 3796 qui
684 3727 821 3794 angustior
839 3728 985 3798 ceterisque
1004 3728 1079 3796 quasi
1098 3727 1233 3780 subiectus
1252 3729 1301 3792 est,
1321 3727 1420 3779 minor.

370 3865 400 3921 (l.
426 3865 558 3919 Secundae
582 3865 682 3934 figurae
707 3867 852 3936 exemplum
876 3871 933 3920 esto
957 3867 1019 3921 hoc:
1048 3866 1181 3937 Quidquid
1199 3866 1264 3920 vivit
1290 3869 1420 3932 movetur,

297 3955 388 4008 nullus
406 3955 475 4024 lepis
493 3957 619 4019 movetur,
639 3971 700 4022 ergo
718 3955 808 4008 nullus
826 3955 894 4025 lepis
912 3955 985 4009 vivit.
1005 3984 1038 3993 -
1058 3955 1181 4009 Ceterum
1200 3954 1231 4008 cf.
1250 3953 1328 4008 Auel.
1347 3970 1386 4023 pr.
1404 3953 1420 4006 I

298 4041 324 4098 5.
344 4045 396 4097 28²
415 4043 433 4096 4
452 4044 536 4110 δῆλον
554 4043 586 4096 δὲ
605 4044 647 4096 ὃτι
667 4045 699 4096 ού
717 4049 844 4113 γίγνεται
862 4047 1049 4115 καταφατικός
1075 4045 1261 4116 συλλογισμός
1286 4043 1335 4096 ont
1356 4045 1419 4095 τού-

299 4151 349 4185 του
367 4141 416 4185 τοῦ
435 4133 584 4203 σχήματος,
605 4133 674 4184 ἀλλὰ
693 4135 793 4193 πάντες
812 4137 962 4207 στερητικαὶ
986 4136 1032 4185 καὶ
1052 4136 1079 4185 οἱ
1096 4134 1219 4186 καθόλου
1236 4136 1283 4184 καὶ
1303 4133 1416 4184 οἱκατὰ

297 4225 387 4294 μέρος.

370 4355 397 4396 c.
422 4341 454 4395 In
472 4343 521 4395 hec
538 4341 624 4410 figure
642 4343 770 4396 terminus
794 4343 895 4396 medius
921 4345 949 4396 et
967 4343 1153 4412 propositionis
1177 4346 1205 4396 et
1229 4342 1417 4413 assumptionis

299 4430 447 4500 praedicato
471 4431 608 4499 angustior
634 4435 676 4486 est
704 4435 732 4484 et
758 4432 786 4486 in
813 4432 896 4485 trium
921 4432 1056 4486 notionum
1082 4432 1171 4486 ordine
1190 4432 1313 4486 ultimum
1332 4431 1416 4484 locum
