3146 4982
683 341 787 410 Logiea.
1247 343 1301 404 405

175 513 261 568 nequa
280 500 314 552 τὸ
333 502 433 566 νοητά,
463 516 529 570 quaa
555 503 619 554 sunt
641 503 768 571 tanquam
792 502 919 570 imagines
944 519 1033 558 rerum
1059 505 1171 558 arebus
1188 504 1255 574 ipsis
1272 505 1301 558 in
1366 504 1369 508 ’

175 586 264 639 animo
282 585 454 640 adumbratae
472 590 526 654 (BP
544 589 612 656 392;
631 590 703 654 397),
741 590 791 643 Est
813 591 897 660 igitur
921 594 953 644 τὸ
976 594 1069 648 λεκτὸν
1091 593 1206 647 medium
1230 593 1301 646 inter

175 675 325 744 cogitatum
349 678 377 729 et
404 693 472 742 rem,
497 695 521 732 v.
541 676 661 733 Ammon.
688 678 722 731 ad
740 677 823 733 Arist.
843 678 875 733 de
893 679 1007 750 interpr.
1026 681 1044 735 i.
1063 680 1097 735 15
1104 681 1129 738 b.
1149 681 1235 735 Sobel.
1253 681 1299 744 m.

179 764 250 818 100³
269 763 316 819 10:
334 769 424 839 μέσον
442 775 493 820 τοῦ
510 786 539 821 τε
557 769 697 840 νοήματος
715 773 762 822 καλ
781 779 831 822 τοῦ
848 771 1025 848 πράγματος,
1045 769 1113 844 ὅπερ
1133 773 1161 824 οἵ
1178 771 1236 824 άπὸ
1254 779 1301 838 τῆς

175 857 270 914 Στοᾶς
296 856 495 928 ὑποτιθέμενοι
524 859 618 910 λεκτὸν
648 859 742 924 ἠξίουν
765 859 924 930 ὀνομάζεινε
953 857 1010 912 ideo
1037 859 1216 929 incorporeum
1243 875 1300 914 esse

176 941 308 1010 dibebant,
328 959 387 998 eum
405 946 440 998 τὸ
459 948 527 998 ὄντα
545 945 632 999 omnia
649 948 739 1000 essent
756 963 879 1016 eorporea
896 948 951 1013 (BP
969 947 1041 1012 396).
1068 947 1166 1002 Eodem
1183 949 1301 1018 pertinet

176 1030 248 1100 quod
271 1031 300 1084 in
323 1031 373 1085 hoe
395 1035 423 1086 at
446 1050 536 1088 verum
559 1037 588 1088 et
611 1034 707 1088 falsum
725 1035 810 1090 inesse
829 1035 963 1102 dibebant3
990 1035 1061 1091 Sext.
1079 1036 1164 1090 Math.
1182 1035 1247 1092 VIII
1266 1037 1300 1092 70

177 1123 272 1188 ἠξίουν
300 1125 328 1174 οἱ
345 1127 464 1176 Στωϊκοὶ
490 1133 588 1185 κοινῶς
614 1125 644 1178 ἓν
671 1127 754 1194 λεκτῷ
782 1127 814 1178 τὸ
842 1127 941 1192 ἀληθὲς
969 1125 1039 1180 εἶναι
1065 1131 1113 1180 καὶ
1137 1129 1172 1180 τὸ
1188 1128 1300 1195 ψεῦδος.

177 1211 298 1264 λεκτὸν
322 1210 355 1265 δὲ
381 1213 515 1284 ὑπάρχειν
539 1215 611 1284 φασὶ
634 1216 666 1266 τὸ
690 1216 760 1268 κατὰ
785 1215 897 1284 λογικὴν
921 1220 1082 1286 φαντασίαν
1101 1217 1299 1289 ὑφιστάμενον,

159 1291 289 1368 1λογικὴν
313 1300 345 1354 δὲ
371 1300 441 1354 εἶναι
467 1307 627 1372 φαντασίαν
650 1298 719 1356 καθ’
744 1303 776 1370 ἣν
800 1305 832 1356 τὸ
850 1303 1016 1375 φαντασθὲν
1034 1305 1093 1360 ἔστι
1117 1306 1189 1374 λόγῳ
1208 1325 1299 1377 παρα·

176 1397 285 1455 στῆσαι,
323 1400 377 1442 τῶν
409 1390 441 1444 δὲ
472 1394 572 1444 λεκτῶν
604 1392 639 1444 τὸ
670 1393 729 1464 μὲν·
755 1394 852 1460 ἐλλιπῆ
881 1395 1012 1459 καλοῦσι,
1045 1395 1080 1446 τὰ
1108 1393 1140 1448 δὲ
1169 1395 1300 1462 αὐτοτελῆ

174 1478 231 1543 (BP
249 1477 300 1532 391
309 1477 341 1542 a).
366 1505 400 1516 -··
429 1477 472 1532 73.
497 1482 740 1554 προσαγορεύουσι
762 1479 797 1534 όέ
819 1499 882 1533 τινα
907 1491 962 1533 τῶν
980 1483 1135 1536 αὐτοτελῶν
1152 1485 1199 1536 καὶ
1217 1485 1298 1544 ἀξιώ-

176 1587 267 1640 ματα,
297 1569 368 1640 άπερ
396 1569 520 1637 λέγοντες
546 1572 607 1633 ἢτοι
635 1570 808 1642 ἀληθεύομεν
832 1573 847 1636 ἢ
875 1570 1049 1643 ψευδόμεθα.
1091 1570 1168 1638 Ding.
1187 1570 1239 1624 VH
1264 1571 1299 1626 65

177 1657 313 1730 ἀξίωμα
332 1657 367 1711 δι’
383 1657 459 1760 ἔστιν
477 1657 493 1710 δ
511 1659 588 1712 ἔστιν
611 1658 712 1724 ἀληθὲς
730 1658 870 1726 dipsades
889 1662 904 1725 ἢ
922 1669 1042 1731 πρᾶγμα
1067 1661 1242 1722 αι’ποτελὲς’
1227 1681 1299 1714 απσ·
1378 1721 1380 1724 ,

177 1748 285 1816 φαντὸν
304 1745 426 1817 δσονέφ
428 1742 543 1815 ’ἑαυτῷ
562 1749 578 1812 ἢ
594 1747 788 1818 καταφαντὸν,
815 1749 883 1808 ὡςι
869 1768 885 1800 ο
903 1750 1072 1822 Χρύσιππός
1091 1765 1177 1820 φησιν
1194 1750 1224 1804 ἒν
1241 1755 1300 1811 τοῖς

177 1835 358 1895 διαλεκτικοῖς
376 1835 456 1906 δροις.

94 2037 168 2080 ³⁹⁶³
245 2029 542 2096 Cie.Aead.139.
587 2030 799 2114 Diserepabat
829 2030 927 2094 etiam
957 2032 996 2094 ab
1019 2031 1133 2095 fisdem
1164 2031 1298 2115 (superi
1324 2048 1485 2089 aaronem

177 2137 284 2202 oribus
308 2135 414 2221 Zeno),
448 2136 533 2218 quod
554 2137 642 2200 nullo
666 2137 760 2201 modo
784 2137 1001 2201 arbitrabatur
1026 2137 1201 2219 quidquam
1217 2137 1299 2203 effici

175 2262 268 2328 posse
301 2245 340 2308 ab
371 2262 409 2308 ea
438 2240 600 2330 (natura),
636 2262 717 2324 quae
748 2262 858 2326 expers
882 2245 968 2308 esset
990 2244 1129 2327 eorporis
1153 2281 1205 2322 -,
1238 2263 1297 2310 nee

175 2369 250 2416 vere
280 2352 337 2414 aut
368 2350 453 2432 quod
483 2349 623 2416 efficeret
653 2349 775 2431 aliquid
806 2351 863 2414 aut
894 2349 979 2432 qued
1002 2349 1182 2415 efficeretur
1203 2370 1296 2436 posse

177 2475 246 2522 esse
269 2475 333 2521 non
357 2465 498 2540 eorpus·.

95 2613 166 2654 ³⁹⁶ss
244 2598 329 2664 Sext.
344 2599 447 2663 Math.
463 2598 528 2662 VH
545 2605 596 2664 38.
646 2598 710 2685 Τὴν
733 2595 769 2663 δὲ
792 2595 951 2686 ἀλήθειαν
973 2590 1100 2662 οἴονταί
1121 2621 1213 2678 τινες,
1236 2597 1295 2664 καὶ
1322 2594 1410 2688 θ’ζζῃ

174 2702 320 2787 μάλιστα
344 2700 376 2770 οἳ
399 2703 468 2770 ἀπὸ
490 2716 548 2792 τῆς
570 2709 691 2785 Στοᾶς,
724 2701 891 2792 διαφέρειν
913 2701 1079 2792 τάληθοῦς
1100 2704 1186 2768 κατὰ
1208 2707 1296 2792 τρεῖς

174 2809 318 2898 τρόπους
341 2849 393 2892 -,
417 2807 512 2899 σι’σίᾳ
533 2809 593 2894 μὲν
616 2809 763 2898 παρόσον
792 2812 812 2898 ἦ
834 2808 894 2894 μὲν
923 2809 1066 2898 ἀλήθεια
1096 2808 1193 2892 σῶμά
1215 2808 1296 2891 ἐστι,

175 2917 213 2982 τὸ
235 2915 273 2984 δὲ
294 2915 419 3006 ἀληθὲς
441 2917 617 3000 ἀσώματον
640 2918 788 3005 ὑπῆρχεν.
817 2915 884 2982 καὶ·
897 2913 1040 2998 εἰκότως,
1063 2913 1181 3004 φασίν·
1203 2915 1297 2983 τουτὶ

174 3021 235 3106 μὲν
265 3024 326 3112 γὰρ
357 3020 487 3108 ἀξίωμά
510 3021 596 3104 ἐστι,
630 3024 669 3089 τὸ
692 3022 728 3090 δὲ
750 3020 881 3106 ἀξίωμα
903 3022 1031 3104 λεκτὸν,
1066 3024 1104 3089 τὸ
1127 3021 1163 3089 δὲ
1185 3023 1296 3089 λεκτὸν

175 3128 358 3213 ἀσώματον.
381 3127 548 3195 ἀνάπαλιν
570 3127 607 3195 δὲ
629 3131 648 3218 ἡ
671 3128 813 3218 ἀλήθεια
836 3128 931 3212 σῶμά
955 3127 1025 3194 ε’στι
1048 3127 1196 3217 παρόσον
1219 3126 1295 3195 ἔπι-

175 3237 282 3325 στήμρ
305 3235 439 3302 πάντων
462 3234 597 3325 ἀληθῶν
612 3235 824 3324 άποφαντικὴ
847 3235 936 3301 δοκεῖ
950 3234 1122 3321 τυγχάνειν,
1146 3246 1240 3301 πᾶσα
1259 3234 1296 3302 δὲ

175 3338 338 3432 ἐπιστήμη
370 3355 444 3420 πῶς
467 3337 537 3424 ἔχον
559 3340 647 3408 ἐστὶν
669 3340 874 3431 ἡγεμονικόν·
910 3379 953 3390 -
988 3343 1026 3407 τὸ
1049 3339 1086 3408 de
1109 3343 1295 3430 ἡγεμονικὸν

174 3460 269 3532 σῶμα
291 3451 378 3516 κατὰ
399 3448 531 3528 τούτους
553 3448 723 3537 ὑπηρχενῑ).

95 3621 164 3665 ³9⁶0
242 3591 349 3657 Senee.
373 3592 430 3675 Ep.
455 3600 528 3670 106,
553 3601 581 3658 3
628 3590 777 3671 Quaeris,
805 3593 924 3656 bonum
948 3610 989 3655 an
1012 3609 1127 3673 eorpus
1151 3590 1201 3654 sit.
1231 3589 1294 3654 Βο-
1320 3586 1445 3690 ὓζζζρζξξ*

173 3717 253 3762 num
280 3698 374 3776 iacit,
407 3698 537 3782 prodest
567 3699 668 3773 enim;
706 3698 791 3780 quod
819 3697 896 3763 faeit
923 3715 1037 3780 eorpus
1062 3698 1120 3761 est.
1165 3696 1294 3760 Bonum

175 3805 278 3888 agitat
308 3806 452 3870 animum
482 3807 515 3870 et
538 3805 678 3888 quodam
708 3805 801 3870 medo
825 3804 942 3869 format
965 3805 997 3868 et
1020 3803 1177 3881 eontinet,
1212 3821 1293 3886 quae

173 3911 301 3995 propria
338 3914 414 3977 sunt
442 3913 589 3996 serpens.
640 3909 728 3990 Quae
759 3911 897 3994 eorporis
926 3912 1010 3975 bona
1037 3911 1128 3987 sunt,
1163 3927 1294 3992 corpora

174 4020 251 4083 sunt
273 4037 364 4100 ergo:
395 4021 427 4083 et
451 4037 533 4100 qnae
557 4018 656 4082 animi
679 4019 773 4091 sunt:
800 4035 878 4082 nam
900 4019 934 4081 et
955 4017 1007 4080 bie
1030 4034 1143 4098 eorpus
1167 4018 1226 4079 est.
1249 4051 1295 4063 —

173 4123 245 4188 Non
267 4127 345 4208 pute
367 4127 400 4190 ta
427 4125 650 4189 dubitaturum
673 4142 715 4188 an
739 4122 883 4188 adfectus
906 4141 1038 4206 eorpma
1062 4122 1133 4198 emt,
1156 4157 1198 4168 -
1222 4122 1294 4184 tan·

174 4247 273 4311 quam
294 4231 353 4308 ira,
376 4249 474 4309 amer,
496 4231 637 4296 tristitia.
684 4229 719 4295 Si
742 4229 879 4308 dubitas,
901 4229 973 4294 vide
997 4247 1038 4292 an
1056 4228 1180 4292 voltum
1201 4225 1292 4290 nobis

173 4338 317 4414 mutent,
351 4356 392 4402 an
415 4337 554 4404 frontem
577 4337 794 4420 adstringant,
824 4355 865 4400 an
887 4335 1002 4400 faeiem
1025 4333 1219 4410 diffundant,
1252 4351 1293 4398 au

152 4443 322 4509 ruborem
350 4447 496 4523 evocent,
526 4463 567 4508 an
596 4443 709 4526 fugent
740 4443 937 4526 sanguinem.
990 4439 1074 4520 Quid
1104 4459 1194 4523 erge,
1223 4442 1292 4505 tam

227 4565 285 4609 mn.
300 4565 361 4609 run.
375 4566 416 4610 ra.
427 4567 476 4610 vn.
1043 4547 1077 4602 27
