3156 4988
319 298 374 360 352
795 298 961 354 Aristoteles.

320 460 415 548 φύσει
444 458 501 525 καί
530 458 702 547 άρχόμενον
731 461 787 525 διὰ
819 461 876 546 τὴν
898 455 1077 546 σωτηρίαν·
1116 454 1235 538 τὸμὲν
1258 457 1319 542 γὰρ
1343 453 1439 520 δονά-

320 590 415 649 μενον
437 564 479 654 τῇ
502 563 631 653 διανοίη
654 576 800 653 προορᾶν
823 565 918 652 άρχον
948 565 1042 652 φύσει
1073 561 1130 629 καί
1155 562 1313 642 δεσπόζον
1335 562 1439 649 φύσει,

320 674 359 738 τδ
393 671 429 738 δὲ
463 672 635 755 δυνάμενον
669 671 716 758 τῷ
750 672 880 754 σώματι
908 681 1012 736 ταῦτα
1043 673 1151 734 ποιεῖν
1181 668 1354 755 ἀρχόμενον
1381 667 1437 734 καί

320 779 414 866 φύσει
450 779 571 844 δοῦλον.
629 778 681 844 διὸ
723 777 865 866 δεσπότῃ
899 776 957 842 καί
995 777 1099 862 δούλην
1136 773 1235 841 ταύτδ
1273 773 1437 863 συμφέρει.

320 885 414 972 φύσει
437 883 496 968 μέν
519 881 572 950 ούν
594 884 768 971 διώρισται
791 885 828 948 τὸ
852 883 938 969 δηλα
962 881 1079 948 καὶτὸ
1103 883 1224 947 δοῦλον.
1250 917 1294 927 -
1321 877 1359 946 ἐκ
1380 879 1438 964 μέν

321 986 376 1056 οὖν
404 991 527 1055 τούτων
556 1003 622 1054 τῶν
651 989 707 1054 δύο
731 1001 904 1054 κοινωνιῶν
927 985 1016 1054 οίκία
1040 989 1183 1076 πρώτη“.
1219 989 1315 1074 -“η
1345 979 1377 1052 δ)
1402 987 1439 1053 ἐκ

321 1096 479 1162 πλειόνων
513 1092 624 1162 οίκιῶν
657 1092 807 1160 κοινωνία
842 1094 957 1182 πρώτη
986 1095 1128 1181 χρήσειας
1158 1091 1261 1158 ἕνεκεν
1289 1095 1335 1181 μὴ
1358 1092 1437 1182 έφη-

320 1200 420 1289 μέροο
442 1203 545 1289 κώμη.
581 1239 623 1250 -
658 1189 735 1290 ηδ’
753 1199 789 1266 ἐκ
812 1200 972 1266 πλειόνων
995 1213 1113 1282 κωμῶν
1142 1197 1295 1264 κοινωνία
1318 1198 1440 1277 τέλειος

320 1307 435 1388 πόλις,
469 1308 551 1395 ήδη
581 1305 694 1394 πάσης·
715 1302 833 1387 ἔχουσα
861 1305 966 1393 πέρας
989 1318 1046 1393 της
1071 1303 1267 1392 αὐταρκείας
1291 1307 1335 1384 ὡς
1358 1303 1440 1384 ἔπος

320 1410 434 1494 εἰπεῖν,
458 1411 624 1500 γιγνομένη
647 1411 706 1495 μὲν
729 1409 783 1478 οὖν
804 1423 863 1478 τοῦ
885 1412 940 1500 ζην
962 1409 1072 1492 ἕνεκεν,
1097 1408 1177 1478 οὖσα
1200 1412 1236 1477 δέ
1252 1423 1310 1478 τοῦ
1324 1409 1358 1478 εὖ
1374 1412 1437 1500 ζην.

321 1520 373 1585 διδ
396 1530 489 1584 πᾶσα
513 1519 612 1597 πόλις
635 1505 843 1606 φύσει-ἐστίν,
866 1515 959 1604 είπερ
975 1517 1033 1584 καί
1057 1513 1092 1582 αὶ
1108 1531 1242 1604 πρῶται
1258 1516 1439 1584 κοινωνίαι·

320 1624 412 1702 τέλος
443 1627 502 1711 γὰρ
527 1627 607 1712 αύτη
631 1621 772 1705 ἐκείνων,
802 1623 880 1712 ἡδὲ
903 1626 1000 1712 φύσις
1023 1623 1116 1702 τέλος
1139 1621 1241 1690 ἐστίν·
1288 1615 1355 1690 οἷον
1378 1627 1440 1710 γὰρ

320 1729 457 1796 ἕκαστόν
490 1727 560 1796 ἐστι
594 1743 650 1818 της
680 1729 828 1816 γενέσεως
850 1728 1072 1818 τελεσθείσης,
1108 1731 1228 1818 ταύτην
1250 1729 1359 1818 φαμὲν
1382 1732 1440 1819 τὴν

321 1838 418 1926 φύσιν
440 1829 523 1902 εἶναι
547 1833 693 1916 ἑκάστου,
723 1839 834 1923 ὥσπερ
859 1836 1049 1920 άνδρώποο,
1077 1838 1197 1916 ἵππον,
1226 1834 1343 1914 οἰκίας.
1390 1834 1437 1902 έτι
1502 1831 1505 1839 ’

320 1945 358 2010 τὸ
382 1939 422 2009 οὗ
442 1941 533 2009 ἕνεκα
556 1941 613 2008 καί
636 1943 673 2008 τδ
703 1941 796 2020 τέλος
818 1941 1003 2026 βέλτιστον·
1049 1933 1126 2029 ηδ’
1146 1941 1323 2030 αὐτάρκεια
1346 1942 1439 2022 τέλος

320 2049 378 2116 καί
411 2048 588 2134 βέλτιστον.
636 2048 672 2114 ἐκ
706 2049 828 2114 τούτων
862 2046 916 2114 οὖν
950 2051 1090 2137 φανερὸν
1125 2050 1176 2115 ὅτι
1206 2063 1272 2114 τῶν
1301 2051 1438 2138 φύσειὴ

319 2157 419 2234 πόλις
442 2153 512 2222 ἔστί
536 2153 592 2222 καί
616 2155 667 2220 ὅτι
691 2154 873 2243 άνδρωπος
895 2156 990 2242 φύσει
1019 2156 1190 2222 πολιτικόν
1213 2155 1310 2242 ζῷον,
1341 2155 1437 2222 καίδ

320 2263 443 2340 ύίπολις
477 2262 532 2326 διὰ
567 2262 664 2349 φύσιν
698 2261 755 2326 καί
787 2260 823 2327 ού
854 2261 910 2326 διὰ
939 2262 1035 2350 τύχην
1065 2260 1137 2350 η’τοι
1160 2263 1286 2352 φαῦλός
1308 2261 1440 2351 έστινῆ

320 2366 473 2456 κρείττων
495 2369 515 2456 ἢ
538 2367 726 2453 δίνδρωπος.
755 2406 797 2416 -
835 2377 940 2434 12538
964 2377 1004 2434 29
1037 2369 1132 2456 φύσει
1154 2367 1214 2451 μὲν
1236 2365 1292 2434 ούν
1313 2371 1334 2456 ἡ
1357 2370 1436 2456 ὁρμὴ

320 2473 353 2540 ἐν
375 2485 479 2538 πᾶσιν
502 2473 560 2538 ἐπὶ
582 2476 639 2561 τὴν
661 2474 814 2562 τοιαύτην
836 2471 1020 2540 κοινωνίαν
1067 2475 1085 2538 ό
1108 2472 1144 2540 δὲ
1166 2488 1298 2560 πρῶτος
1320 2476 1438 2563 συστή-

320 2603 381 2658 σας
403 2579 563 2666 μεγίστων
578 2579 714 2664 άγαθών
730 2575 845 2658 αἴτιος.
882 2583 993 2668 ὥσπερ
1018 2582 1078 2668 γάρ
1102 2580 1158 2646 καί
1181 2580 1341 2647 τελεωθὲν
1362 2580 1438 2666 βέλ-

320 2709 432 2753 τιστον
454 2700 518 2752 τῶν
541 2681 632 2772 ζηίων
655 2686 835 2772 ἅνθρωπός
857 2685 954 2766 ἐστιν,
978 2687 1060 2751 ούτω
1084 2686 1141 2752 καί
1162 2687 1326 2774 χωρισθὲν
1342 2688 1438 2770 νόμου

319 2793 376 2859 καί
402 2791 494 2881 δίκης
514 2791 674 2879 χείριστον
696 2793 837 2857 πάντων.
867 2793 1084 2882 χαλεπωτάτη
1108 2795 1168 2880 γὰρ
1191 2791 1305 2858 άδικία
1323 2791 1437 2876 έχοοσα

320 2900 428 2966 ὅπλα·
479 2900 497 2962 ό
532 2887 564 2964 δ’
595 2895 775 2986 άνθρωπος
809 2899 898 2964 δ’πλα
933 2895 1012 2980 έχων
1045 2901 1162 2987 φύεται
1195 2901 1347 2988 φρονήσει
1381 2900 1438 2966 καί

320 3004 428 3092 ἀρετῇ,
455 2995 504 3082 οἷς
527 3003 585 3069 ἐπί
609 3001 764 3069 τάναντία
788 3001 858 3070 έστι
880 3011 1025 3092 χρῆσθαι
1048 3006 1201 3088 μάλιστα.
1232 3007 1284 3071 διὸ
1300 3006 1437 3072 άνοσιώ-

320 3135 419 3176 τατον
442 3109 499 3175 καί
523 3110 724 3197 ἀγριώτατον
747 3111 818 3177 άνεο
843 3111 965 3200 άρετης,
989 3111 1046 3178 καί
1071 3114 1155 3200 πρὸς
1178 3111 1357 3201 άφροδίσια
1379 3113 1438 3180 καί

258 3215 443 3305 ααὲδωδην
463 3214 632 3304 χείριστον.
679 3216 758 3305 ἡδὲ
785 3219 972 3306 δικαιοσύνη
1003 3218 1189 3284 πολιτικόν·
1235 3220 1339 3306 ἡγὰρ
1363 3218 1437 3310 δίκη

318 3324 493 3411 πολιτικῆς
527 3321 696 3400 κοινωνίας
731 3323 824 3402 τάξις
854 3321 958 3388 ἐστίν·
1005 3326 1023 3412 η
1052 3323 1088 3389 δέ
1117 3321 1191 3412 δίκη
1221 3335 1279 3389 τοῦ
1309 3323 1437 3392 δικαίου

319 3427 452 3517 κρίσιςί).

293 3562 295 3567 ’
390 3570 473 3623 Arist.
492 3571 570 3624 Pelii.
596 3571 636 3624 ed.
655 3571 684 3624 F.
704 3571 848 3638 Susemihl,
876 3572 1246 3640 Lips.1870.1879.1882;
1271 3573 1313 3626 ed.
1331 3574 1357 3627 J.
1375 3574 1438 3627 Ber-

319 3675 392 3726 ααχε,
412 3659 497 3712 Berel.
520 3661 595 3713 1872.
617 3687 650 3696 —-
668 3661 808 3713 Praeterea
826 3661 857 3713 cf.
876 3660 918 3714 W.
938 3659 1052 3726 Oneken‚
1081 3660 1106 3714 d.
1126 3659 1291 3715 Staatslehre
1311 3662 1359 3716 des
1377 3661 1436 3729 Ar„

319 3747 568 3816 Lips.1870.1875.
589 3778 622 3786 -
641 3748 672 3801 A.
684 3747 712 3802 C.
723 3748 843 3816 Bradley,
863 3754 890 3800 α·
911 3748 937 3801 ιλ.
957 3747 1061 3802 Staatel
1080 3748 1106 3801 d.
1117 3749 1167 3802 Ar.
1186 3751 1263 3814 (veri.
1273 3750 1435 3816 Imelmann),

318 3835 811 3902 Berel.1884.—G.Teiehmiiller‚
838 3837 881 3890 die
902 3837 951 3889 Ar.
971 3835 1152 3906 Είιιίλειλακη
1172 3837 1197 3890 ά,
1224 3830 1434 3908 Versaesunqen,

317 3923 501 3978 Berol.1859.

389 4063 417 4102 a.
444 4048 602 4112 Conubium‚
629 4049 670 4101 eui
695 4049 773 4102 sicuti
798 4050 953 4119 proprietati
977 4050 1139 4118 singulorum
1163 4051 1322 4104 Aristoteles
1350 4053 1435 4105 adver·

318 4153 362 4189 sue
381 4137 518 4189 Platonem
537 4141 590 4200 (ΒΡ
610 4137 668 4190 279.
689 4137 752 4201 280)
772 4137 945 4205 suffragetur,
970 4155 1021 4190 non
1041 4139 1124 4192 solum
1143 4139 1284 4192 liberorum
1303 4157 1435 4210 procrean-

318 4224 409 4277 dorum
429 4241 507 4277 eauea
525 4225 586 4277 iniri
606 4228 709 4292 censet,
734 4243 823 4278 verum
849 4227 929 4278 eiiam
953 4225 980 4278 in
1005 4231 1098 4280 mutue
1116 4227 1296 4281 benevolentia
1320 4232 1348 4282 et
1365 4217 1445 4298 piae-¹

319 4311 384 4364 sidio
402 4312 518 4381 positum
537 4329 602 4366 esse,
638 4313 700 4366 Eth.
721 4313 778 4366 Nic.
798 4315 862 4366 VHI
882 4316 923 4367 14.
945 4315 1034 4369 1162Β
1053 4317 1086 4369 19
1115 4323 1173 4376 τοῖς
1191 4319 1245 4388 μὲν
1270 4315 1321 4369 οὖν
1346 4321 1434 4377 ἄλλοις

317 4399 364 4452 ἐπὶ
390 4409 525 4454 τοσοΐσον
549 4405 565 4468 ἡ
590 4407 719 4456 κοινωνία
738 4405 820 4468 ἐστίν,
848 4407 875 4456 οἵ
899 4399 929 4456 δ’
949 4409 1093 4478 ἄνθρωποι
1118 4407 1151 4458 οὐ
1172 4407 1262 4478 μόνον
1281 4416 1328 4474 τῆς
1347 4425 1433 4460 tenve-
