3156 4988
662 385 780 452 Physica.
1227 383 1282 446 ⁸43

160 552 234 619 νοῦς
255 543 413 629 χωριστὸς
437 540 494 608 καὶ
517 541 656 631 ἀπαθὴς
679 541 737 608 καὶ
761 543 879 630 ἀμιγὴς
902 545 944 632 τῇ
961 541 1056 632 οὐσίᾳ
1073 546 1116 609 ὢν
1132 543 1281 633 ἐνεργείᾳ.

161 647 211 713 ἀεὶ
236 651 297 733 γὰρ
320 650 513 736 τιμιώτερον
529 649 574 714 Ιτὸ
597 661 714 715 ποιοῦν
736 659 795 714 τοῦ
810 649 992 732 πάσχοντος
1007 649 1065 716 καὶ
1087 653 1106 738 ἦ
1129 652 1282 740 ἀρχὴτῆς

162 756 245 842 ὕλης.
300 757 337 820 τὸ
372 743 406 819 ‹i'
440 754 518 820 αὐτό
554 754 641 820 ἐστιν
675 757 694 844 ἡ
728 745 805 821 κατ’
836 755 995 844 ἐνέργειαν
1036 755 1200 846 ἐπιστήμη
1234 758 1282 846 τῳ

103 948 105 951 v
161 861 366 948 npoypaud·
413 861 490 950 ἡδὲ
519 864 604 927 κατὰ
636 861 771 945 δύναμιν
797 862 900 950 χρόνῳ
929 860 1074 950 προτέρα
1099 862 1131 928 ἒν
1154 865 1201 949 τῳ
1225 859 1280 944 ἔνι’,

161 968 245 1042 ὅλως
268 967 304 1032 δὲ
327 966 363 1032 οὗ
385 968 504 1054 χρόνῳ·
550 957 626 1032 ἀλλ’
646 967 700 1050 οὐχ
731 967 786 1034 ὁτὲ
814 967 874 1051 μὲν
897 973 963 1036 νοεῖ
993 968 1048 1034 ὁτὲ
1071 958 1104 1033 δ’
1126 967 1162 1034 οὗ
1185 973 1281 1036 νοεῖθ.
1348 979 1351 983 ’

159 1072 337 1160 χωρισθεὶς
365 1063 397 1138 δ’
416 1074 486 1140 ἐστὶ
508 1075 604 1156 μόνον
634 1064 733 1140 τοῦθ’
755 1075 836 1162 ὅπερ
861 1072 946 1155 ἐστι’,
977 1073 1034 1140 καὶ
1061 1086 1156 1141 τοῦτο
1185 1076 1282 1158 μόνον

162 1179 329 1244 ἀθάνατον
357 1179 414 1244 καὶ
444 1178 557 1246 ἀίδιον.
605 1179 640 1246 οὐ
663 1182 898 1268 μνημονεύομεν
930 1179 980 1261 δέ,
1017 1182 1067 1246 ὅτι
1098 1191 1193 1246 τοῦτο
1222 1180 1282 1264 μὲν

161 1285 310 1365 ἀπαθές,
347 1285 424 1351 ὅδὲ
451 1287 642 1374 παθητικὰς
673 1298 745 1364 νοῦς
774 1287 944 1374 ῳθαρτός,
979 1285 1036 1352 καὶ
1065 1286 1137 1352 ἄνευ
1166 1283 1281 1353 τούτοιν

162 1391 261 1458 οὐθὲν
282 1397 348 1457 νοεῖ
358 1391 376 1457 f.
758 1410 760 1416 '

235 1549 263 1588 a.
281 1531 403 1596 Ἀπαθές
420 1535 437 1588 i.
458 1552 484 1605 q.
502 1537 593 1607 μηθέν
611 1557 656 1589 πω
674 1538 835 1600 πεπονθώς,
855 1536 886 1589 ef.
901 1535 1005 1602 Bonita,
1023 1535 1081 1588 Ind.
1100 1535 1146 1589 Ar.
1167 1535 1220 1588 72⁸
1237 1537 1280 1590 38.

162 1621 190 1676 Z.
209 1623 236 1675 Π
254 1623 290 1676 23
310 1624 389 1677 192³.

232 1746 262 1800 b.
283 1746 320 1800 cf.
339 1751 383 1798 R?
402 1747 468 1812 1233
487 1747 540 1800 258
551 1747 575 1799 d.
604 1745 774 1814 Anaxagorae
792 1748 871 1800 verba
885 1719 916 1800 in
935 1763 1010 1820 suam
1029 1740 1186 1800 sententiam
1200 1747 1281 1800 inter·

160 1837 291 1905 pretatur.

232 1973 258 2012 ο.
278 1957 398 2027 Respicit
414 1957 552 2010 Platonem
571 1957 678 2026 eiusque
697 1960 849 2012 sectatores.
888 1957 925 2012 Cf.
944 1958 1016 2012 rael
1035 1960 1070 2013 30
1090 1960 1208 2030 δυνάμει
1223 1961 1280 2020 πώς

160 2049 220 2102 ἐστι
248 2049 282 2100 τὰ
310 2048 394 2114 νοητὰ
423 2048 533 2109 ὁνοῡς,
562 2042 623 2098 ἀλλ’
641 2047 789 2116 ἐντελεχείᾳ
811 2047 905 2110 οὐδέν,
934 2053 1001 2120 πρὶν
1029 2051 1063 2100 ἄν
1090 2051 1146 2120 νοῇ.
1184 2048 1230 2102 δεῖ
1248 2043 1277 2100 ‹l’
1333 2080 1335 2085 ·

161 2137 246 2196 οὕτως
265 2135 357 2208 ὥσπερ
375 2127 404 2188 ἐν
422 2139 604 2206 γραμματείῳ
623 2121 644 2202 ᾧ
662 2137 753 2206 μηθὲν
774 2137 890 2210 ὑπάρχει
910 2137 1059 2206 ἐντελεχείᾳ
1079 2141 1278 2208 γεγραμμένον.

232 2257 261 2312 d.
280 2258 320 2312 De
338 2257 388 2311 An.
407 2258 490 2312 1114.
510 2259 582 2312 43θῦ
600 2259 617 2312 3
637 2259 754 2331 ἐπὶμὲν
772 2260 826 2331 γὰρ
845 2270 898 2312 τῶν
917 2263 982 2312 ίίνευ
1002 2261 1063 2326 ὕλης
1082 2262 1114 2312 τὸ
1133 2261 1201 2312 αὐτό
1220 2261 1294 2313 ἐστι·

161 2349 193 2398 τὸ
212 2357 295 2400 νοοῦν
313 2352 360 2400 καὶ
380 2349 412 2400 τὸ
431 2350 597 2419 νοούμενον·
618 2349 633 2413 ἦ
651 2349 705 2420 γὰρ
724 2349 863 2420 ἐπιστήμη
881 2350 897 2414 ἡ
915 2350 1064 2422 θεωρητικὴ
1081 2354 1128 2401 καὶ
1147 2351 1179 2402 τὸ
1194 2351 1279 2409 οὕτως

160 2437 309 2501 ἐπιστητὸν
336 2438 367 2488 τὸ
396 2437 464 2488 αὐτό
492 2439 582 2500 ἐστιν,
612 2436 643 2488 cl.
669 2435 734 2501 Met.
754 2435 807 2487 XII
832 2436 856 2489 7.
887 2436 1043 2502 1072b15;
1073 2437 1097 2490 9.
1126 2437 1216 2490 1074b
1235 2437 1278 2504 21,

159 2528 203 2576 BP
222 2525 283 2576 324.

233 2661 259 2701 e.
279 2647 402 2713 Solantia,
421 2665 487 2718 qnae
505 2647 625 2717 potentia
643 2651 693 2714 est,
712 2648 740 2700 in
759 2648 870 2716 singulis
890 2649 994 2718 quidem
1013 2649 1161 2702 hominibus
1183 2652 1224 2716 (ἐν
1244 2655 1281 2719 τῷ

160 2735 212 2802 ἑνὶ)
232 2739 347 2805 tempore
365 2737 437 2806 prior
454 2740 497 2789 est
516 2753 593 2805 quam
612 2753 649 2800 ea,
671 2753 737 2805 qnae
756 2740 818 2789 actu
837 2740 891 2804 est,
911 2739 939 2790 in
957 2729 1107 2790 universum
1125 2754 1184 2790 vero
1203 2739 1282 2804 (ὅλως

160 2825 302 2893 opponitur
321 2829 359 2894 τῷ
378 2827 428 2888 ἑνὶ)
457 2825 568 2878 scientia
596 2841 648 2878 non
667 2825 774 2878 exsistit
801 2826 828 2878 in
847 2829 979 2895 tempore,
1007 2826 1104 2880 nedum
1128 2826 1281 2878 intellectus

160 2929 249 2980 agens,
269 2913 314 2982 qni
332 2930 466 2982 nunqnam
484 2916 574 2982 potest
591 2929 644 2966 non
661 2913 822 2982 intellegere.

232 3037 254 3092 ί.
274 3037 375 3090 Nostra
393 3037 508 3105 cognitio
527 3037 550 3090 si
568 3041 639 3090 esset
657 3037 803 3091 recordatio
821 3038 864 3104 (ef.
884 3038 961 3090 Plato
980 3043 1024 3090 ΕΡ
1043 3038 1095 3091 266
1103 3039 1139 3104 ο),
1164 3037 1282 3091 intellec-

160 3127 206 3178 tus
229 3126 332 3178 divinus
351 3127 463 3195 quodam
484 3127 560 3180 modo
579 3127 727 3179 alliceretur
745 3130 837 3179 nostra
855 3127 1020 3193 cognitione,
1050 3127 1119 3196 qnod
1138 3127 1282 3180 absurdum

159 3229 216 3266 esse
235 3215 354 3281 videtum
372 3231 432 3267 nam
451 3225 516 3276 νοος
534 3215 580 3267 ille
599 3217 748 3282 ποιητικός,
769 3215 814 3284 qui
832 3218 909 3284 patet
927 3231 974 3284 per
987 3215 1144 3281 universum,
1164 3217 1196 3268 ab
1211 3215 1282 3269 omni

158 3303 311 3356 mortalium
329 3319 415 3356 rernm
434 3304 596 3356 concretione
615 3307 752 3372 separatus
771 3307 813 3356 est
830 3303 965 3372 omnisque
987 3303 1162 3374 perpessionis
1181 3321 1280 3373 expers.

159 3389 259 3444 Contra
276 3392 428 3444 intellectus
447 3392 550 3461 patiens
569 3409 621 3445 una
640 3409 698 3445 oum
717 3409 822 3462 corpore
847 3396 875 3445 et
892 3393 1011 3445 nascitur
1035 3396 1063 3444 et
1081 3392 1174 3444 interit
1197 3409 1281 3462 neque

159 3480 304 3549 quidquam
323 3480 378 3533 sine
397 3497 427 3532 eo
445 3481 560 3532 humana
577 3497 651 3533 mens
666 3481 817 3548 intellegere
835 3485 931 3550 potest.
969 3481 1007 3534 cf.
1018 3481 1102 3533 Zeller
1116 3481 1280 3558 112315744.

159 3569 247 3621 Aliter
271 3567 342 3620 hunc
359 3569 444 3620 locum
462 3569 654 3637 interpretatur
672 3567 892 3636 Trendelenbnrg,
912 3569 944 3622 de
962 3568 1048 3622 Anim.
1067 3569 1129 3622 491.

230 3691 328 3744 Eodem
347 3692 464 3760 pertinet
482 3692 552 3760 qnod
569 3691 615 3745 Ar.
641 3691 669 3744 in
687 3692 759 3745 foetu
777 3693 890 3746 humano
915 3695 1016 3745 ceteras
1034 3693 1174 3746 facultates
1193 3711 1209 3746 a
1227 3711 1281 3748 cor·

157 3796 221 3848 pore
240 3795 270 3831 ac
289 3779 400 3844 semine,
425 3779 590 3832 intellectum
614 3780 699 3832 solum
725 3797 741 3832 a
759 3781 847 3834 divina
871 3783 968 3833 natura
991 3775 1099 3850 repetit
1112 3798 1222 3851 eumque
1240 3799 1281 3836 ex·

158 3868 291 3922 trinsecm
308 3867 337 3920 in
356 3867 470 3922 animum
488 3868 631 3922 humanum
650 3868 750 3922 intrare
770 3869 848 3922 dicit:
867 3869 906 3921 De
926 3867 989 3922 Gen.
1009 3869 1059 3922 An,
1073 3869 1139 3923 113.
1160 3869 1230 3926 7364
1245 3873 1280 3924 22
1353 3934 1357 3941 Ι

158 3959 232 4012 ὅσων
251 3960 305 4030 γάρ
323 3959 399 4010 ἐστιν
418 3959 510 4028 ἀρχῶν
527 3960 543 4023 ἡ
562 3959 683 4030 ἐνέργεια
712 3961 869 4029 σωματική,
899 3959 983 4025 δῆλον
1011 3959 1054 4010 ὅτι
1085 3962 1188 4020 ταύτας
1216 3964 1282 4014 ίίνευ

158 4049 290 4118 σώματος
308 4045 450 4098 ἀδύνατον
471 4048 610 4118 ὑπάρχειν,
631 4041 690 4098 οἷον
703 4033 827 4114 βαδίζειν
847 4051 911 4100 ἄνευ
926 4048 1029 4108 ποθῶν,
1050 4046 1119 4101 ὥστε
1132 4053 1179 4100 καὶ
1193 4050 1280 4122 θύρα-

157 4142 209 4188 θεν
227 4139 343 4188 εἰσιέναι
363 4135 510 4186 ἀδύνατον.
531 4161 565 4170 -
584 4137 707 4188 λείπεται
726 4136 758 4188 ot
781 4137 830 4186 τὸν
848 4145 915 4187 νοῦν
931 4138 1021 4207 μόνον
1043 4138 1169 4207 θύραθεν
1186 4139 1279 4190 ἐπεισ-

158 4227 231 4276 ιέναι
256 4227 303 4274 καὶ
327 4229 406 4275 θεῖον
430 4223 501 4276 εἶναι
525 4225 627 4294 μόνον·
666 4225 750 4276 οὐθὲν
777 4225 831 4295 γὰρ
860 4226 945 4276 αὐτοῦ
963 4227 995 4294 τῇ
1014 4225 1135 4297 ἐνεργείᾳ
1154 4231 1278 4278 κοινωνεῖ

158 4312 303 4383 σωματικὴ
316 4313 443 4381 ἐνέργεια.
459 4338 492 4348 -
506 4311 660 4364 Aristotelis
670 4311 702 4364 de
711 4311 848 4364 intellectu
863 4313 957 4378 agente
969 4315 997 4364 et
1006 4312 1125 4380 patiente
1134 4311 1281 4366 doctrinam

157 4400 190 4452 ab
204 4400 263 4468 ipso
277 4415 329 4452 non
344 4399 410 4452 satis
424 4400 590 4468 explanatam
603 4399 653 4452 viri
663 4400 733 4452 docti
746 4399 807 4452 inde
821 4399 1021 4470 aTheophrasti
1036 4401 1196 4469 temporibus
1210 4402 1280 4454 varie

9 4451 11 4522 l
63 4487 78 4522 ²·
155 4487 328 4556 interpretati
347 4491 418 4540 sunt.
455 4487 492 4542 cf.
512 4487 739 4555 hamelanburg,
764 4487 847 4542 Arist.
872 4488 904 4541 de
922 4489 972 4542 An.
997 4505 1022 4557 p.
1042 4489 1095 4542 492
1105 4481 1143 4558 sq.
1187 4489 1279 4556 Zeller,

1010 4577 1066 4630 23*
