3156 4988
448 1301 659 1405 Sceptiei
691 1303 1007 1404 antiquiores,

117 1689 158 1728 ese
234 1665 325 1746 Diog.
358 1665 406 1728 IX
442 1675 492 1731 61.
554 1666 692 1752 Πύρρων
723 1655 852 1743 Ηλυῖσς
892 1667 1117 1753 Πλειστάρχου
1158 1667 1218 1750 μὲν
1251 1666 1289 1756 ἦν
1315 1687 1358 1740 ry
1360 1689 1398 1728 ro

166 1767 301 1849 υἱός-
304 1823 312 1851 ,
347 1773 391 1848 ὥς
414 1761 554 1900 φησιδ’
571 1761 858 1859 Ἀπολλόδωρος
844 1797 878 1836 ιν
901 1777 1092 1859 Χρονικοῖς,
1129 1773 1291 1904 πρότερον

166 1874 205 1963 ἦν
228 1875 400 1965 ζωγράφος
428 1876 485 1942 καὶ
509 1874 625 1965 ἤκουσε
647 1879 817 1964 Βρύσωνος
845 1889 903 1944 τοῦ
926 1875 1192 1962 Στιλπωνος-,
1224 1871 1287 1946 εἶτ

165 1969 353 2070 Αναξάρχφ
377 1983 629 2062 ξυνακολουθῶν
652 1995 838 2064 πανταχοῦ,
869 1984 914 2061 ὡς
944 1983 1001 2050 καί
1030 1989 1102 2063 τοῖς
1126 1993 1157 2050 Γ
1153 2009 1290 2069 υμνοσο

167 2092 303 2175 φισταῖς
326 2089 359 2155 ἐν
380 2079 478 2178 Ἰνδίᾳ
501 2090 661 2174 συμμῖξαι
685 2088 742 2154 καὶ
765 2094 836 2167 τοῖς
862 2089 1022 2174 Μόγοις1.

122 2307 123 2319 ¹
239 2244 267 2285 e.
294 2231 367 2285 Sicut
384 2231 563 2299 Anaxarchus,
583 2231 721 2299 Abderita,
739 2232 881 2285 Alexandri
900 2233 926 2285 in
946 2233 1046 2286 oriente
1064 2251 1164 2300 eomes,
1185 2215 1242 2286 erut
1260 2251 1290 2287 ex

165 2317 351 2386 Demea-iteris,
370 2321 410 2373 ite
428 2321 528 2388 Pyrrhe
547 2338 657 2390 quoque·
668 2321 695 2374 in
714 2321 807 2373 multis
824 2321 1004 2374 Democritum
1023 2326 1129 2375 secutus
1154 2340 1211 2376 esse
1229 2323 1292 2376 diei-

166 2408 225 2458 tur:
253 2406 329 2476 Diog.
355 2409 393 2460 IX
412 2409 454 2463 58.
482 2411 524 2462 83,
544 2411 592 2474 61;
621 2408 744 2462 Aristeel.
774 2425 814 2478 ap.
839 2408 934 2462 Euseb.
958 2409 1001 2463 Pr.
1020 2410 1066 2464 Ev.
1085 2411 1149 2464 XIV
1168 2412 1218 2480 18,
1247 2412 1290 2466 27·

166 2493 241 2548 Nihil
266 2497 358 2566 scripti
383 2498 521 2568 reliquisse
540 2498 650 2551 dieitur:
675 2497 798 2552 Aristeel.
817 2498 835 2552 1,
854 2498 872 2550 l.
893 2499 935 2565 18,
955 2499 986 2564 2;
1011 2499 1087 2567 Dieg.
1106 2517 1220 2569 prooem.
1241 2499 1293 2554 16;
1367 2545 1368 2552 ,

165 2581 205 2634 ΙΧ
224 2585 284 2637 102.
303 2616 338 2624 -
357 2585 801 2655 (11811,11ἀδδίυςίου,1)γιν1ιοιι
817 2592 841 2640 et
856 2587 879 2640 le
894 2587 1097 2655 γχννλιοτιίοικτ,
1118 2588 1200 2641 Paris.
1212 2588 1292 2644 1877·

9 2787 10 2834 ί
117 2840 157 2879 ιιι
233 2819 381 2882 Aristeu.
414 2839 462 2902 ap.
495 2821 611 2884 rusae.
638 2819 690 2882 Pr.
713 2820 769 2882 ιιι.
793 2819 870 2882 rur
897 2830 954 2896 18,
986 2829 1036 2886 28.
1081 2807 1231 2904 Ἐγένετο.
1254 2817 1290 2884 οι
1339 2839 1343 2848 ·
1446 2819 1456 2838 ·

9 2937 10 2950 ’
166 2926 322 3012 μαθητὴς
352 2922 452 2990 αὐτοῦ
489 2925 690 3011 (Πύρρωνος)
724 2921 835 3007 Τίμων
868 2925 1055 3005 Φλιάσιος“,
1090 2921 1125 3002 ὃς
1159 2927 1197 2992 τὸ
1230 2924 1289 3008 μὲν

168 3043 300 3116 πρῶτον
323 3029 463 3117 ἐχόρευεν
492 3031 525 3095 ἐν
547 3035 617 3108 τοῖς
640 3030 812 3117 θεάτροις,
848 3026 966 3096 ἔπειτα
990 3021 1023 3096 δ’
1042 3029 1177 3112 ἐντυχὼν
1201 3031 1290 3118 αὐτῷ

169 3135 370 3224 συνέγραφεν
404 3135 565 3224 ἀργαλέας
601 3135 775 3223 παρῳδίας
815 3136 872 3202 καί
906 3138 1127 3220 βωμολόχους,
1168 3137 1202 3203 ἐν
1237 3130 1290 3216 αἷς

169 3243 425 3331 βτβλασφήμηκε
448 3243 576 3321 πάντας
599 3246 673 3320 τοὺς
697 3245 836 3308 πώποτε
858 3245 1155 3332 φιλοσοφήσαντας.
1195 3239 1289 3323 οὗτος

168 3351 230 3436 γὰρ
253 3347 291 3437 ἦν
314 3350 331 3414 ὁ
354 3350 428 3427 τοὺς
451 3347 581 3427 σίλλους
604 3349 764 3436 γρόφαςῑ).

238 3505 266 3544 α.
290 3490 379 3544 Etiam
393 3491 478 3562 Stilpo
496 3492 555 3546 eius
573 3491 700 3560 magister
718 3491 798 3544 fuisse
812 3491 972 3560 perhibetur.
1001 3492 1164 3544 Versabatur
1177 3491 1289 3560 plerum-

168 3595 217 3647 que
235 3579 349 3633 Athenis
376 3583 405 3632 et
423 3580 591 3636 Chalcedone.
635 3581 673 3634 Ut
700 3580 834 3633 inferiores
863 3579 975 3649 Sceptiei
1001 3583 1055 3646 (BP
1074 3580 1157 3644 4740)
1184 3578 1290 3632 videtur

167 3667 293 3720 medicem
311 3671 395 3721 artem
414 3669 547 3739 professus
565 3685 636 3722 esse:
654 3668 731 3736 Dieg.
750 3668 787 3720 IX
810 3669 867 3723 109.
890 3669 949 3722 110,

238 3791 268 3846 b.
289 3791 361 3844 Sillis
379 3792 443 3845 adeo
461 3793 587 3846 inclaruit
604 3796 636 3846 ut
655 3796 841 3866 σιλλογριίηυς
859 3792 1003 3845 diceretur:
1023 3791 1099 3860 Diog.
1118 3791 1158 3844 IX
1173 3793 1225 3846 110
1243 3796 1289 3844 καὶ

167 3881 222 3952 γὰρ
250 3883 394 3952 ποιήματα
424 3887 579 3955 συνέγραφε
608 3887 654 3934 καὶ
682 3884 734 3948 ἔπη
762 3887 808 3935 καὶ
838 3881 994 3952 τραγῳδίας
1018 3885 1064 3934 καὶ
1084 3883 1220 3951 σατύρους
1243 3885 1289 3932 καὶ

168 3967 300 4040 δράματα
319 3971 426 4041 κωμικὰ
446 3973 599 4044 τριάκοντα,
620 3973 735 4044 τραγικὰ
756 3972 787 4024 δὲ
806 3972 943 4037 ἑξήκοντα,
964 3972 1072 4029 σίλλους
1091 3989 1118 4022 τε
1137 3973 1183 4022 καὶ
1201 3975 1290 4022 κιναί-

168 4057 241 4118 δους.
281 4057 340 4110 111.
360 4064 472 4129 φέρεται
491 4056 521 4112 δ’
540 4062 627 4111 αὐτοῦ
644 4065 691 4112 καὶ
709 4059 904 4128 καταλογάδην
922 4062 1020 4126 βιβλία.
1040 4086 1074 4095 -
1103 4068 1157 4110 των
1175 4057 1206 4110 δὲ
1232 4061 1290 4110 σίλ-

167 4149 222 4199 λων
240 4151 303 4219 τρία
322 4150 405 4212 ἐστίν,
425 4150 454 4201 ἓν
469 4143 509 4208 οἷς
524 4150 558 4208 ὡς
573 4151 608 4200 δν
623 4151 764 4208 σκεπτικὸς
778 4151 817 4199 ὢν
831 4151 938 4208 πάντας
957 4148 1078 4220 λοιδορεῖ
1096 4151 1143 4199 καὶ
1158 4149 1290 4200 σιλλαίνει

168 4237 231 4296 τοὺς
250 4237 438 4308 δογματικοὺς
457 4239 487 4289 ἐν
505 4236 649 4311 παρῳδίας
668 4235 742 4289 εἴδει.
781 4231 818 4287 ὧν
836 4238 938 4308 τὸμὲν
957 4246 1065 4309 πρῶτον
1090 4235 1290 4303 αὐτοδιήγητον

168 4325 223 4394 ἔχει
251 4326 301 4390 τὴν
327 4326 484 4398 ἑρμηνείαν,
514 4328 545 4378 τὸ
570 4326 601 4379 δὲ
628 4326 756 4397 δεύτερον
773 4329 819 4378 καὶ
838 4332 931 4395 τρίτον
949 4327 979 4377 ἓν
998 4325 1133 4392 διαλόγου
1159 4326 1287 4395 σχήματι.

169 4419 298 4483 φαίνεται
327 4423 396 4482 γοῦν
424 4415 577 4487 ἀνακρίνων
604 4416 766 4484 Ξενοφάνην
785 4415 841 4465 -τδν
868 4415 1050 4483 Κολοφώνιον
1079 4417 1139 4487 περὶ
1169 4414 1290 4466 ἑκάστων

169 4503 222 4567 (ΒΡ
242 4502 319 4566 808),
349 4503 402 4556 66
408 4498 415 4518 ’
434 4503 507 4570 αὐτῷ
535 4502 717 4571 διηγούμενός
744 4505 813 4556 ἐστι’
850 4507 896 4554 καὶ
916 4505 945 4555 ἐν
962 4503 1015 4574 μὲν
1034 4505 1071 4570 τῷ
1091 4502 1209 4577 δευτέρῳ
1228 4506 1290 4574 περὶ
1366 4542 1369 4548 .
