3146 4982
636 329 798 384 Posidonius.
1226 323 1281 385 439

161 489 288 544 tribuisse
306 489 422 546 oernitur
440 507 499 544 eum
518 507 549 544 ex
566 490 723 558 fragmentis
745 492 802 544 turn
821 490 931 544 axeliis
950 489 1117 556 testimoniis,
1136 489 1210 545 velut
1227 482 1281 544 Cio.

161 577 238 631 Tuso.
257 579 284 632 H
303 580 350 644 61;
370 577 459 632 Senes.
478 578 524 648 Ep.
545 579 591 644 903
611 596 634 632 v.
654 577 725 631 Bake
744 596 769 648 p.
789 579 824 633 30
834 595 873 648 sq.

111 798 151 837 ατ
228 773 320 856 Diog.
351 773 416 882 pss
448 783 520 840 129.
567 777 666 840 Δοκεῖ
697 774 716 839 d
722 763 732 789 ³
752 771 863 851 αὐτοῖς
892 775 975 856 (τοῖς
998 775 1170 858 Στωϊκοῖς)
1198 775 1280 863 μήτε
1307 769 1464 875 Ρλέξζζζξξῗθ

162 882 217 946 διὰ
240 883 297 969 τὴν
319 877 503 968 διαφωνίαν
530 877 742 968 ἀφίστασθαι
766 877 983 968 φιλοσοφίας,
1017 879 1090 945 ἐπεὶ
1119 879 1167 967 τῷ
1196 881 1280 968 λόγῳ

160 988 266 1074 τούτῳ
289 985 484 1074 προλείψειν
506 987 581 1052 ὅλον
603 989 659 1052 τὸν
681 984 765 1070 βίον,
789 987 833 1064 ὡς
856 985 913 1051 καὶ
936 987 1158 1064 Ποσειδώνιός
1182 1009 1281 1076 φησιν

161 1093 195 1159 ἐν
217 1097 288 1171 τοῖς
311 1097 594 1180 προτρεπτικοῖςκ

162 1282 164 1288 ,
233 1249 261 1289 a.
286 1235 380 1304 Itaque
404 1235 543 1306 aptissima
570 1252 687 1306 quaeque
721 1252 752 1290 es
777 1235 886 1290 diversis
914 1235 1010 1288 scholis
1036 1235 1155 1304 eligendo
1183 1236 1282 1290 dissen-

161 1325 248 1378 siones
266 1324 480 1394 philosophorum
507 1341 637 1378 removere
661 1324 800 1390 studebat3
828 1341 889 1377 nam
917 1324 969 1377 etsi
992 1324 1020 1377 in
1039 1325 1195 1393 quibusdam
1214 1326 1281 1379 anti·

161 1415 265 1484 quiores
284 1414 385 1467 Stoicos
410 1414 494 1480 magis
519 1430 596 1483 quarn
622 1413 765 1466 Panaetius
790 1414 948 1482 sequebatur
973 1442 1006 1451 —
1033 1413 1188 1466 defendebat
1212 1414 1281 1466 enim

162 1502 357 1568 divinationem,
376 1521 399 1556 υ.
417 1501 469 1556 Cio.
489 1501 522 1584 de
538 1503 596 1556 Div.
617 1503 669 1569 16,
689 1505 717 1554 et
734 1493 826 1554 mundi
844 1503 1056 1568 combustionem,
1076 1520 1099 1555 v.
1110 1503 1279 1570 sr428)-‚

162 1596 250 1646 tanim
278 1592 306 1644 in
336 1592 395 1644 aliis
423 1593 456 1644 ab
475 1591 620 1645 Aristotele
647 1595 727 1661 atque
754 1592 864 1644 Platone
888 1591 1033 1660 pendebat:
1062 1591 1148 1644 Strab.
1168 1591 1195 1643 11
1219 1593 1281 1657 3,8

161 1699 186 1750 p.
207 1682 259 1734 104
285 1683 356 1734 πολὺ
375 1685 429 1753 γάρ
447 1683 506 1734 ἐστι
525 1684 556 1734 τὸ
576 1683 760 1750 αἰτιολογικὸν
779 1677 846 1751 παρ’
865 1683 939 1748 αὐτῷ
957 1684 1003 1732 καὶ
1023 1682 1054 1732 τὸ
1073 1682 1281 1752 ἀριστοτελίζον,

162 1772 230 1842 ὅπερ
249 1772 418 1824 ἐκκλίνουσιν
438 1775 464 1822 οἱ
482 1773 608 1845 ἡμέτεροι
627 1770 675 1823 διὰ
695 1771 744 1836 τὴν
762 1771 911 1843 ἰπίκρυιγιν
931 1780 984 1821 τῶν
999 1774 1102 1834 αἰτιῶν,
1122 1769 1206 1822 of.RP
1219 1769 1280 1823 429.

160 1858 267 1912 Platoni
289 1875 348 1911 euin
373 1858 506 1910 studuisse
530 1858 647 1910 cernitur
669 1858 710 1910 vel
735 1874 766 1910 ex
790 1874 819 1910 eo
844 1857 913 1926 quod
938 1857 1057 1910 ediderat
1080 1860 1208 1927 ἐξήγησιν
1232 1869 1283 1912 τοῦ

163 1951 313 2008 Πλάτωνος
335 1953 463 2017 Τιμαίου,
483 1947 514 2000 ef.
534 1946 603 2000 Sext.
622 1947 707 1999 Math.
727 1945 778 1998 VII
797 1947 831 2000 93
849 1946 930 2012 (Bake
949 1963 974 2014 p.
994 1946 1046 2000 238
1057 1947 1119 2014 sq.);
1139 1945 1229 2000 Galen.
1250 1947 1281 1999 de

160 2035 286 2105 Hippoer.
305 2039 333 2088 et
351 2036 421 2089 Plat.
440 2035 477 2088 IV
496 2037 511 2089 7
531 2053 556 2105 p.
576 2036 637 2088 421.
675 2035 763 2088 Etiam
782 2034 815 2086 ad
829 2035 1008 2104 Pythagoram
1029 2051 1076 2086 sua
1094 2034 1192 2103 plaoita
1211 2051 1282 2088 revo-

162 2141 221 2178 care
239 2125 383 2178 conabatur
402 2123 504 2190 (Galen.
525 2125 543 2177 l.
562 2125 580 2178 l.
599 2141 625 2193 p.
644 2123 722 2189 425),
746 2126 778 2176 ut
802 2126 860 2175 erat
882 2123 985 2175 omnino
1004 2122 1172 2192 antiquorum
1196 2123 1279 2192 philo·

162 2214 301 2284 sophorum
321 2213 478 2267 admirator:
497 2213 573 2281 Diog.
593 2212 644 2265 VH
663 2214 712 2278 91;
731 2211 819 2264 Senee.
838 2211 943 2281 Epeo.
964 2241 998 2248 —
1017 2210 1149 2264 Posidonii
1168 2212 1279 2280 vestigia
1333 2207 1389 2248 ¹³¹³ss

160 2304 189 2356 in
213 2303 306 2356 multis
334 2303 432 2372 pressit
450 2301 641 2372 Peripateticus
666 2301 723 2366 ille,
753 2317 837 2369 aquo
855 2300 923 2352 liber
946 2300 978 2352 de
996 2299 1109 2365 Mundo,
1139 2300 1184 2369 qui
1211 2300 1282 2353 inter
1308 2261 1335 2301 ³⁶
1349 2261 1428 2301 ΜΟ

160 2391 345 2445 Aristotelioos
364 2391 456 2454 fertur,
475 2390 636 2460 compositus
655 2392 711 2454 est;
730 2407 754 2442 v.
773 2389 864 2454 Zsller,
883 2389 931 2441 Ph.
952 2388 977 2441 d.
992 2387 1038 2442 Gr.
1053 2388 1093 2440 HI
1109 2386 1145 2441 1⁸
1164 2390 1214 2443 631
1226 2406 1281 2459 sq.;

161 2481 243 2535 eiusd.
263 2497 354 2534 oomni.
373 2479 418 2534 Ae.
437 2480 524 2534 Berol.
545 2479 615 2533 1885
633 2496 658 2548 p.
675 2479 731 2551 ¹339
742 2494 780 2546 sq.

112 2693 152 2732 428
228 2677 315 2742 Plau.
338 2665 424 2742 1111.Ι
474 2672 514 2742 Οἳ
545 2673 581 2740 dd
605 2671 744 2738 Στωϊκοί
774 2669 822 2750 εἷς
850 2669 868 2737 ὃ
897 2673 983 2738 κατὰ
1012 2674 1070 2760 τὴν
1099 2670 1282 2759 ἐκπύρωσιν
1309 2696 1401 2728 vaenum

162 2782 334 2848 ἀναλύεται
358 2781 388 2864 (ὁ
412 2780 545 2865 κόσμος)
569 2779 705 2867 ι’ίπειρον
729 2770 884 2864 (εἶναιτὸ
908 2777 1017 2862 κενόν).
1064 2779 1282 2857 Ποσειδώνιος

161 2887 219 2954 οὐκ
242 2888 387 2976 ὄίπειρον,
411 2877 488 2952 ἀλλ’
507 2887 581 2972 ὅσον
604 2885 762 2974 αὔταρκες
785 2882 831 2978 εἷς
854 2887 910 2973 τὴν
934 2884 1108 2950 ὄιείλυσινῧ.

233 3045 261 3086 a.
289 3031 326 3085 Cf.
346 3030 422 3098 Diog.
442 3030 493 3082 VII
512 3030 564 3082 142
584 3031 611 3082 et
630 3029 713 3082 Zeller
731 3028 771 3082 ΙΠ
792 3027 828 3081 1⁸
846 3027 899 3094 575
910 3029 928 3082 ³.

76 3239 151 3280 snos
231 3226 341 3290 Galen.
366 3227 403 3290 de
427 3226 522 3309 Hipp.
554 3228 586 3290 et
608 3226 690 3290 Plet.
714 3226 800 3290 Plan.
824 3225 872 3290 IV
898 3236 916 3291 7
948 3247 978 3310 p.
1003 3234 1064 3290 421
1080 3228 1121 3290 K.
1167 3225 1280 3306 Αὐτός
1308 3220 1424 3324 *133132

161 3355 197 3396 τε
220 3330 252 3418 (d
275 3331 509 3416 Ποσειδώνιος)
538 3329 698 3396 δείκνυσιν
726 3332 770 3408 ὡς
793 3331 859 3396 ὑπὸ
882 3336 993 3414 θυμοῦ
1015 3331 1072 3396 καὶ
1095 3331 1281 3416 ἐπιθυμίας
1369 3410 1371 3413 ,

160 3435 285 3522 γίνεται
307 3439 350 3502 τὰ
374 3437 481 3526 πάθη.
501 3476 542 3485 -
566 3459 595 3522 p.
612 3447 686 3504 424.
709 3436 809 3504 Οὐδὲν
831 3440 892 3526 γὰρ
917 3439 1019 3515 οὕτως
1043 3437 1172 3525 ἐναργές
1195 3437 1282 3504 ἐστιν

161 3545 206 3621 ὡς
229 3545 266 3608 τὸ
290 3543 441 3627 δυνάμεις
464 3546 554 3622 τινὰς
585 3543 618 3610 ἐν
641 3547 716 3621 ταῖς
738 3541 909 3631 ἡμετέραις
933 3537 1016 3609 εἶναι
1046 3548 1169 3632 ψυχαῖς
1192 3544 1281 3634 ἐφιε-

159 3647 260 3732 μένας
298 3650 409 3738 ponec,
444 3653 501 3739 τὴν
529 3649 589 3733 μὲν
617 3651 747 3738 ἡδονῆς,
782 3651 839 3738 τὴν
870 3649 906 3716 δὲ
935 3649 1074 3737 κράτους
1102 3649 1159 3716 καὶ
1182 3648 1281 3740 νίκης,

161 3753 201 3834 ἃς
224 3755 365 3844 ἐναργῶς
387 3754 533 3845 ὁρᾶσθαί
563 3779 645 3847 φησι
675 3755 735 3822 κᾶν
764 3759 834 3834 τοῖς
857 3755 969 3834 ἄλλοις
999 3753 1096 3842 ζῴοις
1119 3757 1136 3822 ὁ
1159 3762 1281 3824 Ποσει-

160 3863 284 3941 ὃώνιος.

79 4019 152 4060 ⁴22ss
227 4006 273 4069 lb.
297 4005 327 4067 V
353 4013 371 4070 6
394 4025 424 4088 p.
441 4012 514 4070 476.
555 3990 640 4070 t'Onu
663 4001 722 4086 μὲν
745 4001 799 4069 οὖν
821 4017 885 4070 τῶν
908 4000 1000 4092 ζῴων
1022 3993 1192 4092 ιλοσκίνητ>
1210 4001 1280 4070 ἐστὶ
1307 3980 1427 4078 uidebis

160 4108 218 4176 καὶ
247 4109 509 4198 προσπεφυκότα
551 4108 642 4199 δίκην
677 4123 788 4198 φυτῶν
818 4109 958 4198 πέτραις
988 4108 1008 4199 ἡ
1038 4132 1123 4175 τισιν
1158 4107 1280 4196 ἑτέροις

160 4215 335 4296 τοιούτοις,
360 4212 526 4303 ἐπιθυμίᾳ
548 4215 629 4304 μόνῃ
652 4215 856 4282 διοικεῖσθαι
879 4215 963 4301 λέγει
995 4216 1025 4300 (ὁ
1048 4217 1279 4301 Ποσειδώνιος)

162 4321 261 4403 αὐτά,
292 4323 335 4386 τὰ
358 4311 390 4386 d'
409 4321 492 4386 ίίλλα
522 4323 564 4387 τὰ
588 4320 690 4407 ίίλογα
721 4323 897 4406 σύμπαντα
926 4325 1000 4399 ταῖς
1024 4321 1194 4406 δυνάμεσιν
1217 4323 1280 4407 ἀμ-

162 4426 319 4516 φοτέραις
340 4432 493 4515 χρῆσθαι,
516 4428 557 4516 τῇ
579 4416 615 4494 τ’
635 4427 863 4517 ε’πιθομὴτικῇ
885 4426 943 4494 καὶ
966 4427 1008 4517 τῇ
1023 4429 1201 4512 θυμοειδεῖ,
1226 4431 1281 4495 τὸν

1013 4535 1069 4589 29*
