3156 4988
655 293 771 362 Ἰωξίσι.
1230 290 1283 352 401

155 457 321 519 -ελλλοίωσις,
347 457 382 516 ὡς
405 458 421 508 ό
441 457 610 526 Χρύσιππος
634 457 664 510 ἐν
688 458 725 523 τῷ
744 455 909 522 δυωδεκάτῳ
929 458 991 525 περὶ
1012 462 1102 523 ψυχης
1122 456 1282 525 ὑφίσταται.

164 547 196 599 οὐ
213 546 268 616 γὰρ
287 545 398 598 δεκτέον
414 545 465 610 τήν
486 546 611 598 τύπωσιν
631 547 715 598 onis
730 546 819 598 τύπον
834 551 1039 616 σφραγιστῆρος
1057 542 1095 608 (id
1109 542 1179 612 quod
1193 541 1284 597 Clean·

158 633 221 686 thes
240 635 387 698 censuerat,
406 632 437 685 ci.
453 631 543 698 Sext),
563 634 623 688 ἐπεὶ
642 633 805 688 ἀνένδεκτόν
822 635 882 686 ἐστι
901 633 1020 692 πολλοὺς
1038 634 1144 692 τύπους
1161 633 1232 686 κατὰ
1252 633 1284 684 τὸ

62 755 65 760 -
159 723 229 776 αὐτὸ
248 727 312 791 περὶ
331 724 362 775 τὸ
381 723 449 775 αι’·τὸ
467 726 606 790 γενέσθαι.
626 750 660 760 -
685 721 729 774 51.
749 732 803 774 τῶν
822 722 853 774 δὲ
872 731 1035 792 φαντασιῶν
1053 717 1114 774 κατ’
1133 722 1233 781 αὐτοὺς
1254 723 1285 774 αἱ

157 816 214 882 μέν
232 815 303 866 εἰσιν
323 815 496 878 αἰσθητικαί,
522 815 553 866 αἱ
571 807 599 864 δ’
618 815 662 866 od·
684 815 843 878 αἰσθητικαὶ
868 812 921 882 μὲν
946 812 976 862 αἱ
1001 805 1043 864 δι’
1061 815 1244 881 αἰσθητηρίου
1268 814 1284 876 ἢ

158 905 348 972 αἰσθητηρίων
366 902 585 974 λαμβανόμεναι,
606 903 654 954 οὐκ
674 904 835 966 αἰσθητικαὶ
854 900 886 954 δὲ
905 903 936 952 αἱ
955 899 1003 952 διὰ
1024 907 1069 966 τῆς
1088 899 1216 960 διανοίας
1233 919 1283 954 κα-

155 993 254 1061 θάπερ
280 993 310 1043 αἱ
334 992 380 1044 ε’πλ
409 1001 463 1044 τῶν
482 991 638 1063 ἀσωμάτων
656 994 703 1044 καλ
728 992 775 1044 ἐπὶ
795 1000 849 1042 τῶν
868 991 956 1042 ἄλλων
981 998 1035 1042 τῶν
1053 989 1125 1057 λόγῳ
1143 991 1283 1060 λαμβανο-

157 1085 258 1152 μένων.
296 1079 333 1134 cf.
352 1082 488 1149 praetcrea
506 1078 558 1134 Cic.
577 1077 657 1134 Aean
676 1078 704 1132 II
723 1080 758 1133 30
777 1081 805 1132 et
822 1083 866 1131 BP
884 1079 945 1134 393.

231 1184 263 1240 b.
293 1185 346 1240 cic.
365 1185 412 1239 Ac.
430 1186 458 1238 II
476 1187 510 1240 37
530 1201 607 1240 mame
624 1182 659 1239 de
676 1185 840 1240 adsensione
858 1191 941 1254 atque
959 1183 1172 1254 adprobatione,
1200 1199 1284 1252 qaam

162 1273 267 1329 Graeci
292 1277 568 1344 συγκατάθεσιν
591 1280 706 1341 amaret,
731 1289 827 1344 pauca
844 1273 974 1327 dicemus.
1003 1301 1038 1312 -
1065 1289 1132 1326 nam
1150 1272 1283 1327 camena

153 1379 231 1430 Ιηιιοο
256 1367 326 1416 esset
352 1364 385 1416 im
408 1363 532 1417 semsibas
555 1363 773 1432 mpiicabamas,
800 1362 886 1416 simid
902 1361 977 1416 illud
996 1361 1189 1430 aperiebatur,
1213 1377 1282 1416 com-

155 1451 260 1519 prendi
277 1453 368 1506 malta
387 1457 413 1505 et
429 1452 537 1520 percipi
555 1453 694 1518 sensibus,
721 1451 796 1520 qaod
819 1451 881 1518 fieri
898 1451 957 1504 sime
982 1450 1143 1504 adseanaae
1161 1468 1218 1504 mon
1231 1467 1283 1520 po-

155 1546 220 1595 ·test.
257 1541 358 1594 deinde
383 1558 445 1596 oum
471 1541 544 1594 inter
566 1541 725 1594 inanimam
753 1545 779 1594 et
806 1541 915 1594 animal
940 1540 992 1594 boe
1018 1540 1135 1594 mamma
1163 1541 1282 1607 intersit,

156 1629 234 1698 meod
253 1630 360 1683 animai
378 1630 440 1698 opit
457 1629 567 1697 aliquid
585 1629 669 1696 (nibil
687 1630 760 1683 emim
777 1645 863 1700 opens
880 1645 916 1682 rie
929 1629 1048 1698 capitam
1067 1628 1176 1697 paidom
1190 1635 1284 1697 potest

158 1719 318 1787 proiecit),
336 1724 390 1772 σαι
407 1719 432 1772 ei
450 1725 546 1772 sensas
564 1719 730 1772 adimeredas
748 1725 788 1772 est
806 1725 858 1772 σαι
876 1734 909 1772 ea
926 1734 997 1787 qaae
1015 1718 1104 1772 estin
1120 1723 1217 1772 mostra
1231 1735 1283 1787 po·

155 1813 255 1862 testate
273 1809 328 1862 sita
346 1807 490 1861 reddenda
507 1807 642 1862 σδιιαείο.
679 1811 712 1860 at
729 1823 793 1861 nero
818 1807 930 1860 animas
954 1806 1076 1876 qaedam
1099 1807 1179 1860 modo
1197 1807 1283 1876 eripi-

160 1902 209 1950 twr
226 1897 263 1950 iis
281 1913 348 1965 qnos
365 1913 452 1966 nepae
470 1897 571 1951 sentire
590 1913 676 1966 nepae
695 1897 833 1950 adsentiri
850 1897 953 1950 rolant.
989 1901 1023 1949 nt
1037 1896 1110 1950 enim
1127 1911 1231 1950 necesse
1245 1901 1284 1950 est

159 1985 265 2040 iameem
282 1986 314 2038 ire
333 1985 434 2040 libram
445 1985 621 2054 ponderibus
635 1985 773 2053 impositis
792 1984 919 2054 deprimi,
937 1985 978 2038 sic
992 1985 1115 2038 amimam
1125 1984 1282 2053 perspicitis

160 2074 260 2128 cedere.
288 2091 354 2128 nam
372 2092 424 2144 qao
442 2075 522 2130 moda
539 2079 702 2144 competent
720 2074 829 2127 amimai
846 2074 935 2126 ailam
949 2089 1007 2126 nom
1021 2073 1149 2141 adpetere
1162 2073 1194 2126 id
1208 2072 1282 2140 qaod

156 2163 393 2218 acommodatum
411 2164 449 2218 ad
466 2167 599 2218 noemam
618 2163 756 2232 adpareat
779 2162 896 2228 (Graeci
913 2162 945 2214 id
964 2167 1101 2216 οἰκεῖον
1119 2162 1281 2232 appellant),

158 2252 200 2306 eia
226 2269 285 2306 moa
311 2255 397 2320 potest
425 2251 558 2308 abiectam
584 2269 642 2306 ram
668 2251 844 2320 perspicuam
867 2267 925 2304 νιονι
950 2250 1114 2319 adprobare.
1151 2249 1190 2305 Cf.
1209 2250 1280 2305 Sext.

160 2341 244 2396 Math.
268 2341 333 2395 VIII
356 2343 409 2397 397
444 2346 649 2410 ascalonensis
673 2347 832 2413 φαντασίας
857 2344 1062 2410 συγκατάθεσις
1094 2370 1129 2380 -
1163 2341 1283 2394 διπλοῦν

160 2432 336 2486 incusatione
356 2441 475 2505 πρᾶγμα
493 2436 541 2484 καὶ
566 2433 597 2484 τὸ
614 2435 668 2504 μέν
687 2451 713 2484 τι
732 2431 805 2500 ἔχειν
824 2431 963 2494 ἀκούσιον,
990 2432 1022 2482 τὸ
1041 2431 1072 2484 δὲ
1091 2430 1282 2484 incisionem

157 2525 207 2576 snt
225 2525 258 2593 τῇ
276 2523 392 2594 ἡμετέρᾳ
411 2526 498 2591 κρίσει
516 2525 649 2594 κείμενον.
687 2521 718 2572 τό
736 2521 790 2592 μὲν
807 2521 861 2590 γὰρ
880 2526 1112 2590 φαντασιωθήναι
1131 2520 1282 2588 ἀβούλητον

160 2611 193 2678 ήν
219 2616 266 2665 καλ
295 2613 343 2664 οὐκ
367 2613 414 2664 ἐπὶ
443 2613 480 2680 τῷ
507 2614 647 2680 πιίσχοντι
675 2611 775 2673 ἔκειτο,
809 2604 870 2661 ἀλλ’
894 2611 941 2662 ἐπὶ
965 2612 1003 2676 τῷ
1029 2618 1232 2680 φαντασιοῦντι
1250 2611 1283 2662 τό

161 2703 262 2756 οὑτωσὶ
281 2700 453 2767 διατεθῆναι,
473 2728 507 2737 -
534 2702 565 2752 τὸ
584 2699 615 2752 δὲ
635 2703 866 2768 συγκαταθέσθαι
885 2700 973 2766 τούτῳ
992 2701 1030 2766 τῷ
1048 2700 1178 2770 κινήματι
1196 2699 1282 2750 ἔκειτο

106 2843 109 2850 ,
157 2793 207 2844 ἐπὶ
225 2793 262 2860 τῷ
281 2789 501 2862 παραδεχομένφ
520 2790 568 2854 τήν
586 2793 753 2860 φαντασίαν.
786 2787 817 2840 V.
837 2793 881 2839 ΒΡ
900 2787 960 2839 411.

232 2910 259 2953 e.
285 2894 384 2950 Graece
403 2895 525 2948 dicebant
543 2897 749 2968 ἐνάργειαν,
768 2893 800 2948 cf.
820 2892 872 2948 Cic.
891 2892 972 2948 Acad.
991 2892 1018 2946 11
1037 2892 1080 2946 17.

231 3002 261 3057 b.
287 3001 485 3074 Comprehensio
505 3003 777 3068 οελκστιίληψις,
803 3001 834 3054 cf.
854 2999 906 3054 Cic.
925 3000 961 3054 ib.
980 2999 1014 3052 47
1033 3005 1077 3052 BP
1095 2999 1156 3054 394.

231 3122 258 3163 e.
282 3108 320 3162 cf.
339 3115 383 3162 ΒΡ
402 3109 462 3164 393.

232 3216 256 3272 ί.
283 3216 429 3270 Dialectici
446 3215 515 3290 enini
532 3215 717 3268 exercitatione
729 3231 786 3266 eam
800 3213 883 3266 menti
896 3213 1022 3266 virtutem
1037 3211 1168 3266 conciliari
1184 3215 1283 3266 statiis-

152 3305 233 3374 ¹bant,
252 3305 372 3358 utnulla
390 3305 414 3357 ei
428 3303 648 3374 probareturnisi
662 3303 902 3370 καταληπτικὴ
920 3307 1112 3372 φαντασία,
1132 3301 1159 3354 h.
1178 3318 1200 3354 e.
1220 3301 1282 3354 talis

158 3413 225 3467 quae
244 3412 260 3448 a
278 3412 306 3448 re
325 3411 384 3448 vere
403 3394 546 3448 exsistente
565 3391 781 3463 proficisceretur,
799 3410 824 3445 v.
842 3391 918 3458 Diog.
938 3389 1053 3445 v1146.
1090 3389 1221 3459 Sapientis
1235 3389 1283 3458 igi·

158 3489 204 3538 tur
222 3501 280 3538 esse
298 3500 433 3554 nunqnam
451 3484 560 3554 opinari,
579 3501 603 3536 v.
622 3481 674 3537 Cic.
694 3482 740 3536 Aa.
759 3481 786 3534 11
806 3481 847 3535 77.

229 3607 293 3662 Viso
318 3607 515 3678 comprendibili
540 3625 641 3662 omnem
666 3607 804 3660 veritatem
829 3606 962 3659 aestimari
987 3606 1140 3672 censebant,
1165 3623 1189 3659 v.
1209 3603 1279 3660 Sext.

158 3697 244 3752 Math.
270 3695 321 3750 VII
340 3697 456 3768 iiten,
484 3696 561 3765 Diog.
580 3695 685 3750 V1154
712 3697 897 3768 κριτήριον
922 3695 953 3748 δὲ
979 3705 1025 3762 τῆς
1050 3697 1180 3761 ἀληθείας
1208 3699 1280 3765 φασὶ

159 3791 307 3858 τυγχάνειν
326 3789 374 3854 τήν
398 3788 602 3854 καταληπτικήν
620 3791 787 3858 φαντασίαν,
811 3789 937 3838 τουτέστι
956 3785 1005 3850 τήν
1023 3786 1081 3838 ἀπὸ
1101 3786 1280 3854 ὑπαρχοντος,

154 3879 235 3932 Ἰιιιιιθεί
254 3895 324 3948 φησι
343 3878 513 3948 Χρύσιππος
531 3877 561 3930 ἐν
579 3878 611 3946 τῇ
630 3874 790 3946 δυωδεκάτη
816 3884 870 3926 τῶν
895 3873 1020 3944 φυσικῶν
1038 3876 1085 3926 καλ
1101 3867 1281 3942 Ἀντίπατρος

158 3969 206 4018 καὶ
220 3961 435 4041 ’Λπολλόδωρρς
456 3967 471 4018 ὁ
488 3965 614 4038 μὲνγὰρ
633 3964 744 4030 Βόηθος
762 3964 885 4036 κριτήρια
904 3964 1019 4016 πλείονα
1041 3963 1194 4024 ἀπολείπει,
1214 3969 1280 4014 νοῦν

160 4059 205 4108 καὶ
224 4059 358 4121 αἴσθησιν
376 4059 422 4108 καλ
441 4058 530 4127 ὄρεξιν
547 4057 594 4107 καὶ
613 4053 782 4124 ἐπιστήμην
816 4055 831 4104 ό
850 4052 881 4105 δὲ
897 4053 1065 4122 Χρύσιππος
1079 4050 1282 4122 διαφερόμενος

162 4145 228 4218 πρός
247 4146 333 4198 αὑτὸν
347 4130 363 4183 1'
377 4145 407 4198 ir
432 4148 468 4214 τῷ
494 4145 591 4217 πρώτη)
616 4147 679 4216 περὶ
705 4143 790 4209 λόγου
808 4141 931 4214 κριτήριά
956 4157 1041 4211 φησιν
1059 4139 1130 4193 εἶναι
1149 4143 1282 4208 αἴσθησιν

161 4235 206 4284 καλ
233 4235 389 4306 πρόληψιν·
428 4235 486 4287 ἔστι
519 4229 549 4286 δ’
577 4233 592 4298 ή
621 4232 801 4302 πρόληψις
829 4229 920 4282 ἔννοια
949 4230 1051 4300 φυσική
1079 4237 1133 4280 τῶν
1159 4229 1282 4282 καθόλου

232 4428 259 4492 1)
279 4427 363 4478 αὑτὸν
379 4426 471 4493 Heius,
491 4426 594 4480 Hirzel:
615 4429 699 4493 αὐτὸν
717 4425 786 4479 libri.

1307 3617 1409 3660 veritatis

1321 3684 1394 3714 norma
