3130 4980
451 362 490 415 De
508 361 674 431 philosophia
693 363 799 431 eiusque
817 363 947 432 partibus.
1206 362 1260 424 289

138 525 236 596 δεσμῷ
253 523 391 593 ἐπιστήμη
409 523 493 592 δρθής
512 522 600 588 δόξης.
637 522 679 576 (if.
697 523 805 576 Theaet.
824 525 878 579 210
888 524 919 578 Α.
945 553 979 564 ·-
1005 524 1095 593 Neque
1114 540 1146 580 ea
1163 526 1258 593 virius,
1290 543 1361 584 virtus
1376 543 1473 596 vulgaris

138 627 206 681 qnae
233 613 306 665 recta
331 609 453 678 opinione
477 609 610 664 duntaxat
627 614 655 665 et
672 612 860 666 consuetudine
888 612 1008 680 ducitur,
1038 613 1073 668 ad
1099 614 1260 683 sapientiam

137 699 284 770 quidquam
301 699 382 762 valet,
401 714 425 751 v.
444 698 520 752 Meno
539 699 655 768 aasssq.
692 700 869 755 Phaedssun
889 706 917 754 οἱ
935 704 983 769 τὴν
1001 703 1154 776 δημοτικήν
1172 708 1261 758 τεκαὶ

138 791 282 855 πολιτικὴν
310 789 407 861 ἀρετὴν
434 789 684 854 ἰπιτετηδευιιότες,
712 790 746 855 ἣν
771 790 806 856 δὴ
830 793 946 844 καλοῦσι
965 793 1150 864 σωφροσύνην
1167 810 1195 845 τε
1213 797 1261 846 καλ

137 877 326 943 δικαιοσύνην,
354 879 383 937 ἐξ
407 877 490 937 ἔθους
517 895 544 930 τε
571 881 618 930 καὶ
645 881 758 950 μελέτης
785 885 934 947 γεγονυῖαν
953 884 1019 934 δνευ
1044 883 1214 950 φιλοσοφίας
1232 899 1260 934 τε

137 970 184 1019 καὶ
202 975 259 1017 νοῦ.

84 1182 126 1222 aer
207 1159 345 1243 Sophiae.
370 1159 483 1226 253B.
529 1157 593 1226 ΞΕ.
644 1155 685 1224 Τί
707 1150 761 1241 δ’;
795 1160 908 1250 ἐπειδὴ
932 1160 1054 1226 καὶτὰ
1078 1159 1149 1250 γένη
1173 1163 1256 1249 πρὸς
1284 1183 1399 1224 otorantina

137 1265 264 1353 άλληλα
299 1265 384 1328 κατὰ
418 1265 460 1328 τά
494 1275 632 1330 τοιαῦτα
667 1267 792 1353 (ὥσπερ
827 1269 870 1332 τά
893 1267 1070 1355 γράμματα
1098 1267 1156 1333 καὶ
1185 1270 1260 1346 τοὺς

137 1371 319 1459 φθόγγους)
343 1367 462 1454 μίξεως
485 1367 567 1452 έήςειν
590 1372 855 1461 ὡμολογήκαμεν,
880 1363 935 1461 ἆρ’
963 1373 999 1440 οδ
1021 1364 1094 1458 μετ’
1121 1373 1259 1464 ἐπιστή-

136 1502 200 1565 μης
223 1477 311 1554 τινδς
334 1475 509 1562 ἀναγκαῖον
532 1477 588 1542 διὰ
611 1490 676 1542 τῶν
698 1479 802 1563 λόγων
832 1480 1034 1566 πορεύεσθαι
1064 1481 1120 1546 τὸν
1149 1478 1260 1568 ὀρθῶς

135 1582 298 1666 μέλλοντα
321 1579 436 1662 δείξειν
458 1587 542 1648 ποῖα
565 1580 677 1662 ποίοις
697 1589 865 1672 συμφωνεῖ
886 1599 951 1651 τῶν
973 1600 1070 1672 γενῶν
1092 1585 1151 1652 καί
1174 1591 1260 1652 ποῖοι

137 1689 263 1778 άλληλυ
298 1687 335 1754 οὐ
369 1687 513 1770 δέχεται,
547 1689 605 1754 καί
636 1691 675 1778 δή
705 1690 762 1755 καὶ
792 1692 848 1756 διά
876 1691 1009 1757 πάντων
1038 1689 1258 1775 εἰσανέχοντα

137 1784 212 1860 ἅττ’
238 1792 326 1861 ἐστίν
333 1845 341 1875 ,
370 1797 454 1860 ὥστε
476 1793 721 1880 συμμίγνυσθαι
745 1798 865 1862 δυνατά
888 1790 987 1879 εἶναι,
1022 1798 1079 1864 καὶ
1103 1799 1205 1864 πάλιν
1227 1798 1260 1864 έν
1314 1783 1317 1790 ’

136 1905 212 1980 ταῖς
235 1900 446 1989 διαιρέσεσιν,
481 1899 511 1967 εἰ
533 1892 581 1968 δι’
609 1904 692 1968 ὅλων
721 1901 814 1992 ἕτερα
845 1918 900 1993 τῆς
930 1903 1119 1990 διαιρέσεως
1149 1903 1260 1986 aiere,-

140 2011 262 2074 ΘΕΑΙ.
309 2013 388 2086 Πῶς
419 2009 480 2096 γάρ
510 2007 568 2074 οὐκ
596 2008 778 2098 ἐπιστήμης
808 2011 873 2091 δεῖ,
910 2010 966 2076 καὶ
988 2012 1099 2093 σχεδόν
1122 2035 1156 2096 γε
1178 2009 1259 2090 ἴσως

136 2127 194 2202 τής
216 2112 386 2201 μεγίστης,·
409 2114 473 2183 ΞΕ.
526 2104 595 2180 Τίν’
620 2113 674 2180 οὖν
705 2113 745 2180 αὖ
768 2128 1002 2204 προσεροῦμεν,
1038 2115 1064 2182 δι
1091 2115 1258 2207 Θεαίτητε,

136 2221 273 2308 ταύτην,·
297 2222 317 2308 t}
340 2222 424 2306 πρὸς
447 2223 526 2299 Διὸς
542 2218 704 2305 ἐλάθομεν
726 2220 773 2301 εἰς
795 2225 852 2311 τήν
874 2238 938 2288 τῶν
953 2223 1133 2312 ἐλευθέρων
1156 2224 1258 2308 ἐμπε-

136 2325 247 2404 σόντες
271 2325 467 2415 ἐπιστήμην,
503 2327 561 2393 καί
583 2330 803 2412 κινδυνεύομεν
834 2330 1001 2418 ζητοῦντες
1023 2333 1079 2396 τὸν
1101 2333 1259 2420 σοφιστήν

136 2432 298 2519 πρότερον
321 2432 527 2522 άνευρηκέναι
550 2435 605 2500 τὸν
628 2436 845 2524 φιλάσοφονι,·
873 2440 995 2502 ΘΕΑΙ.
1043 2443 1123 2516 Πῶς
1139 2436 1259 2523 λέγεις,·

136 2538 200 2608 ΞΕ.
253 2541 298 2604 Τὸ
327 2542 413 2604 κατά
443 2539 515 2628 γένη
548 2541 753 2628 διαιρεῖσθαι
783 2542 840 2608 καὶ
868 2544 949 2630 μήτε
976 2541 1093 2610 ταύτὸν
1115 2544 1151 2608 δν
1174 2537 1259 2622 εἶδος

136 2643 244 2732 ἕτερον
274 2647 463 2734 ἡγήσασθαι
492 2649 573 2735 μήτε
602 2646 710 2735 ἕτερον
740 2649 775 2713 δν
799 2647 917 2715 ταύτὸν
945 2663 1015 2732 μῶν
1045 2648 1081 2714 οὐ
1103 2663 1161 2738 τής
1184 2652 1257 2715 δια-

136 2751 286 2839 λεκτικῆς
315 2754 459 2840 φήσομεν
487 2752 670 2842 ἐπιστήμης
698 2747 798 2834 εἷναι,-
836 2758 955 2820 ΘΕΑΙ.
1002 2753 1080 2835 Ναί,
1105 2757 1257 2844 φήσομεν.

136 2856 200 2926 ΞΕ.
236 2857 358 2924 Οὐκοῦν
388 2859 407 2923 ά
435 2881 469 2942 γε
491 2870 585 2925 τοῦτο
610 2861 745 2937 δυνατὸς
776 2861 855 2948 δρᾶν
876 2859 958 2944 μίαν
981 2858 1071 2927 ἰδέαν
1093 2862 1150 2926 διὰ
1173 2862 1258 2927 πολ-

137 2963 209 3043 λῶν,
235 2960 303 3042 ἓνδς
319 2961 456 3030 ἑκάστου
473 2963 616 3048 κειμένου
631 2963 738 3054 χωρίς,
762 2967 869 3054 πάντη
893 2966 1124 3057 διαπετομένην
1141 2964 1258 3045 ἱκανῶς

136 3069 376 3150 διαισθάνεται,
408 3070 465 3136 καὶ
489 3072 617 3150 πολλάς
640 3069 752 3158 ἑτέρας
775 3073 922 3161 ἀλλήλων
944 3074 1010 3140 ὑπὸ
1032 3085 1111 3156 μιοῒς
1135 3071 1259 3154 ἔξωθεν

136 3173 383 3264 περιεχομένας,
418 3177 476 3242 καί
505 3175 585 3303 μίαγ
615 3203 656 3242 av
642 3167 728 3243 γ’δι
754 3179 836 3243 ὅλων
859 3179 1030 3244 πολλῶν’
1014 3205 1047 3244 εν
1070 3205 1116 3245 ενι
1108 3179 1258 3306 ξυγημ-

135 3280 242 3370 μένην,
266 3281 324 3347 καὶ
347 3282 474 3360 πολλάς
494 3283 593 3370 χωρίς
614 3284 721 3371 πάντη
737 3283 969 3370 διωρισμένας,
993 3296 1087 3351 τοῦτο
1111 3275 1175 3350 δ
1161 3283 1257 3364 ἐστιν,

136 3415 156 3476 η
181 3412 218 3453 τε
240 3392 403 3454 κοινωνεῖν
426 3387 550 3454 ἕκαστα
574 3390 709 3456 δύναται
733 3415 790 3455 και
782 3389 875 3478 ὅπη
897 3392 951 3480 μή,
975 3389 1151 3478 διακρίνειν
1172 3393 1259 3456 κατὰ

136 3493 227 3579 γενος
242 3491 460 3560 ἐπίστασθαι.
493 3499 613 3562 ΘΕΑΙ.
644 3496 851 3562 Παντάπασι
873 3496 932 3579 μέν
955 3494 1019 3562 οὖν.
1049 3497 1113 3568 ΞΕ.
1143 3486 1258 3562 Αλλά

135 3603 200 3684 μὴν
221 3601 259 3667 τό
292 3619 326 3686 γε
356 3602 560 3668 διαλεκτικὸν
583 3601 641 3668 οὐκ
663 3602 752 3689 άλλῳ
776 3603 899 3683 δώσεις,
931 3605 975 3680 ὡς
998 3590 1140 3689 ἐγῷμαι,
1173 3603 1258 3692 πλήν

135 3708 185 3794 τῷ
207 3713 369 3794 καθαρῶς
396 3731 431 3773 τε
461 3707 517 3774 καί
541 3707 676 3786 δικαίως
699 3709 959 3797 φιλοσοφοῦντιῑ).
1010 3713 1129 3776 ΘΕΑΙ.
1178 3715 1257 3787 Πῶς

137 3810 199 3901 γάρ
224 3814 263 3878 ἂν
285 3813 374 3900 άλλη)
398 3811 470 3903 δοίη
496 3839 564 3895 τις,·

208 3971 238 4011 ιι.
267 3955 453 4025 Sophistarnm
481 3959 522 4009 est
549 3956 680 4010 rhetorica
715 3957 748 4010 ad
777 3956 956 4010 adulationem
991 3956 1067 4024 vulgi
1094 3957 1257 4024 comparata,

135 4044 229 4114 (Gorg.
254 4045 340 4099 462ss
356 4045 407 4113 aq.)
432 4047 459 4098 et
482 4060 603 4114 perversa
628 4045 735 4099 eriatiea
758 4046 787 4098 in
812 4044 928 4099 fallaciis
947 4045 1207 4114 argumentationum
1231 4049 1259 4098 et

135 4133 274 4186 verborum
299 4134 419 4201 aucupiis
444 4134 533 4202 posita
557 4131 601 4200 (of.
625 4132 783 4202 Euthydem.
812 4136 840 4186 et
863 4133 971 4197 Prantl,
1001 4133 1097 4188 Geeolr.
1123 4132 1149 4186 ά.
1168 4131 1259 4202 Εοριι

135 4221 150 4275 I
169 4223 205 4276 20
214 4221 274 4289 sq).
302 4222 392 4289 Neque
406 4238 450 4275 ars
468 4236 557 4274 eornm
575 4236 633 4274 vero
652 4225 693 4274 εει
712 4238 768 4284 ara,
793 4221 838 4274 aed
856 4225 986 4294 ἐμπειρία
1005 4227 1051 4275 και
1071 4223 1146 4294 τριβή
1165 4221 1257 4290 (Gorg.

135 4311 190 4364 463
196 4309 238 4375 Β),
247 4324 331 4376 neque
344 4309 456 4362 seientia
468 4325 556 4363 eornm
569 4310 684 4378 genuina
694 4309 816 4374 seientia,
827 4310 872 4362 aed
880 4311 1029 4376 dotarunt]
1035 4311 1180 4381 ἐπιστήμη,
1191 4326 1258 4378 qnae

135 4415 186 4453 non
207 4398 350 4451 veritatem
368 4399 500 4467 sequitur,
524 4397 569 4452 sed
592 4397 728 4452 hominum
746 4397 881 4467 opiniones
906 4398 996 4467 (Soph,
1016 4396 1120 4463 2320).
1157 4397 1258 4453 Contra

136 4486 277 4541 dialectice
296 4501 313 4538 a
331 4485 437 4540 Soorate
456 4487 506 4540 illa
524 4486 637 4540 fundata
655 4489 710 4554 (BP
729 4485 805 4554 194),
830 4486 1062 4554 praestantissima
1087 4484 1200 4540 seientia
1218 4489 1260 4540 eat
