3140 4990
632 330 799 398 Protagoras.
1223 326 1275 386 185

157 492 218 558 γάρ.
255 493 314 542 ΣΩ.
337 494 483 543 Φαντασία
502 494 555 561 ἀρα
573 493 620 543 καὶ
639 495 770 557 αἴσθησις
794 491 895 542 ταύτόν
912 491 942 542 ἕν
961 509 988 543 τε
1007 495 1122 562 θερμοῖς
1140 494 1186 543 καὶ
1205 499 1276 544 πᾶσι

158 584 216 638 τοῖς
234 580 374 640 τοιούτοις.
413 572 458 632 οἷα
477 581 532 650 γὰρ
550 581 715 633 αἰσθάνεται
734 578 859 642 ἕκαστος,
884 589 999 631 τοιαῦτα
1024 579 1129 647 ἑκάστῳ
1153 583 1200 631 καὶ
1218 599 1275 632 νιν-

158 667 267 721 δονεύει
290 667 367 720 εἶναι.
407 672 503 722 ΘΕΛΙ.
517 663 630 722 Ἔοικεν.
667 671 726 721 ΣΩ.
746 672 885 734 Αἴσθησις
904 671 957 738 άρα
980 677 1031 721 τοῦ
1048 671 1127 728 όντος
1151 669 1196 720 ἀεί
1218 670 1277 721 ἔστι

158 760 205 809 καὶ
224 756 352 824 ἀψευδές,
372 758 407 816 ὡς
424 757 563 829 ἐπιστήμη
582 753 658 810 οὖσα.

110 993 149 1034 uo
228 969 312 1034 Sext.
334 969 487 1053 Pyrrhon.
509 971 527 1034 I
551 980 624 1037 217.
672 967 775 1059 Φησὶν
798 965 852 1035 οὖν
874 967 893 1034 δ
920 967 997 1058 ἀνὴρ
1021 963 1274 1057 (Πρωταγόρας)
1289 985 1490 1040 cognitionum

159 1078 217 1165 τὴν
239 1075 316 1164 ύλην
339 1077 470 1164 ῥευστὴν
491 1067 585 1157 εἶναι,
608 1077 738 1164 ῥεούσης
760 1073 797 1142 δέ
816 1074 914 1164 αὐτῆς
929 1088 1064 1157 συνεχῶς
1079 1073 1278 1163 προσθέσεις

161 1180 232 1248 ἀντὶ
255 1195 319 1247 τῶν
342 1181 577 1270 ἀποφορήσεων
599 1181 785 1267 γίγνεσθαι,
814 1181 872 1248 καὶ
895 1183 954 1260 τὰς
978 1179 1149 1270 αἰσθήσεις
1177 1207 1273 1266 μετα-

160 1286 360 1373 ·ιοσμεῖσθαί
381 1313 416 1354 τε
438 1288 495 1354 καὶ
518 1287 735 1356 ἀλλοιοῦσθαι
763 1287 857 1375 παρά
886 1313 922 1355 τε
953 1286 1082 1376 ἡλικίας
1104 1288 1162 1354 καὶ
1184 1291 1279 1375 παρὰ

161 1398 221 1475 τὰς
244 1395 347 1474 άλλως
369 1398 571 1474 κατασκευὰς
594 1410 658 1462 τῶν
673 1396 842 1479 σωμάτιον.
884 1405 957 1462 218.
976 1394 1061 1481 λέγει
1079 1395 1116 1462 δὲ
1133 1394 1280 1475 καὶτοὺς

162 1503 274 1588 λόγους
297 1503 429 1568 πάντων
451 1517 516 1568 τῶν
542 1501 743 1592 φαινομένων
772 1505 974 1570 ὑποκεῖσθαι
1002 1502 1035 1570 έν
1063 1502 1104 1592 τῇ
1133 1505 1207 1593 ύλρ,
1236 1505 1280 1582 ὡς

162 1610 327 1676 δύνασθαι
353 1611 411 1698 τὴν
439 1611 516 1698 ύλην
544 1610 618 1676 ὅσον
648 1599 705 1698 ἐφ’
724 1606 822 1698 ἑαυτῇ
849 1609 961 1676 πάντα
990 1602 1074 1678 εἶναι
1103 1611 1164 1676 ὅσα
1195 1621 1281 1676 πάσι

163 1713 324 1805 φαίνεται.
355 1717 430 1795 τοὺς
452 1715 489 1782 δὲ
512 1715 709 1804 ἀνθρώπους
728 1715 843 1783 άλλοτε
858 1716 965 1782 ἀλλων
979 1716 1282 1803 ἀντιλαμβάνεσθαι

164 1825 258 1912 παρὰ
286 1825 345 1902 τὰς
377 1823 554 1912 διαφόρους
584 1822 689 1889 αὐτῶν
719 1821 903 1902 διαθέσεις·
937 1825 993 1890 τδν
1019 1822 1079 1908 μὲν
1107 1826 1168 1912 γάρ
1195 1826 1281 1890 κατά

164 1932 261 2019 φύσιν
284 1927 395 2012 ἒγοντα
418 1929 613 1996 ἐνεῖνατῶν
632 1929 668 1996 έν
697 1929 738 2018 τῇ
767 1931 825 2019 ύλῃ
855 1930 1133 2015 καταλαμβάνειν,
1164 1927 1185 1995 ἃ
1210 1934 1282 2008 τοῖς

164 2039 251 2103 κατὰ
274 2038 370 2126 φύσιν
393 2033 499 2118 έγοοσι
523 2033 706 2125 φαίνεσθαι
729 2037 877 2116 δύναται,
908 2038 982 2114 τοὺς
1010 2035 1047 2102 δέ
1069 2039 1163 2125 παρὰ
1185 2037 1282 2125 φύσιν

165 2141 186 2209 ἃ
208 2148 278 2223 τοῖς
294 2145 388 2231 παρὰ
405 2144 511 2232 φύσιν.
545 2153 618 2209 219.
643 2142 700 2209 καὶ
716 2141 776 2232 ἤδη
794 2145 888 2232 παρὰ
903 2146 963 2222 τάς
978 2142 1105 2232 ἡλικίας
1122 2141 1179 2209 καὶ
1196 2143 1283 2208 κατδι

165 2253 203 2318 τὸ
225 2253 344 2318 δπνοῦν
365 2252 386 2340 ἢ
408 2250 612 2340 ἐγρηγορέναι
642 2249 699 2316 ναὶ
727 2239 812 2316 καθ’
832 2248 968 2317 ἕκαστον
997 2243 1083 2329 εἶδος
1113 2264 1177 2316 τῶν
1209 2251 1283 2316 δια·

166 2357 291 2425 θέσεων
313 2357 331 2423 ὁ
353 2356 451 2435 αάτὸς
473 2358 575 2443 λόγος.

236 2500 274 2555 Cf.
299 2500 383 2554 Math.
409 2499 460 2554 VII
485 2501 519 2555 60
527 2517 565 2570 sq.
610 2500 737 2554 Simffiter
760 2501 837 2554 Plato
862 2501 968 2555 Thoast.
1000 2501 1052 2556 152
1076 2502 1101 2556 D
1127 2499 1285 2570 Protugorao
1300 2517 1372 2558 motus
1386 2515 1466 2568 duplex

166 2589 326 2646 sententium
344 2589 490 2660 expliuuns:
510 2593 544 2650 ὡς
562 2591 681 2662 μηδενὸς
700 2594 779 2650 ὄντος
797 2591 856 2652 ἑνὸς
868 2593 938 2664 μήτε
952 2593 1024 2652 τινὸς
1037 2593 1106 2664 μήτε
1122 2593 1286 2646 ὁποιουοῦν·

165 2682 194 2734 ἐκ
221 2679 253 2733 δὲ
281 2680 316 2746 δὴ
340 2689 428 2752 φορᾶς
452 2699 481 2733 τε
506 2683 552 2732 καὶ
576 2681 705 2744 κινήσεως
726 2677 773 2732 καὶ
796 2683 916 2750 κράσεως
939 2683 1007 2750 πρὸς
1035 2683 1136 2746 ἄλληλα
1161 2685 1287 2750 γίγνεται

166 2773 258 2824 πάντα
287 2769 304 2820 ἃ
324 2769 359 2835 δή
378 2787 472 2842 φαμεν
490 2768 574 2831 εἶναι,
602 2770 650 2820 οὐκ
668 2771 757 2840 ὀρθῶς
782 2772 1048 2840 προσαγορεύοντες·
1074 2770 1133 2822 ἔστι
1155 2769 1209 2842 μὲν
1233 2771 1287 2840 γάρ

167 2853 299 2912 οὐδέποτ’
317 2859 406 2921 οὐδέν,
426 2860 469 2911 ἀεὶ
488 2857 519 2911 δὲ
537 2863 677 2928 γίγνεταιΙ
697 2862 743 2910 καὶ
762 2862 825 2927 περὶ
843 2860 944 2911 τούτου
963 2862 1063 2918 πιίντες
1081 2859 1140 2926 ἑξῆς
1160 2861 1187 2911 οἱ
1201 2863 1287 2930 σοφοὶ

167 2949 238 3014 πλὴν
262 2948 445 3020 Παρμενίδου
470 2951 678 3022 ξυμφέρεσθον,
708 2949 895 3018 Πρωταγόρας
923 2967 951 3000 τε
975 2951 1023 3000 καὶ
1047 2943 1218 3016 Ἡράκλειτος
1240 2952 1287 3000 καὶ

164 3034 358 3110 Ἐμπεδοκλῆς.
395 3035 433 3088 Π).
454 3035 505 3089 156
524 3035 549 3088 Α
568 3037 637 3110 ἀρχὴ
655 3036 703 3102 δέ,
721 3037 751 3097 ἐξ
770 3031 800 3102 ἧς
817 3041 864 3089 καὶ
883 3036 900 3088 ἃ
919 3046 969 3088 νῦν
987 3035 1022 3102 δὴ
1046 3037 1176 3106 ἰλέγομεν
1194 3039 1286 3090 πάντα

166 3131 286 3200 ἤρτηται,
306 3125 353 3192 ἥδε
374 3127 477 3189 αὐτῶν,
499 3128 534 3185 ὡς
552 3127 584 3178 τδ
603 3135 661 3177 πᾶν
678 3129 782 3191 κίνησις
801 3123 897 3192 ἦνκαὶ
917 3127 983 3176 ἀλλο
1001 3127 1078 3196 παρὰ
1097 3136 1179 3179 τοῦτο
1198 3127 1286 3190 οὐδέν,

167 3225 213 3282 τῆς
232 3214 264 3268 δὲ
282 3216 409 3281 κινήσεως
427 3215 481 3268 δύο
499 3215 566 3281 εἴδη,
586 3216 686 3280 πλήθει
703 3215 756 3286 μὲν
775 3219 890 3283 ι’ίπειρον
909 3215 1043 3287 ἑκάτερον,
1063 3215 1186 3287 δύναμιν
1205 3215 1237 3268 δὲ
1256 3218 1287 3268 τδ

166 3307 220 3377 μὲν
245 3310 337 3357 ποιεῖν
360 3305 437 3374 ἔχον,
466 3306 497 3356 τὸ
524 3303 556 3357 δὲ
581 3306 706 3373 πάσχειν.
743 3305 772 3356 ἐκ
797 3303 829 3356 δὲ
853 3311 900 3369 τῆς
924 3304 1028 3355 τούτοιν
1052 3305 1162 3374 ὁμιλίας
1189 3321 1217 3356 τε
1241 3309 1288 3356 καὶ

168 3399 286 3466 τρίψεως
309 3394 377 3462 πρὸς
401 3396 502 3460 ι’ίλληλα
528 3398 652 3462 γίγνεται
671 3393 771 3460 ἔκγονα
790 3393 889 3458 πλήθει
906 3391 959 3463 μὲν
978 3395 1094 3462 άπειρο,
1120 3391 1228 3464 δίδυμα
1247 3392 1286 3455 δέ,
1384 3400 1386 3406 ’

168 3485 201 3536 τὸ
218 3482 272 3555 μὲν
291 3484 437 3548 αἰσθητόν,
464 3484 495 3536 τὸ
520 3482 551 3535 δὲ
579 3486 721 3547 αἴσθησις,
748 3483 789 3534 ἀεὶ
814 3486 1040 3534 συνεκπίπτουσα
1065 3485 1112 3534 καὶ
1136 3486 1290 3552 γεννωμένη

168 3573 241 3642 μετὰ
260 3581 311 3624 τοῦ
336 3576 473 3637 αἰσθητοῦ
496 3573 550 3622 κτλ.
593 3568 757 3638 Sequebatur
780 3569 939 3636 Protagoras
963 3568 991 3620 in
1015 3568 1057 3620 his
1076 3568 1191 3622 ‘maximo
1209 3568 1291 3622 Hora-

169 3660 262 3716 clitum
281 3663 308 3712 ot
325 3657 500 3724 Heraclitus,
524 3659 554 3711 of.
574 3663 617 3710 BP
641 3658 684 3711 26.
721 3657 760 3710 Do
779 3674 826 3710 suo
844 3656 968 3709 adiecisse
991 3657 1096 3710 videtur
1120 3657 1191 3726 quod
1216 3658 1291 3710 dooot

169 3749 254 3803 omnis
272 3748 395 3801 motionis
414 3748 543 3818 duplicem
561 3747 688 3800 rationem
707 3763 776 3812 esso,
801 3749 833 3798 ut
857 3746 956 3798 alterae
975 3763 1016 3798 ros
1035 3750 1177 3799 commotus
1196 3747 1237 3799 vel
1256 3747 1291 3799 af-

165 3838 279 3892 ‘fiosrsnt
297 3838 394 3892 alteras
412 3838 453 3890 vol
472 3835 637 3890 affluerentur
655 3836 688 3888 ab
707 3835 806 3889 altoris.
843 3834 1010 3904 Consequens
1035 3852 1092 3888 osso
1116 3837 1148 3887 ut
1171 3851 1213 3887 res
1239 3851 1291 3888 non

170 3928 226 3980 sint
244 3944 328 3996 nequo
346 3925 413 3979 fiant
430 3926 482 3978 nisi
501 3929 631 3995 quatenus
650 3925 682 3977 ab
702 3925 789 3994 aliquo
808 3924 965 3990 sentiantur,
984 3924 1015 3977 of.
1030 3923 1107 3976 Plato
1124 3923 1187 3976 ibid.
1203 3923 1291 3978 16οΒ

170 4019 295 4083 ἀλλήλοις
313 4017 349 4082 δὴ
367 4019 489 4070 λείπεται
509 4015 702 4077 συνδεδέσθαι,
722 4013 791 4068 ὥστε
810 4018 862 4067 εἴτε
884 4033 925 4072 τις
943 4013 1014 4065 εἶναί
1032 4032 1058 4064 τι
1077 4013 1217 4084 ὀνομάζει,
1238 4015 1292 4063 τινὶ

170 4107 242 4161 εἶναι
260 4109 278 4170 ἤ
295 4125 369 4166 τινος
387 4108 402 4170 ἢ
421 4106 489 4176 πρός
503 4124 529 4156 τι
543 4105 639 4178 ῥητέον
653 4105 733 4171 αὐτῷ,
753 4107 805 4156 εἴτε
819 4107 981 4172 γίγνεσθαι·
1002 4103 1070 4154 αὐτὸ
1088 4101 1120 4154 δὲ
1138 4096 1188 4170 ἐφ’
1207 4101 1293 4152 αὑτοῦ

170 4216 197 4250 τι
221 4199 237 4261 ἢ
262 4197 293 4247 ὂν
317 4197 333 4259 ἢ
360 4195 526 4265 γιγνόμενον
550 4196 611 4246 οὔτε
637 4194 710 4260 αὐτῷ
733 4195 840 4244 λεκτέον
867 4186 926 4243 οὔτ’
950 4193 1034 4242 ι’ίλλοο
1067 4193 1193 4258 λε’γοντος
1221 4191 1291 4241 ἀπο-

171 4285 296 4338 δεκτέονε
315 4282 379 4334 stom
398 4285 428 4334 ut
446 4282 514 4334 talos
533 4281 595 4346 sint,
615 4281 705 4349 quales
724 4279 862 4348 unicuique
881 4295 937 4330 esse
951 4278 1089 4330 videantur
1102 4277 1128 4331 h.
1144 4294 1165 4330 o.
1181 4276 1291 4332 divorsis

170 4372 302 4437 diversae,
328 4370 359 4423 of.
379 4369 461 4423 Arist.
480 4369 544 4422 Meo.
563 4367 601 4421 IX
628 4369 653 4422 3.
674 4367 799 4421 1047124
826 4370 886 4420 οὔτε
906 4367 959 4436 γὰρ
979 4368 1087 4436 ψυχρὸν
1108 4369 1168 4420 οὔτε
1187 4368 1293 4438 θερμὸν

172 4466 234 4516 οὔτε
253 4461 339 4530 γλυκὺ
364 4463 425 4512 οὔτε
449 4460 517 4519 ὅλως
542 4459 677 4524 αἰσθητὸν
703 4457 786 4509 οὐθὲν
809 4457 887 4509 ἔσται
912 4457 951 4526 μὴ
976 4457 1194 4527 αἰσθανόμενον·
1224 4454 1292 4508 ὥστε
