3130 4980
318 305 372 367 188
809 301 936 356 Socrates.

318 491 407 553 μενοι
431 465 486 533 καὶ
509 474 605 531 ’τοῦτο
632 439 749 529 τάἀτδν
776 465 851 540 ταῖς
879 461 1081 538 τικτοόσαις·
1113 457 1263 528 ὠδίνουσι
1294 463 1356 546 γὰρ
1379 461 1436 527 καὶ

319 571 462 662 ἀπορίας
484 568 713 656 ἐμπίπλανται
735 568 852 645 νόκτας
875 566 990 633 τεκαὶ
1014 565 1135 655 ἡμέρας
1159 567 1244 632 πολὺ
1265 568 1390 650 μᾶλλον
1416 569 1437 657 ἢ

318 681 453 748 ἐκεῖναι·
475 679 594 766 ταύτην
617 674 653 741 δὲ
675 677 732 764 την
754 674 855 740 ὠδῖνα
886 671 1018 762 ἐγείρειν
1047 698 1083 740 τι
1111 672 1168 739 καί
1197 673 1385 740 ἀποπαύετν
1417 678 1437 764 η

318 788 377 876 ε’μη
400 785 491 874 τέχνη
515 782 678 850 caueam.

389 945 417 986 a.
442 929 511 982 Plat.
530 925 609 994 Gorg.
634 925 686 980 521
711 924 741 979 Ε.
777 924 883 979 Thesei.
910 924 959 978 151
984 923 1005 979 C
1030 927 1127 978 πολλοὶ
1146 926 1201 998 γάρ
1225 925 1289 991 ἤδη,
1318 925 1338 977 ἀι
1364 932 1437 978 δαυ-

316 1024 414 1093 μιίσιε,
442 1021 510 1090 πρός
526 1034 563 1089 με
589 1016 659 1068 οὕτω
682 1014 848 1080 διετέθησαν
872 1013 940 1068 ὥστε
959 1015 1078 1083 ἀτεχνῶς
1096 1013 1208 1067 δάκνειν
1232 1014 1338 1086 ἕτοιμοι
1357 1015 1437 1079 εἶναι,

318 1108 434 1163 ἐπειδάν
452 1125 514 1159 τινα
533 1107 614 1175 λῆρον
632 1105 722 1156 αὐτῶν
740 1105 910 1175 ἀφαιρῶμαι.

102 1230 242 1281 colloquendi
256 1231 310 1272 ratio
393 1212 424 1267 1).
444 1211 563 1266 Callicles
581 1227 623 1281 ap.
641 1209 710 1263 Plat.
729 1207 809 1276 Gorg.
828 1207 922 1263 4913
946 1211 978 1275 νὴ
1002 1211 1064 1270 τσίις
1087 1211 1169 1270 θεοὺς
1194 1211 1312 1278 ἀτεχνῶς
1336 1227 1368 1278 γε
1393 1212 1438 1263 ἀεὶ

318 1308 431 1363 σκυτέας
449 1321 477 1355 τε
495 1305 542 1354 καὶ
559 1304 680 1371 κναφίας
693 1303 739 1352 καὶ
752 1304 902 1373 μαγείρους
915 1302 1001 1368 λέγων
1013 1303 1059 1352 καὶ
1075 1300 1184 1372 ἰατροὺς
1200 1299 1281 1352 οὐδὲν
1295 1302 1385 1351 παύει.
1403 1325 1436 1336 -

317 1393 370 1446 497
389 1391 411 1444 Β
431 1387 491 1443 ἀλλ’
509 1392 551 1443 ἀεὶ
571 1391 692 1449 τοιοῦτός
710 1390 769 1442 ἐστι
787 1390 944 1457 Σωκράτης,
964 1387 985 1440 ὦ
1006 1393 1117 1458 Γοργία’
1142 1390 1244 1460 σμικρά
1268 1392 1314 1439 καὶ
1340 1389 1439 1455 ὀλίγου

319 1485 382 1542 ίίξια
402 1481 523 1552 ἀνερωτᾷ
541 1483 587 1532 καὶ
606 1479 744 1547 ἐξελέγχει.
767 1504 798 1514 -·
817 1475 870 1530 513
889 1474 910 1530 G
928 1478 977 1529 οὐκ
1001 1473 1059 1529 οἶδ’
1077 1478 1172 1529 ὅντινά
1188 1498 1240 1549 μοι
1259 1478 1364 1549 τρόπον
1387 1477 1437 1528 δο-

318 1575 372 1628 κεῖς
390 1565 420 1622 εὖ
433 1571 528 1637 λέγειν,
547 1567 568 1620 ὦ
583 1569 736 1638 Σώκρατες·
757 1570 888 1620 πέπονθα
906 1566 938 1620 δὲ
953 1568 984 1620 τὸ
999 1576 1052 1618 τῶν
1066 1567 1173 1618 πολλῶν
1188 1570 1292 1626 πάθος·
1313 1568 1346 1618 οὐ
1360 1569 1440 1618 πάνυ
1489 1575 1494 1585 ’

320 1676 364 1712 σοι
383 1663 526 1724 πείθομαι.
563 1654 765 1708 Benevolentics
783 1657 812 1708 et
830 1654 939 1708 comiter
956 1653 1053 1708 Laches
1067 1654 1136 1708 Plat.
1157 1655 1208 1709 187
1227 1654 1249 1706 Ε
1269 1658 1302 1707 οδ
1317 1674 1370 1726 μοι
1388 1653 1440 1706 δαὶ

319 1752 373 1806 κεῖς
391 1746 493 1798 είδίναι
512 1746 562 1808 ὅτι,
582 1745 611 1804 ὃς
629 1747 664 1796 ἀν
682 1746 820 1814 ἐγγύτατα
839 1747 1002 1818 Σωκράτους
1022 1747 1048 1818 tq
1067 1746 1151 1814 λόγῳ,
1170 1743 1263 1816 ὥσπερ
1281 1747 1390 1812 γυναικὶ
1414 1748 1441 1794 εί

320 1835 462 1901 πλησιάζοι
487 1833 695 1905 διαλεγόμενος,
721 1834 826 1902 ἀνάγκη
851 1833 937 1900 αὐτῷ,
968 1834 1017 1886 ίάν
1042 1836 1095 1904 ἀρα
1120 1837 1167 1886 καὶ
1193 1837 1254 1906 περὶ
1279 1835 1364 1885 άλλσυ
1387 1851 1440 1884 τοι·

319 1926 452 1998 πρότερον
471 1925 583 1994 ἀρξηται
602 1923 796 1991 διαλέγεσθαι,
820 1921 861 1993 μὴ
879 1923 1021 1974 παύεσθαι
1043 1923 1096 1974 ὑπὸ
1115 1924 1215 1974 τούτου
1233 1923 1441 1994 περιαγόμενον

319 2015 452 2081 τῷλόγῳ,
473 2016 538 2085 πρὶν
557 2016 592 2064 cv
610 2014 717 2084 ίμπέση
734 2016 773 2071 είς
791 2013 823 2064 τὸ
842 2010 954 2064 διδόναι
973 2014 1035 2082 περὶ
1055 2013 1140 2063 αὑτοῦ
1154 2013 1244 2079 λόγον,
1263 2011 1358 2062 ὅντινα
1373 2012 1439 2079 τρό-

319 2123 374 2156 πον
391 2111 441 2153 νῦν
459 2120 487 2154 τε
506 2103 534 2174 ζῇ
552 2105 598 2153 καὶ
617 2101 711 2152 ὅντινα
730 2101 775 2152 τδν
797 2100 1004 2168 παρεληλυθότα
1022 2105 1084 2166 βίον
1106 2106 1242 2166 βεβίωκεν·
1268 2099 1384 2152 ἐπειδάν
1404 2099 1425 2152 δ
1429 2095 1437 2114 ²

318 2194 437 2264 δμπίση,
464 2191 506 2242 ότι
531 2191 564 2242 οὐ
587 2191 719 2261 πρότερον
738 2190 822 2240 αὐτὸν
847 2189 948 2259 ἀφήσει
967 2191 1123 2258 Σωκράτης,
1151 2192 1216 2260 πρὶν
1240 2191 1274 2240 άν
1297 2193 1440 2260 βασανίσῃ

319 2290 406 2333 ταῦτα
424 2276 454 2332 εὖ
473 2297 500 2332 τε
518 2283 564 2330 καὶ
582 2281 669 2338 καλῶς
688 2279 808 2332 ἅπαντα.

389 2398 416 2439 c.
435 2384 504 2438 Plat.
522 2383 592 2436 Men'.
609 2383 645 2438 80
662 2382 687 2436 A
705 2387 803 2448 ἢκουον
825 2383 878 2446 μὲν
901 2383 985 2452 ἔγωγε
1011 2387 1077 2456 πρὶν
1099 2387 1145 2436 καὶ
1171 2387 1357 2452 συγγενέσθαι
1384 2401 1441 2448 σοι,

319 2476 361 2528 ὅτι
381 2476 416 2528 σὺ
435 2473 516 2527 οὐδὲν
535 2476 601 2525 ίίλλο
615 2477 631 2538 η
646 2473 727 2534 αὐτός
741 2491 768 2525 τε
784 2473 898 2544 ἀπορεῖς
911 2475 957 2524 καὶ
972 2473 1034 2532 τοὺς
1049 2474 1146 2532 άλλους
1160 2477 1248 2532 ποιεῖς
1263 2473 1386 2546 ἀπορεῖν,
1404 2502 1440 2511 -

318 2567 364 2616 καὶ
382 2562 471 2622 δοκεῖς
488 2581 539 2634 μοι
557 2563 702 2623 παντελῶς,
722 2565 746 2612 εί
764 2560 810 2612 δεῖ
827 2579 853 2612 τι
871 2570 988 2628 σκῶψαι,
1008 2563 1172 2634 ὁμοιότατος
1191 2561 1261 2614 εἶναι
1276 2563 1307 2614 τό
1321 2579 1348 2614 τε
1364 2561 1442 2622 εἶδος
1506 2623 1508 2632 ‚

317 2657 364 2705 καὶ
383 2652 468 2704 τάλλα
487 2652 572 2721 ταότη
591 2653 622 2722 τῇ
642 2653 756 2717 πλατείᾳ
776 2651 858 2721 νάρκη
883 2653 916 2721 τῇ
936 2653 1079 2718 θαλαττίᾳ.
1099 2679 1133 2688 —-
1153 2653 1261 2716 ἀληθῶς
1280 2652 1332 2719 γάρ
1350 2651 1440 2718 ἔγωγε

318 2745 364 2795 καὶ
383 2742 432 2806 τὴν
451 2740 543 2810 ψιηγην
561 2742 607 2791 καὶ
627 2740 658 2790 τὸ
677 2739 768 2809 στόμα
786 2747 875 2810 ναρκῶ
893 2744 940 2792 καὶ
960 2742 1008 2792 οὐκ
1027 2741 1079 2810 ἔχω
1100 2741 1115 2792 ὅ
1134 2761 1159 2793 τι
1174 2743 1367 2813 ἀποκρίνωμαί
1381 2757 1440 2792 σοι.

389 2846 419 2899 (l.
447 2843 649 2912 Elegantissime
675 2841 823 2896 Alcibiades
851 2843 929 2909 (Plaa
959 2844 1036 2900 Ccnv.
1071 2846 1124 2900 215
1151 2846 1185 2910 A)
1213 2845 1344 2899 Socratem
1376 2861 1440 2900 eum

318 2936 424 3002 Marsya
441 2937 575 3003 comparat
592 2935 700 3002 prepter
717 2937 800 2986 artem
820 2950 892 2986 snam
911 2934 1028 2988 homines
1046 2935 1216 2988 fascinantem
1241 2938 1269 2987 et
1287 2951 1315 2987 os
1333 2933 1442 3000 Satyris

319 3023 403 3078 simile
422 3025 471 3089 τήν
489 3041 516 3076 τε
537 3024 671 3095 σιμότητα
696 3027 742 3076 καὶ
767 3025 798 3076 τδ
823 3024 873 3084 ἔξω
897 3035 950 3076 των
968 3027 1103 3098 ὀμμάτων
1120 3024 1237 3090 (Theaet.
1262 3025 1313 3077 143
1332 3023 1373 3086 E.)
1397 3023 1441 3076 De

222 3130 229 3168 i
256 3129 292 3169 τι
319 3111 403 3164 ironia
420 3128 479 3164 cum
503 3115 560 3164 arte
579 3111 715 3164 dialectica
739 3111 877 3166 coniuncte
899 3131 923 3166 v.
942 3112 1020 3168 (ἶσαι.
1045 3115 1097 3166 216
1115 3112 1138 3166 Ε
1156 3116 1263 3182 ἡγεῖται
1287 3113 1318 3166 δὲ
1344 3115 1441 3164 πάντα

321 3211 406 3254 ταῦτα
426 3203 460 3254 τά
478 3202 604 3272 κτήματα
622 3203 759 3267 (πλοῦτος,
779 3202 885 3266 κάλλος)
904 3202 1015 3262 οὐδενὸς
1034 3207 1098 3263 ἀξια
1117 3206 1163 3256 καλ
1177 3204 1250 3274 ἡμᾶς
1264 3202 1345 3254 οὐδὲν
1359 3201 1442 3264 εἶναι,

320 3293 406 3359 λέγων
423 3291 476 3361 μὲν
496 3293 542 3354 οὔ,
567 3293 775 3362 εἰρωνευόμενος
798 3291 829 3343 δὲ
847 3293 893 3344 καλ
913 3293 1015 3352 παίζων
1033 3295 1125 3344 πάντα
1144 3294 1192 3344 τὸν
1210 3297 1271 3358 βίον
1289 3293 1357 3363 πρὸς
1376 3293 1443 3352 τοὺς

321 3381 485 3451 ἀνθρώπους
508 3379 633 3433 διατελεῖ.
679 3379 744 3432 Xen.
772 3379 849 3431 Mem.
878 3377 891 3430 I
918 3380 948 3445 3,
976 3381 993 3433 8
1021 3391 1135 3433 τοιαῦτα
1162 3382 1216 3452 μίν
1243 3385 1303 3450 περὶ
1332 3382 1442 3432 τούτων

320 3469 429 3529 ἔπαιζεν
448 3471 508 3540 ἅμα
528 3469 698 3530 σπουδάζων.
727 3466 779 3522 Cic.
800 3467 879 3520 Acad.
898 3467 926 3520 H
949 3467 991 3522 15.
1024 3469 1149 3522 Socrates
1167 3475 1260 3523 ααίιιιι
1278 3467 1311 3521 δι
1330 3469 1439 3535 seipse

321 3555 467 3610 detrahens
492 3557 524 3610 ιἰι
549 3556 736 3626 disputatione
756 3557 825 3624 plue
847 3557 986 3612 οιίίκιιδαι
1008 3557 1058 3624 iis,
1085 3573 1153 3625 ηαοε
1176 3558 1283 3612 volebat
1307 3556 1440 3621 refellere.

320 3644 368 3698 Itc
387 3662 448 3699 υκαι
466 3645 547 3700 aliud
566 3646 770 3714 dicerentque
788 3646 910 3713 sentiret,
930 3646 1044 3700 ἀδικία
1060 3647 1105 3700 ατί
1124 3647 1224 3700 solitus
1242 3652 1283 3700 ese
1302 3661 1335 3700 ea
1355 3645 1439 3699 disei-

320 3735 481 3801 ιιιιιίαίίοαι,
500 3749 582 3804 qaam
601 3734 703 3789 Gracci
721 3740 860 3808 εἰρωνείαν
877 3741 985 3790 coeant.
1022 3735 1093 3788 Idem
1112 3735 1188 3790 Brut.
1208 3735 1267 3789 292.

388 3879 466 3942 Xen.
490 3879 584 3940 Mem.
607 3877 654 3939 IV
680 3884 708 3953 δ,
734 3885 784 3940 12.
821 3864 908 3965 Ἔφη
931 3875 967 3942 δὲ
989 3875 1046 3942 καί
1068 3879 1106 3942 τὸ
1129 3876 1342 3962 διαλέγεσθαι
1366 3873 1438 3940 δνσ-
1449 3911 1485 3951 194
1497 3909 1511 3950 η

320 3989 490 4071 μασθῆναι
520 3981 557 4048 ἐκ
585 3993 643 4047 τοῦ
670 3982 836 4060 συνιόντας
864 3984 957 4071 κοινῇ
985 3984 1198 4067 βουλεύεσθαι
1229 3981 1438 4068 διαλέγοντας

321 4093 405 4156 κατὰ
428 4088 520 4176 γε’νη’ι
543 4091 584 4152 τὰ
607 4087 796 4174 πράγματα.
843 4090 909 4154 δεῖν
931 4087 984 4155 οὖν
1007 4096 1192 4177 πειρᾶσθαι
1215 4091 1266 4156 ότι
1291 4089 1443 4173 μάλισταΙ
1536 4131 1538 4178 ι

322 4198 406 4280 πρὸς
428 4207 522 4261 τοῦτο
545 4192 658 4260 ἑαυτὸν
673 4193 801 4278 ἕτοιμον
817 4195 1074 4282 παρασκευάζειν
1090 4196 1147 4262 καί
1163 4198 1277 4263 τούτου
1292 4197 1437 4280 μάλιστα
1535 4227 1537 4284 5

322 4301 572 4384 ἐπιμελεῖσθαι·
602 4301 639 4367 ἐκ
665 4302 779 4368 τούτου
812 4305 872 4390 γὰρ
896 4301 1065 4388 γίγνεσθαι
1089 4304 1207 4392 ἄνδρας
1230 4301 1380 4392 ἀρίστους
1403 4327 1438 4370 τε

321 4406 378 4472 καὶ
402 4407 695 4492 ἡγεμονικωτάτους
716 4408 773 4474 καὶ
797 4409 1115 4489 διαλεκτικωτάτους.
1136 4454 1141 4460 -
