3146 4982
690 378 809 447 Physica.
1255 373 1308 434 417

258 535 290 593 λ).
315 535 353 592 Cf.
372 537 511 609 Chrysipp.
530 555 571 610 ap.
585 538 706 595 Lactant
725 535 911 604 lisama&
931 535 1011 592 Axius
1029 536 1133 606 Didym.
1152 553 1193 608 ap.
1212 535 1307 592 Euseb.

187 624 232 681 Pr.
241 625 287 682 Eu.
297 626 347 680 XV
357 629 399 682 18.
409 629 452 684 19.
463 627 633 698 Dcx.468aq.
643 626 772 682 Mundum
781 626 871 682 eudem
880 626 1001 696 protinus
1010 625 1106 680 circulo
1117 627 1197 696 atque
1206 626 1309 680 ambitu

187 716 250 770 ferri
264 718 344 786 atque
357 717 454 770 revolvi
467 720 605 788 prepterea
614 715 738 772 credibile
754 716 788 770 iis
801 715 949 782 uidebatur,
962 715 1032 786 qued
1048 715 1197 770 uniuersum
1211 715 1308 786 perfee-

186 807 247 860 tum
261 822 318 859 ease
332 807 412 876 atque
426 822 456 860 ex
470 806 560 860 ecdem
574 821 676 880 semper
689 805 816 878 principie
834 804 948 876 perfecto
967 821 1098 874 emergere
1112 803 1306 859 existimabant.

136 964 178 1006 ⁴⁰⁶
254 966 347 1050 Diog.
371 965 437 1031 VH
462 973 534 1034 136.
572 952 674 1032 ’Ἔστι
696 963 733 1032 δέ
756 968 914 1048 στοιχεῖον
940 963 976 1044 ἐξ
999 958 1039 1030 οὗ
1059 964 1193 1053 πρώτου
1215 961 1307 1050 ’γίνε-

185 1094 245 1137 ται
267 1073 310 1138 τά
332 1071 481 1158 γινόμενα
504 1071 562 1138 καὶ
585 1068 633 1152 εἰς
654 1068 673 1138 ὃ
696 1067 830 1156 ἔσχατον
852 1071 1053 1138 cccccccccc
1101 1081 1175 1140 137.
1203 1073 1245 1136 τά
1267 1071 1307 1160 δὴ

186 1176 328 1268 τέτταρα
352 1182 496 1262 στοιχεῖα
525 1170 609 1246 εἶναι
632 1178 713 1263 ὁμοῦ
742 1180 799 1268 την
822 1177 942 1246 ἀποιον
964 1173 1086 1260 οὐσίαν,
1115 1179 1173 1267 τὴν
1195 1179 1307 1268 caah·

184 1276 271 1351 εἶναι
293 1283 390 1352 δὲτὸ
412 1284 472 1370 μὲν
494 1295 561 1374 πῦρ
589 1287 628 1353 τὸ
650 1284 789 1374 θερμόν,
824 1286 862 1352 τὸ
885 1274 919 1352 δ’
937 1285 1022 1372 ὕδωρ
1046 1285 1086 1352 τὸ
1108 1285 1217 1374 ὑγρόν,
1251 1285 1308 1352 τόν

185 1380 219 1456 τ’
238 1389 318 1479 ἀέρα
341 1393 379 1459 τὸ
402 1393 526 1482 ψυχρὸν
548 1391 607 1458 καὶ
629 1393 687 1482 την
715 1403 773 1482 μην
794 1391 833 1459 τὸ
855 1391 961 1480 ξηράν.
991 1429 1033 1440 --
1071 1390 1226 1458 ἀνωτάτω
1246 1390 1307 1476 μέν

185 1493 240 1564 οὖν
262 1489 346 1566 εἶναι
368 1499 406 1565 τὸ
428 1509 504 1588 πῦρ,
528 1495 546 1565 ὃ
568 1499 608 1588 δὴ
631 1495 756 1588 αἰθέρα
779 1499 967 1582 καλεῖσθαι,
991 1497 1024 1566 έν
1047 1481 1073 1586 ᾦ
1096 1498 1229 1588 πρώτην
1250 1501 1307 1589 την

184 1617 251 1670 τῶν
273 1603 429 1672 ἀπλανῶν
444 1608 592 1694 σφαῖραν
614 1609 799 1692 γεννᾶσθαι,
822 1597 894 1672 εἶτα
909 1607 1048 1694 τὴντῶν
1071 1604 1306 1690 πλανωμένων·

183 1699 267 1795 μεθ’
285 1709 324 1801 ἣν
346 1713 402 1779 τὸν
424 1710 515 1801 ἀέρα,
539 1705 611 1780 εἶτα
633 1713 672 1779 τὸ
694 1712 790 1800 ὕδωρ,
813 1711 1034 1802 ὑποστάθμην
1050 1710 1087 1778 δὲ
1101 1712 1235 1779 πάντων
1249 1715 1307 1802 τὴν

184 1829 251 1904 γῆν,
275 1817 376 1908 μέσην
398 1819 555 1884 ἀπάντων
570 1815 695 1885 ούσανθ.
712 1857 755 1866 ——
782 1827 855 1884 142.
871 1816 1023 1904 γίνεσθαι
1046 1817 1083 1885 δὲ
1104 1820 1161 1886 τὸν
1174 1819 1306 1904 κόσμον,

183 1923 264 1990 ὅταν
286 1923 323 1991 ἐκ
347 1927 451 2014 πυρὸς
473 1927 493 2014 η
516 1922 611 1991 ούσέα
633 1926 749 2014 τραπῇ
772 1915 819 1990 δι’
846 1923 940 2013 ἀέρος
962 1920 1009 2003 εἷς
1031 1924 1141 2012 ὑγράν,
1171 1917 1244 1992 εἶτα
1266 1927 1306 1993 τὸ

183 2029 369 2120 παχυμερὲς
398 2030 499 2098 αύτοῦ
527 2033 647 2097 συστὰν
675 2029 887 2120 ἀποτελεσθῇ
910 2043 963 2119 γη,
987 2032 1025 2096 τὸ
1049 2030 1085 2096 ἀὲ
1108 2031 1305 2119 λεπτομερές

181 2135 408 2228 ε’ξαραιωθῇ1
432 2136 490 2204 καὶ
519 2125 611 2204 τοῦτ’
637 2135 696 2204 ἐπὶ
726 2137 827 2204 πλέον
856 2135 1038 2203 λεπτυνθὲν
1067 2147 1134 2224 πῦρ
1164 2136 1305 2224 ἀπογεν-

183 2246 278 2334 νήσῃ·
311 2236 384 2311 εἶτα
406 2246 492 2310 κατὰ
513 2243 605 2328 μῖξιν
627 2242 665 2310 ἐκ
687 2243 809 2310 τούτων
832 2243 920 2332 φυτά
942 2267 978 2310 τε
1001 2241 1060 2310 καὶ
1082 2241 1152 2330 ζρῖα
1182 2242 1240 2310 καὶ
1262 2245 1305 2310 τά

180 2350 268 2417 ἀλλα
291 2349 374 2441 γένη.

254 2471 284 2516 a.
309 2457 390 2512 Aeas
413 2457 518 2527 Didym.
543 2457 575 2512 fr.
594 2457 629 2512 τι
656 2456 742 2525 (suu.
766 2455 821 2511 ue.
845 2455 949 2522 1314).
977 2457 1043 2511 uox.
1061 2456 1114 2512 cua
1143 2469 1241 2530 ιρχις
1268 2459 1304 2527 ea

183 2550 335 2621 λεγομένου
359 2549 430 2602 κατὰ
450 2549 623 2620 Χρύσιππον
648 2555 700 2600 τοῦ
723 2550 877 2617 στοιχείου,
903 2542 969 2600 καθ’
987 2545 1036 2600 ἕνα
1060 2548 1114 2620 μέν
1132 2549 1236 2621 τρόπον
1254 2558 1305 2602 τοῦ

181 2637 277 2712 πυρός,
297 2637 346 2691 cau
365 2638 397 2690 τὸ
416 2637 445 2699 ἐξ
463 2637 550 2689 αὐτοῦ
568 2637 602 2688 τὰ
621 2637 706 2690 λοιπά
732 2639 921 2696 συνίστασθαι
939 2636 1010 2688 κατά
1027 2637 1183 2708 μεταβολὴν
1200 2639 1248 2690 καλ
1265 2641 1303 2698 εὶς

184 2727 252 2779 αύτὸ
276 2728 429 2799 λαμβάνειν
451 2726 500 2791 τὴν
527 2727 673 2779 ἀνάλυσιν·
703 2720 771 2778 καθ’
789 2723 881 2796 ἕτερον
899 2723 946 2792 ύέ,
971 2726 1043 2778 καθὸ
1062 2727 1170 2794 λέγεται
1188 2727 1222 2778 τά
1241 2729 1303 2782 τέσ-

184 2829 257 2888 σαρα
276 2820 401 2884 στοιχεῖα
420 2823 476 2886 πῦρ
495 2814 547 2885 ἀὴρ
566 2813 640 2888 ύάωρ
657 2821 706 2883 γῆ,
726 2814 787 2866 ἐπεὶ
805 2812 854 2866 ἀιά
873 2814 979 2866 τούτων
997 2814 1071 2874 τινὸς
1089 2816 1105 2879 ἢ
1123 2823 1205 2866 τινων
1222 2817 1238 2880 ἣ
1255 2818 1303 2868 καὶ

183 2905 296 2956 πάντων
322 2904 357 2956 τά
384 2904 470 2955 λσιπά
499 2906 652 2969 συνέστηκε,
677 2931 711 2941 -
735 2903 806 2957 κατὰ
825 2907 919 2977 τρίτον
936 2903 1020 2972 λόγον
1037 2905 1145 2972 λέγεται
1164 2909 1303 2974 στοιχεῖον

183 2990 253 3045 εἶναι
272 2991 288 3045 ὃ
305 3001 415 3065 πρῶτον
433 2995 596 3058 συνέστηκεν
610 2992 702 3056 οὕτως,
721 2989 791 3046 ὥστε
808 2993 917 3060 γένεσιν
935 2990 1048 3044 ύιάάναι
1067 2986 1120 3062 ἀφ’
1139 2993 1225 3044 αὑτοῦ
1245 2991 1303 3062 deici

180 3083 264 3153 μέχρι
283 3082 382 3141 τέλους,
400 3084 447 3133 καλ
465 3080 494 3141 ἐξ
512 3081 617 3134 ἐκείνου
635 3081 684 3146 τὴν
702 3081 836 3132 ἀνάλυσιν
854 3079 990 3150 δέχεσθαι
1008 3083 1046 3140 εἰς
1064 3079 1146 3133 έαιπό
1164 3083 1197 3154 τῇ
1217 3083 1302 3154 ὁμοία

179 3167 248 3237 ὁδῷ.
284 3167 359 3222 Inter
371 3167 500 3238 principia
518 3171 546 3221 et
563 3167 692 3221 elementa
706 3167 777 3238 quid·
787 3167 896 3221 interait
913 3167 1030 3221 cernitur
1048 3183 1079 3221 ex
1091 3168 1169 3237 Diog.
1182 3168 1234 3222 VH
1249 3169 1303 3224 134

182 3255 327 3331 διαφέρειν
345 3257 380 3312 δέ
397 3275 486 3328 φασιν
504 3258 591 3328 ἀρχάς
609 3259 656 3310 καὶ
675 3262 813 3328 στοιχεῖα·
843 3258 892 3318 τάς
911 3257 965 3330 μὲν
989 3258 1043 3328 γάρ
1060 3257 1131 3310 εἶναι
1154 3258 1302 3327 ἀγενήτους

178 3349 229 3398 καλ
247 3346 418 3418 ἀφθάρτους,
439 3348 473 3399 τά
492 3345 524 3400 ἀὲ
543 3352 669 3417 στοιχεῖα
687 3347 758 3400 κατά
777 3347 827 3413 τὴν
844 3347 998 3418 ἐκπύρωσιν
1017 3351 1193 3418 φθείρεσθαι.

252 3449 285 3510 b.
308 3449 440 3516 Quattuor
464 3451 601 3506 elementis
626 3453 778 3506 continetur
801 3452 885 3506 omnia
910 3469 976 3523 quae
1000 3453 1059 3506 erat
1085 3453 1147 3505 acte
1173 3451 1301 3506 mundum

176 3540 350 3594 exsistentem
367 3541 479 3594 matoria
496 3542 567 3596 omni
585 3541 714 3612 qualitate
732 3557 831 3596 carena.

252 3659 280 3702 e.
305 3645 343 3702 cf.
363 3645 484 3702 Cleanth.
504 3664 546 3718 ap.
565 3647 639 3703 sub.
657 3647 713 3704 Ecl.
731 3647 830 3716 1372;
848 3647 986 3720 Chrysipp.
1005 3665 1046 3719 ap.
1062 3647 1134 3702 Plut.
1145 3645 1224 3702 ἀλοία
1233 3646 1299 3719 Rep.

180 3735 225 3803 41,
243 3735 260 3790 3
278 3751 305 3805 p.
326 3735 395 3790 1053
422 3738 439 3802 ἡ
462 3737 494 3790 δέ
513 3739 599 3812 πυρὸς
616 3739 755 3809 μεταβολή
774 3740 833 3792 ἔστι
851 3740 977 3805 τοιαύτη
1006 3733 1047 3791 δι’
1072 3739 1150 3810 ἀέρος
1168 3741 1207 3800 εἰς
1226 3737 1300 3812 ύύωρ

179 3829 319 3900 τρέπεται·
338 3826 391 3880 κάκ
409 3826 510 3879 τούτου
528 3834 577 3894 γῆς
596 3827 784 3898 ὑφισταμένης
799 3827 850 3901 ἀὴρ
868 3827 1074 3900 ἀναθυμιᾶται·
1094 3829 1300 3894 λεπτυνομένου

180 3911 213 3968 ἀὲ
240 3923 291 3967 τοῦ
316 3914 395 3988 ἀέρος
423 3914 542 3988 ὀαίθὴρ
566 3919 721 3989 περιχεῖται
743 3915 843 3984 κύκλῳ,
872 3916 900 3968 οἱ
918 3909 948 3969 δ’
967 3915 1077 3987 ἀστέρες
1102 3915 1131 3968 έκ
1154 3915 1299 3981 θαλάσσης

162 4077 166 4086 ¹
178 4003 251 4075 μετὰ
279 4012 330 4056 τοῦ
355 4003 434 4070 ἡλίου
462 4005 647 4058 &admoneat
675 4019 741 4074 quae
765 4002 846 4057 ducta
873 4005 937 4057 sunt
961 4019 993 4057 ex
1017 4001 1136 4056 doctrina
1159 3999 1298 4069 Heracliti,

178 4095 222 4143 R?
240 4091 307 4145 31b.

125 4227 170 4268 ⁴⁰⁶
245 4215 954 4300 Plut.decomm.thit.49,1p.1085.
1007 4212 1057 4279 Τά
1080 4235 1115 4299 γε
1135 4215 1198 4302 μὴν
1221 4211 1259 4280 τέ
1280 4253 1297 4265 -
1336 4211 1472 4263 ⁵³³⁸¹¹¹⁰¹¹¹¹¹²

1326 4265 1480 4308 elementorum

179 4341 265 4410 σαρα
288 4322 436 4406 σώματα,
460 4321 596 4411 γῆνκαὶ
618 4323 713 4412 ὕδωρ,
737 4321 817 4410 ἀέρα
839 4345 875 4388 τι
896 4319 955 4387 καὶ
971 4331 1046 4409 πῦρ,
1069 4331 1188 4408 πρῶτα
1203 4341 1294 4387 στοι-
1322 4317 1469 4360 'mmm‘

251 4499 278 4565 1)
296 4501 450 4575 έξαραιωθῇ
468 4500 523 4554 cod.
541 4500 657 4556 BP¹F2
676 4502 814 4576 ἐξαερωθῇ
832 4496 871 4554 Ρ“
888 4497 978 4555 Cobet.
