3146 4982
599 328 675 382 Philo
693 329 813 382 iudaeus.
1215 327 1268 388 499

145 486 159 538 I
180 489 211 541 13
231 503 256 555 p.
277 488 330 542 632
350 498 460 560 πρῶτον
477 490 531 560 μὲν
550 491 565 542 ὁ
583 491 647 548 θεὸς
666 501 724 559 φῶς
745 491 810 553 ἐστι,
832 493 864 528 -’-
884 493 930 542 καλ
950 492 983 542 οὐ
1000 491 1089 561 μόνον
1108 501 1177 560 ιγῶς,
1198 493 1266 544 ἀλλά

146 581 192 629 καὶ
212 578 316 638 παντὸς
335 578 428 652 ἑτέρου
447 579 537 648 φωτὸς
556 579 721 648 ἀρχέτυπον,
740 577 893 650 μᾶλλονδὲ
908 579 1065 650 ἀρχετύπου
1085 581 1269 653 πρεσβύτερον

146 671 193 718 καὶ
212 667 354 738 ἀνώτερον.
391 665 430 720 lb.
451 667 485 719 19
503 683 528 735 p.
549 665 615 732 638,
644 666 690 718 ubi
715 667 853 719 asceticam
872 667 1119 736 contemplationem
1138 667 1217 732 dicit,
1245 667 1267 720 si

147 769 252 806 sursum
270 753 378 821 feratur,
398 761 459 814 ταῖς
479 757 643 824 ἀρχετύποις
657 759 703 808 καὶ
718 757 877 827 ἀσωμάτοις
891 756 983 810 ἀκτῖσι
997 765 1043 822 τῆς
1056 759 1166 824 λογικῆς
1180 765 1268 824 πηγῆς

147 853 198 896 τοῦ
216 846 382 916 τελεσφόρου
401 851 469 898 θεοῦ
487 845 729 916 περιλάμπεσθαι,
751 843 773 896 si
792 843 927 908 deorsum,
953 850 1013 904 ταῖς
1032 845 1140 898 ἐκείνων
1157 847 1267 907 εἰκόσιν,

148 934 301 992 ἀθανάτοις
329 933 433 1000 λόγοις,
455 933 509 992 οὓς
536 934 630 986 καλεῖν
657 933 721 992 ἔθος
747 933 894 1001 ἀγγέλους,
923 931 954 984 cf.
974 937 1017 983 a?
1035 932 1118 985 eale.
1156 930 1268 986 Omnino

147 1021 277 1090 quomodo
299 1022 446 1090 potestates
471 1019 533 1073 illae
558 1019 660 1072 divinae
685 1022 764 1088 atque
788 1021 895 1072 verbum
921 1019 975 1085 dei,
1003 1020 1113 1089 denique
1141 1021 1268 1090 quomodo

147 1109 262 1164 mundus
281 1109 457 1177 intelligibilis
477 1125 507 1161 ac
526 1109 659 1162 sensibilis
684 1125 715 1164 ex
734 1109 781 1162 deo
800 1123 902 1162 summo
921 1109 1064 1175 exstiterit,
1083 1109 1132 1162 hoo
1149 1109 1269 1177 imagini-

147 1199 198 1252 bus
221 1199 315 1252 multis
339 1201 419 1268 atque
443 1197 552 1252 diversis
579 1197 663 1266 magis
686 1197 758 1252 ludit
781 1213 859 1267 quam
878 1197 957 1251 certis
976 1199 1122 1252 rationibus
1141 1199 1267 1270 explieat;

148 1303 231 1357 neque
250 1287 423 1340 emanationis
447 1285 606 1353 doctrinam,
632 1286 655 1339 si
673 1287 741 1339 hanc
765 1287 788 1340 ei
807 1285 923 1339 tribuere
943 1286 1022 1352 velis,
1042 1287 1081 1339 ita
1099 1288 1219 1356 sequitur
1237 1291 1269 1340 ut

149 1377 263 1444 origlnee
281 1379 310 1429 et
328 1375 444 1429 diversos
462 1375 562 1443 gradus
587 1391 674 1428 rerum
693 1377 840 1428 creatarum
859 1377 932 1428 certa
950 1375 1051 1429 ratione
1068 1375 1129 1429 inde
1149 1376 1268 1430 deducat.

148 1463 276 1518 Similiter
300 1465 381 1517 etiam
405 1468 453 1518 τὸν
477 1466 561 1533 λόγον
586 1463 662 1518 modo
687 1465 894 1518 instrumentum
920 1463 961 1516 dei
986 1465 1014 1517 iu
1039 1465 1135 1518 mundo
1159 1465 1269 1518 creando

149 1553 297 1606 adhibitum
316 1553 381 1606 dicit
399 1555 452 1620 (ΕΡ
470 1553 563 1619 492ο),
582 1553 658 1606 modo
676 1553 763 1622 ipsum
781 1553 867 1606 inesse
885 1553 1032 1619 inmundo,
1052 1569 1128 1622 quem
1143 1556 1269 1623 tanquam

148 1646 248 1696 vestem
273 1641 409 1696 inductam
434 1644 535 1708 teneat,
563 1644 688 1711 tanquam
707 1641 838 1695 vinculum
857 1641 1004 1708 contineat,
1024 1644 1150 1711 tanquam
1168 1643 1209 1696 lex
1228 1643 1269 1696 dei

147 1731 254 1797 fulciat,
289 1734 415 1800 tanquam
443 1747 544 1784 summa
572 1747 650 1783 cauea
676 1733 811 1800 penetret,
839 1731 870 1784 cf.
897 1730 934 1783 De
958 1729 1063 1798 Profug.
1090 1731 1125 1784 20
1152 1749 1177 1800 p.
1203 1731 1268 1796 5623

149 1819 213 1885 Quis
233 1819 295 1873 Rer.
314 1819 373 1872 Div.
393 1819 459 1872 Her.
479 1820 514 1872 24
533 1835 558 1888 p.
577 1818 644 1884 489;
670 1819 704 1872 38
723 1836 748 1888 p.
767 1818 834 1886 4993
854 1819 893 1872 De
911 1818 1028 1872 Plantat.
1047 1818 1103 1872 Noe
1122 1821 1138 1872 2
1157 1837 1181 1889 p.
1201 1821 1268 1886 331;

147 1909 187 1962 De
206 1907 295 1977 Agris.
316 1907 350 1960 12
368 1925 394 1976 p.
413 1908 474 1961 308.
512 1905 570 1971 Qua
594 1908 622 1960 in
645 1923 672 1960 re
697 1923 883 1976 nonnunquam
909 1907 1126 1960 similitudinibus
1152 1908 1206 1960 suis
1230 1909 1288 1981 ita·

148 1998 278 2065 iungitur,
302 1999 334 2049 ut
358 1996 487 2065 duplicem
505 1999 588 2064 λόγον
612 2013 671 2048 cum
689 1997 716 2048 in
735 1996 838 2050 homine
857 1998 915 2048 tum
933 1997 961 2048 in
980 1996 1050 2048 omni
1068 2012 1155 2049 rerum
1173 1999 1271 2050 natura

71 2138 73 2141 ,
148 2086 235 2140 inesse
260 2085 347 2152 dicat,
374 2085 487 2138 alterum
511 2085 728 2138 ἐνδιάθετον
753 2085 867 2138 alterum
894 2086 1113 2156 προφορικόν
1137 2087 1214 2154 (quae
1233 2085 1270 2138 di-

149 2175 258 2228 stinctio
278 2191 293 2226 a
312 2173 407 2226 Stoicis
425 2173 567 2244 repetenda
586 2175 635 2238 est,
654 2190 677 2226 v.
697 2178 741 2226 BP
759 2173 811 2226 391
820 2173 853 2238 a),
872 2191 896 2226 v.
915 2172 970 2225 Vit.
989 2172 1055 2226 Mos.
1074 2172 1162 2226 11113
1181 2191 1206 2244 p.
1218 2173 1271 2228 154

150 2264 243 2323 διττὸς
261 2264 316 2334 γάρ
336 2265 350 2314 ὁ
368 2265 450 2331 λόγος
468 2263 498 2316 ἓν
517 2281 544 2315 τε
564 2265 601 2330 τῷ
621 2265 771 2315 παντὶκαὶ
790 2263 819 2315 ἓν
839 2263 991 2336 ἀνθρώπου
1012 2264 1105 2332 φύσει·
1134 2265 1204 2315 κατὰ
1217 2263 1271 2334 μὲν

150 2355 181 2406 τὸ
201 2361 259 2405 πᾶν
279 2351 294 2403 ό
312 2369 341 2404 τε
360 2355 423 2422 περὶ
442 2361 496 2403 τῶν
515 2352 672 2422 ἀσωμάτων
689 2354 736 2403 καὶ
756 2350 1020 2422 παραδειγματικῶν
1040 2349 1131 2413 ἰδεῶν,
1152 2352 1181 2412 ἐξ
1200 2346 1236 2403 ὧν
1256 2355 1271 2404 ὁ

149 2443 246 2506 νοητὸς
274 2441 364 2508 ἐπάγη
392 2427 509 2510 κόσμος,
537 2443 584 2492 καὶ
612 2439 627 2490 ό
656 2442 718 2508 περὶ
743 2449 797 2490 τῶν
816 2441 935 2508 ὁρατῶν,
966 2437 1038 2504 tut
1055 2440 1206 2510 μιμήματα
1225 2445 1271 2492 καὶ

150 2531 374 2600 ἀπεικονίσματα
393 2539 449 2580 τῶν
467 2528 548 2581 ἰδεῶν
566 2528 675 2581 ἐκείνων
693 2529 784 2592 ἐστίν,
810 2529 839 2588 ἐξ
857 2522 895 2579 ὧν
914 2529 929 2580 ὁ
949 2529 1082 2593 αἰσθητὸς
1105 2520 1184 2588 οὗτος
1203 2531 1271 2582 ἀπε·

150 2621 268 2672 saletto*
295 2619 325 2671 ἐν
344 2618 482 2688 ἀνθρώπῳ
502 2615 533 2670 δὲ
553 2619 568 2668 ὁ
585 2620 639 2686 μέν
657 2617 736 2670 ἐστιν
754 2615 915 2676 ἐνδιάθετος
935 2619 949 2668 ὸ
968 2615 1000 2668 δὲ
1019 2617 1200 2690 προφορικός,
1225 2621 1272 2670 καὶ

152 2707 238 2778 ὁμὲν
267 2699 313 2758 οἷά
342 2725 382 2764 τις
411 2707 498 2774 πηγή,
528 2705 594 2758 ddi
612 2707 732 2774 γεγωνὸς
752 2700 804 2758 ἀπ’
822 2707 926 2758 ἐκείνου
945 2706 1026 2776 ῥέων,
1056 2704 1086 2756 cf.
1106 2704 1145 2756 De
1163 2704 1270 2774 Migrat.

151 2793 250 2848 Abrah.
266 2795 299 2847 13
319 2811 343 2862 p.
359 2791 420 2846 447.
457 2793 496 2845 De
514 2793 686 2862 ipsomundo
705 2796 792 2845 creato
811 2794 839 2844 et
857 2791 888 2845 de
902 2791 1066 2862 providentia
1084 2792 1171 2846 divina
1190 2793 1271 2864 deque

150 2883 229 2935 rebus
248 2881 415 2934 naturalibus
440 2881 530 2950 paucis
555 2881 703 2934 immutatis
722 2881 820 2950 repetit
838 2897 868 2934 ea
886 2897 952 2950 quae
971 2881 1041 2950 apud
1060 2879 1171 2934 Graecos
1190 2881 1272 2951 philo·

151 2971 260 3040 sophos,
289 2970 427 3022 Platonem
454 2970 564 3022 maxime
589 2971 617 3022 et
634 2969 747 3036 Stoicos,
774 2969 882 3036 legerat.
919 2968 1043 3022 Notabile
1066 2985 1125 3022 vero
1144 2974 1272 3038 quantum

151 3059 267 3112 numeris
286 3058 424 3126 indulgeat
442 3074 522 3112 novos
540 3058 718 3126 Pythagoreos
737 3058 765 3110 in
783 3058 825 3111 his
844 3061 958 3124 secutus,
985 3058 1016 3112 cf.
1035 3058 1074 3111 De
1092 3057 1185 3112 Mundi
1204 3057 1270 3128 Opil.

151 3150 168 3201 3
187 3166 212 3217 p.
232 3149 263 3214 3;
283 3147 317 3200 15
336 3164 361 3216 p.
381 3147 429 3212 10;
449 3147 484 3200 20
502 3163 527 3215 p.
547 3146 595 3212 14;
615 3147 721 3200 30-43
739 3163 764 3215 p.
784 3146 898 3200 21-30.

99 3369 142 3410 4⁹4
218 3361 267 3424 Do
293 3359 400 3424 Somn.
423 3359 502 3422 122
527 3379 556 3442 p.
582 3366 655 3423 641.
699 3345 786 3424 Ἀπὸ
802 3359 862 3442 γάρ
885 3369 943 3444 τῆς
958 3357 1147 3444 σεληνιακῆς
1170 3354 1270 3444 αφαί-
1299 3354 1416 3460 ‘ss‘ffii

151 3491 228 3552 ρας,
258 3463 297 3553 ἣν
330 3463 464 3551 ἐσχάτην
486 3463 545 3546 μὲν
568 3477 632 3528 τῶν
655 3451 734 3528 κατ>
753 3461 887 3550 οὐρανὸν
909 3463 1048 3542 κύκλων,
1080 3463 1214 3550 πρώτην
1236 3462 1273 3528 δὲ

150 3584 216 3636 τῶν
246 3571 332 3657 πρὸς
364 3571 447 3656 ἡμᾶς
471 3569 712 3658 ἀναγράφουσιν
739 3566 770 3636 ολ
794 3567 989 3656 φροντισταί
1011 3581 1076 3634 τῶν
1097 3569 1272 3654 μετεώρων,

152 3677 227 3764 ἀχρι
257 3689 315 3764 γῆς
345 3675 481 3764 ἐσχάτης
510 3675 611 3764 ὸάὴρ
642 3675 748 3764 πάντῃ
779 3673 897 3753 ταθεὶς
920 3671 1075 3763 ἔφθακεν.
1122 3669 1215 3753 οὗτος
1238 3674 1274 3740 δέ

153 3784 224 3849 ἐστι
255 3794 369 3870 ψυχῶν
399 3779 580 3864 ἀσωμάτων
604 3773 708 3862 οἶκος,
738 3780 853 3868 ἐπειδὴ
882 3780 993 3845 πάντα
1016 3781 1064 3868 τῷ
1087 3779 1209 3869 ποιητῇ
1232 3783 1273 3846 τά

152 3901 211 3956 τοῦ
240 3888 363 3970 κόσμον
394 3886 475 3975 μέρη
504 3887 605 3952 καλὸν
634 3884 741 3966 ἔδοξεν
771 3878 853 3952 εἶναι
876 3883 968 3973 ζώων
990 3887 1188 3974 ἀναπλῆσαι.
1218 3887 1274 3952 διά

152 4006 249 4062 τοῦτο
284 3995 324 4080 pp*
358 3993 418 4076 μὲν
451 3995 493 4058 τὰ
521 3997 656 4080 χερσαῖα
687 3992 951 4078 ἐγκατοσκεόασε,
982 3993 1134 4080 θαλάττῃ
1158 3991 1274 4058 δὲκαὶ

153 4103 322 4183 ποταμοῖς
344 4101 386 4164 τὰ
409 4095 532 4185 ἔνυδρα,
558 4097 683 4185 οὐρανῷ
705 4097 742 4164 dd
763 4100 838 4176 τοὺς
854 4096 1008 4185 ἀστέρας·
1031 4098 1089 4164 καὶ
1112 4101 1173 4184 γάρ
1197 4096 1273 4163 ἕκα-

153 4229 238 4272 στον.
253 4205 376 4271 τούτων
399 4202 438 4269 οὐ
459 4205 556 4286 μόνον
578 4203 668 4290 ζῷον,
704 4204 786 4268 ἀλλά
810 4203 867 4268 καὶ
890 4215 961 4282 νοῦς
984 4205 1057 4282 ὅλος
1081 4195 1127 4270 δι’
1151 4203 1233 4270 ὅλων
1257 4205 1274 4268 ὸ

154 4312 397 4398 καθαρώτατος
426 4302 509 4374 εἶναι
539 4309 700 4394 λέγεταιῑῑ·
736 4312 819 4376 ὥστε
848 4308 906 4374 καὶ
930 4309 962 4376 ἐν
985 4312 1033 4396 τῷ
1055 4308 1165 4396 λοιπῷ
1192 4311 1274 4398 τμή-

152 4444 236 4502 ματι
259 4427 318 4484 τοῦ
339 4415 472 4496 παντός,
497 4414 576 4504 ἀέρι,
601 4415 668 4502 ζῷα
693 4414 824 4500 γέγονεν.
848 4413 877 4480 εὶ
893 4414 929 4480 δὲ
943 4417 988 4505 μὴ
1005 4414 1160 4506 αἰσθήσει
1171 4441 1274 4482 κατα-
