<?xml version="1.0" encoding="UTF-8"?>
<!DOCTYPE html PUBLIC "-//W3C//DTD XHTML 1.0 Transitional//EN"
    "http://www.w3.org/TR/xhtml1/DTD/xhtml1-transitional.dtd">
<html xmlns="http://www.w3.org/1999/xhtml" xml:lang="en" lang="en">
 <head>
  <title>
</title>
<meta http-equiv="Content-Type" content="text/html;charset=utf-8" />
  <meta name='ocr-system' content='tesseract 3.04.00' />
  <meta name='ocr-capabilities' content='ocr_page ocr_carea ocr_par ocr_line ocrx_word'/>
</head>
<body>
  <div class='ocr_page' id='page_1' title='image "./historiaphiloso00rittgoog_0198.png"; bbox 0 0 3140 4990; ppageno 0'>
   <div class='ocr_carea' id='block_1_1' title="bbox 281 257 907 330">
    <p class='ocr_par' dir='ltr' id='par_1_1' title="bbox 281 257 907 330">
     <span class='ocr_line' id='line_1_1' title="bbox 281 257 907 330; baseline -0.006 -14"><span class='ocrx_word' id='word_1_1' title='bbox 281 257 334 318; x_wconf 81' lang='grc'><strong><em>190</em></strong></span> <span class='ocrx_word' id='word_1_2' title='bbox 762 258 907 330; x_wconf 74' lang='lat' dir='ltr'><strong>Sophisbne.</strong></span> 
     </span>
    </p>
   </div>
   <div class='ocr_carea' id='block_1_2' title="bbox 131 417 1400 2317">
    <p class='ocr_par' dir='ltr' id='par_1_2' title="bbox 280 417 1399 508">
     <span class='ocr_line' id='line_1_2' title="bbox 280 417 1399 508; baseline 0.001 -25"><span class='ocrx_word' id='word_1_3' title='bbox 280 418 423 484; x_wconf 82' lang='grc' dir='ltr'><strong><em>ίπταται</em></strong></span> <span class='ocrx_word' id='word_1_4' title='bbox 446 419 466 508; x_wconf 74' lang='grc' dir='ltr'>ἢ</span> <span class='ocrx_word' id='word_1_5' title='bbox 489 421 619 504; x_wconf 77' lang='grc' dir='ltr'><strong><em>ἅρματα</em></strong></span> <span class='ocrx_word' id='word_1_6' title='bbox 643 417 676 484; x_wconf 81' lang='grc' dir='ltr'><strong><em>ἐν</em></strong></span> <span class='ocrx_word' id='word_1_7' title='bbox 698 419 834 505; x_wconf 77' lang='grc' dir='ltr'><em>πελάγει</em></span> <span class='ocrx_word' id='word_1_8' title='bbox 856 417 969 507; x_wconf 82' lang='grc' dir='ltr'><strong><em>τρέχει.</em></strong></span> <span class='ocrx_word' id='word_1_9' title='bbox 1016 421 1099 485; x_wconf 81' lang='grc' dir='ltr'><strong><em>ὥστε</em></strong></span> <span class='ocrx_word' id='word_1_10' title='bbox 1128 417 1165 484; x_wconf 88' lang='grc' dir='ltr'><strong><em>ού</em></strong></span> <span class='ocrx_word' id='word_1_11' title='bbox 1194 420 1237 484; x_wconf 82' lang='grc' dir='ltr'><strong><em>τὰ</em></strong></span> <span class='ocrx_word' id='word_1_12' title='bbox 1260 419 1399 506; x_wconf 89' lang='grc' dir='ltr'><strong><em>φρονού-</em></strong></span> 
     </span>
    </p>

    <p class='ocr_par' dir='ltr' id='par_1_3' title="bbox 280 522 1400 614">
     <span class='ocr_line' id='line_1_3' title="bbox 280 522 1400 614; baseline -0.001 -23"><span class='ocrx_word' id='word_1_13' title='bbox 280 524 359 606; x_wconf 87' lang='grc' dir='ltr'><strong><em>μενά</em></strong></span> <span class='ocrx_word' id='word_1_14' title='bbox 383 523 470 590; x_wconf 79' lang='grc' dir='ltr'><strong><em>ἐστιν</em></strong></span> <span class='ocrx_word' id='word_1_15' title='bbox 491 522 577 590; x_wconf 91' lang='grc' dir='ltr'><strong><em>ὄντα.</em></strong></span> <span class='ocrx_word' id='word_1_16' title='bbox 625 535 676 593; x_wconf 87' lang='grc'><strong><em>80.</em></strong></span> <span class='ocrx_word' id='word_1_17' title='bbox 700 527 784 613; x_wconf 88' lang='grc' dir='ltr'><strong><em>πρὸς</em></strong></span> <span class='ocrx_word' id='word_1_18' title='bbox 806 527 934 605; x_wconf 79' lang='grc' dir='ltr'><strong><em>τούτοις</em></strong></span> <span class='ocrx_word' id='word_1_19' title='bbox 963 522 992 592; x_wconf 82' lang='grc' dir='ltr'><strong><em>εί</em></strong></span> <span class='ocrx_word' id='word_1_20' title='bbox 1021 527 1064 591; x_wconf 85' lang='grc' dir='ltr'><strong><em>τὰ</em></strong></span> <span class='ocrx_word' id='word_1_21' title='bbox 1086 525 1287 614; x_wconf 88' lang='grc' dir='ltr'><strong><em>φρονούμενά</em></strong></span> <span class='ocrx_word' id='word_1_22' title='bbox 1310 524 1400 591; x_wconf 84' lang='grc' dir='ltr'><strong><em>ε’στιν</em></strong></span> 
     </span>
    </p>

    <p class='ocr_par' dir='ltr' id='par_1_4' title="bbox 131 627 1399 722">
     <span class='ocr_line' id='line_1_4' title="bbox 131 627 1399 722; baseline 0.002 -27"><span class='ocrx_word' id='word_1_23' title='bbox 131 667 134 678; x_wconf 87' lang='grc'><strong><em>·</em></strong></span> <span class='ocrx_word' id='word_1_24' title='bbox 252 635 254 638; x_wconf 77' lang='grc'><strong>’</strong></span> <span class='ocrx_word' id='word_1_25' title='bbox 280 627 373 712; x_wconf 91' lang='grc' dir='ltr'><strong><em>ὄντα,</em></strong></span> <span class='ocrx_word' id='word_1_26' title='bbox 402 633 444 696; x_wconf 86' lang='grc' dir='ltr'><strong><em>τὰ</em></strong></span> <span class='ocrx_word' id='word_1_27' title='bbox 466 633 510 721; x_wconf 82' lang='grc' dir='ltr'><strong><em>μὴ</em></strong></span> <span class='ocrx_word' id='word_1_28' title='bbox 533 629 611 698; x_wconf 89' lang='grc' dir='ltr'><strong><em>ὄντα</em></strong></span> <span class='ocrx_word' id='word_1_29' title='bbox 635 631 672 698; x_wconf 86' lang='grc' dir='ltr'><strong><em>ού</em></strong></span> <span class='ocrx_word' id='word_1_30' title='bbox 695 633 948 722; x_wconf 83' lang='grc' dir='ltr'><strong><em>φρονηθήσεται.</em></strong></span> <span class='ocrx_word' id='word_1_31' title='bbox 993 636 1063 712; x_wconf 85' lang='grc' dir='ltr'><strong><em>τοῖς</em></strong></span> <span class='ocrx_word' id='word_1_32' title='bbox 1091 635 1152 720; x_wconf 86' lang='grc' dir='ltr'><strong><em>γὰρ</em></strong></span> <span class='ocrx_word' id='word_1_33' title='bbox 1175 629 1333 712; x_wconf 75' lang='grc' dir='ltr'><strong><em>ἐναντίοις</em></strong></span> <span class='ocrx_word' id='word_1_34' title='bbox 1356 634 1399 698; x_wconf 87' lang='grc' dir='ltr'><strong><em>τά</em></strong></span> 
     </span>
    </p>

    <p class='ocr_par' dir='ltr' id='par_1_5' title="bbox 280 734 1399 828">
     <span class='ocr_line' id='line_1_5' title="bbox 280 734 1399 828; baseline 0.003 -27"><span class='ocrx_word' id='word_1_35' title='bbox 280 734 410 803; x_wconf 84' lang='grc' dir='ltr'><strong><em>ε’ναντία</em></strong></span> <span class='ocrx_word' id='word_1_36' title='bbox 433 737 640 828; x_wconf 87' lang='grc' dir='ltr'><strong><em>συμβέβηκεν,</em></strong></span> <span class='ocrx_word' id='word_1_37' title='bbox 664 737 806 806; x_wconf 77' lang='grc' dir='ltr'><strong><em>ἐναντίον</em></strong></span> <span class='ocrx_word' id='word_1_38' title='bbox 829 738 866 806; x_wconf 86' lang='grc' dir='ltr'><strong><em>ἀέ</em></strong></span> <span class='ocrx_word' id='word_1_39' title='bbox 888 738 958 806; x_wconf 86' lang='grc' dir='ltr'><strong><em>έστι</em></strong></span> <span class='ocrx_word' id='word_1_40' title='bbox 981 741 1029 827; x_wconf 75' lang='grc' dir='ltr'><strong><em>τῷ</em></strong></span> <span class='ocrx_word' id='word_1_41' title='bbox 1051 736 1120 806; x_wconf 91' lang='grc' dir='ltr'><strong><em>ὄντι</em></strong></span> <span class='ocrx_word' id='word_1_42' title='bbox 1143 741 1181 806; x_wconf 88' lang='grc' dir='ltr'><strong><em>τὸ</em></strong></span> <span class='ocrx_word' id='word_1_43' title='bbox 1199 741 1244 828; x_wconf 75' lang='grc' dir='ltr'><strong><em>μὴ</em></strong></span> <span class='ocrx_word' id='word_1_44' title='bbox 1266 737 1316 805; x_wconf 93' lang='grc' dir='ltr'><strong><em>ὄν·</em></strong></span> <span class='ocrx_word' id='word_1_45' title='bbox 1340 738 1399 805; x_wconf 83' lang='grc' dir='ltr'><strong><em>καὶ</em></strong></span> 
     </span>
    </p>

    <p class='ocr_par' dir='ltr' id='par_1_6' title="bbox 280 843 1399 935">
     <span class='ocr_line' id='line_1_6' title="bbox 280 843 1399 935; baseline 0.004 -27"><span class='ocrx_word' id='word_1_46' title='bbox 280 843 336 908; x_wconf 79' lang='grc' dir='ltr'><strong><em>διὰ</em></strong></span> <span class='ocrx_word' id='word_1_47' title='bbox 359 854 453 911; x_wconf 78' lang='grc' dir='ltr'><strong><em>τοῦτο</em></strong></span> <span class='ocrx_word' id='word_1_48' title='bbox 478 845 609 925; x_wconf 90' lang='grc' dir='ltr'><strong><em>πάντως</em></strong></span> <span class='ocrx_word' id='word_1_49' title='bbox 632 843 660 912; x_wconf 81' lang='grc' dir='ltr'><strong><em>εἰ</em></strong></span> <span class='ocrx_word' id='word_1_50' title='bbox 683 847 731 933; x_wconf 76' lang='grc' dir='ltr'><strong><em>τῷ</em></strong></span> <span class='ocrx_word' id='word_1_51' title='bbox 753 843 822 912; x_wconf 93' lang='grc' dir='ltr'><strong><em>ὄντι</em></strong></span> <span class='ocrx_word' id='word_1_52' title='bbox 845 845 1029 935; x_wconf 89' lang='grc' dir='ltr'><strong><em>συμβέβηκε</em></strong></span> <span class='ocrx_word' id='word_1_53' title='bbox 1051 848 1089 912; x_wconf 86' lang='grc' dir='ltr'><strong><em>τὸ</em></strong></span> <span class='ocrx_word' id='word_1_54' title='bbox 1111 850 1326 934; x_wconf 87' lang='grc' dir='ltr'><strong><em>φρονεῖσθαι,</em></strong></span> <span class='ocrx_word' id='word_1_55' title='bbox 1349 844 1399 933; x_wconf 73' lang='grc' dir='ltr'><strong><em>τῷ</em></strong></span> 
     </span>
    </p>

    <p class='ocr_par' dir='ltr' id='par_1_7' title="bbox 278 935 1399 1042">
     <span class='ocr_line' id='line_1_7' title="bbox 278 935 1399 1042; baseline 0.003 -26"><span class='ocrx_word' id='word_1_56' title='bbox 278 951 324 1038; x_wconf 77' lang='grc' dir='ltr'><strong><em>μὴ</em></strong></span> <span class='ocrx_word' id='word_1_57' title='bbox 358 948 426 1018; x_wconf 91' lang='grc' dir='ltr'><strong><em>ὄντι</em></strong></span> <span class='ocrx_word' id='word_1_58' title='bbox 451 935 659 1041; x_wconf 83' lang='grc' dir='ltr'><strong><em>Ισυμβήσεται</em></strong></span> <span class='ocrx_word' id='word_1_59' title='bbox 692 955 730 1020; x_wconf 86' lang='grc' dir='ltr'><strong><em>τὸ</em></strong></span> <span class='ocrx_word' id='word_1_60' title='bbox 762 955 808 1042; x_wconf 74' lang='grc' dir='ltr'><strong><em>μὴ</em></strong></span> <span class='ocrx_word' id='word_1_61' title='bbox 847 957 1053 1042; x_wconf 88' lang='grc' dir='ltr'><strong><em>φρονεῖσθαι.</em></strong></span> <span class='ocrx_word' id='word_1_62' title='bbox 1108 953 1234 1019; x_wconf 83' lang='grc' dir='ltr'><strong><em>ύτοπον</em></strong></span> <span class='ocrx_word' id='word_1_63' title='bbox 1267 942 1301 1020; x_wconf 77' lang='grc' dir='ltr'><strong><em>δ’</em></strong></span> <span class='ocrx_word' id='word_1_64' title='bbox 1328 949 1399 1019; x_wconf 75' lang='grc' dir='ltr'><strong><em>ἔστι</em></strong></span> 
     </span>
    </p>

    <p class='ocr_par' dir='ltr' id='par_1_8' title="bbox 278 1056 1398 1148">
     <span class='ocr_line' id='line_1_8' title="bbox 278 1056 1398 1148; baseline 0.003 -26"><span class='ocrx_word' id='word_1_65' title='bbox 278 1068 389 1123; x_wconf 82' lang='grc' dir='ltr'><strong><em>τοῦτο·</em></strong></span> <span class='ocrx_word' id='word_1_66' title='bbox 418 1056 475 1124; x_wconf 88' lang='grc' dir='ltr'><strong><em>καί</em></strong></span> <span class='ocrx_word' id='word_1_67' title='bbox 505 1061 565 1143; x_wconf 83' lang='grc' dir='ltr'><strong><em>γὰρ</em></strong></span> <span class='ocrx_word' id='word_1_68' title='bbox 596 1059 724 1124; x_wconf 79' lang='grc' dir='ltr'><strong><em>Σκύλλα</em></strong></span> <span class='ocrx_word' id='word_1_69' title='bbox 753 1059 811 1126; x_wconf 83' lang='grc' dir='ltr'><strong><em>καὶ</em></strong></span> <span class='ocrx_word' id='word_1_70' title='bbox 840 1057 992 1147; x_wconf 83' lang='grc' dir='ltr'><strong><em>Χίμαιρα</em></strong></span> <span class='ocrx_word' id='word_1_71' title='bbox 1025 1058 1083 1125; x_wconf 84' lang='grc' dir='ltr'><strong><em>καί</em></strong></span> <span class='ocrx_word' id='word_1_72' title='bbox 1118 1060 1228 1126; x_wconf 80' lang='grc' dir='ltr'><strong><em>πολλὰ</em></strong></span> <span class='ocrx_word' id='word_1_73' title='bbox 1256 1073 1321 1125; x_wconf 84' lang='grc' dir='ltr'><strong><em>τών</em></strong></span> <span class='ocrx_word' id='word_1_74' title='bbox 1352 1061 1398 1148; x_wconf 74' lang='grc' dir='ltr'><strong><em>μὴ</em></strong></span> 
     </span>
    </p>

    <p class='ocr_par' dir='ltr' id='par_1_9' title="bbox 278 1159 1399 1255">
     <span class='ocr_line' id='line_1_9' title="bbox 278 1159 1399 1255; baseline 0.004 -27"><span class='ocrx_word' id='word_1_75' title='bbox 278 1159 378 1229; x_wconf 84' lang='grc' dir='ltr'><strong><em>ὄντων</em></strong></span> <span class='ocrx_word' id='word_1_76' title='bbox 400 1169 579 1252; x_wconf 88' lang='grc' dir='ltr'><strong><em>φρονεῐται.</em></strong></span> <span class='ocrx_word' id='word_1_77' title='bbox 625 1164 682 1232; x_wconf 82' lang='grc' dir='ltr'><strong><em>οὐκ</em></strong></span> <span class='ocrx_word' id='word_1_78' title='bbox 705 1166 769 1252; x_wconf 85' lang='grc' dir='ltr'><strong><em>άρα</em></strong></span> <span class='ocrx_word' id='word_1_79' title='bbox 798 1167 836 1232; x_wconf 88' lang='grc' dir='ltr'><strong><em>τὸ</em></strong></span> <span class='ocrx_word' id='word_1_80' title='bbox 859 1167 895 1232; x_wconf 79' lang='grc' dir='ltr'><strong><em>’ἀν</em></strong></span> <span class='ocrx_word' id='word_1_81' title='bbox 918 1170 1096 1255; x_wconf 89' lang='grc' dir='ltr'><strong><em>φρονεῖται.</em></strong></span> <span class='ocrx_word' id='word_1_82' title='bbox 1143 1176 1194 1233; x_wconf 90' lang='grc'><strong><em>81.</em></strong></span> <span class='ocrx_word' id='word_1_83' title='bbox 1223 1168 1334 1254; x_wconf 82' lang='grc' dir='ltr'><strong><em>ώσπερ</em></strong></span> <span class='ocrx_word' id='word_1_84' title='bbox 1363 1190 1399 1232; x_wconf 91' lang='grc' dir='ltr'><strong><em>τε</em></strong></span> 
     </span>
    </p>

    <p class='ocr_par' dir='ltr' id='par_1_10' title="bbox 279 1269 1399 1360">
     <span class='ocr_line' id='line_1_10' title="bbox 279 1269 1399 1360; baseline 0.004 -26"><span class='ocrx_word' id='word_1_85' title='bbox 279 1271 321 1334; x_wconf 89' lang='grc' dir='ltr'><strong><em>τά</em></strong></span> <span class='ocrx_word' id='word_1_86' title='bbox 351 1270 496 1356; x_wconf 84' lang='grc' dir='ltr'><strong><em>ὁρώμενα</em></strong></span> <span class='ocrx_word' id='word_1_87' title='bbox 525 1272 582 1338; x_wconf 80' lang='grc' dir='ltr'><strong><em>διὰ</em></strong></span> <span class='ocrx_word' id='word_1_88' title='bbox 608 1283 701 1339; x_wconf 82' lang='grc' dir='ltr'><strong><em>τοῦτο</em></strong></span> <span class='ocrx_word' id='word_1_89' title='bbox 731 1273 833 1360; x_wconf 82' lang='grc' dir='ltr'><strong><em>ὁρατά</em></strong></span> <span class='ocrx_word' id='word_1_90' title='bbox 863 1269 990 1358; x_wconf 87' lang='grc' dir='ltr'><strong><em>λέγεται</em></strong></span> <span class='ocrx_word' id='word_1_91' title='bbox 1021 1273 1073 1339; x_wconf 84' lang='grc' dir='ltr'><strong><em>ότι</em></strong></span> <span class='ocrx_word' id='word_1_92' title='bbox 1101 1273 1236 1360; x_wconf 82' lang='grc' dir='ltr'><strong><em>όρᾶται,</em></strong></span> <span class='ocrx_word' id='word_1_93' title='bbox 1271 1271 1328 1338; x_wconf 85' lang='grc' dir='ltr'><strong><em>καὶ</em></strong></span> <span class='ocrx_word' id='word_1_94' title='bbox 1356 1273 1399 1338; x_wconf 83' lang='grc' dir='ltr'><strong><em>τά</em></strong></span> 
     </span>
    </p>

    <p class='ocr_par' dir='ltr' id='par_1_11' title="bbox 214 1375 1399 1468">
     <span class='ocr_line' id='line_1_11' title="bbox 214 1375 1399 1468; baseline 0.003 -28"><span class='ocrx_word' id='word_1_95' title='bbox 214 1465 215 1468; x_wconf 8' lang='lat'>¹</span> <span class='ocrx_word' id='word_1_96' title='bbox 280 1375 422 1442; x_wconf 86' lang='grc' dir='ltr'><strong><em>ἀκουστὰ</em></strong></span> <span class='ocrx_word' id='word_1_97' title='bbox 452 1377 508 1443; x_wconf 86' lang='grc' dir='ltr'><strong><em>ύιά</em></strong></span> <span class='ocrx_word' id='word_1_98' title='bbox 537 1389 631 1445; x_wconf 83' lang='grc' dir='ltr'><strong><em>τοῦτο</em></strong></span> <span class='ocrx_word' id='word_1_99' title='bbox 662 1378 805 1445; x_wconf 84' lang='grc' dir='ltr'><strong><em>ἀκουστὰ</em></strong></span> <span class='ocrx_word' id='word_1_100' title='bbox 827 1380 879 1446; x_wconf 84' lang='grc' dir='ltr'><strong><em>ὅτι</em></strong></span> <span class='ocrx_word' id='word_1_101' title='bbox 908 1379 1076 1460; x_wconf 79' lang='grc' dir='ltr'><strong><em>ἀκούεται,</em></strong></span> <span class='ocrx_word' id='word_1_102' title='bbox 1113 1378 1171 1444; x_wconf 83' lang='grc' dir='ltr'><strong><em>καί</em></strong></span> <span class='ocrx_word' id='word_1_103' title='bbox 1200 1377 1237 1445; x_wconf 87' lang='grc' dir='ltr'><strong><em>ού</em></strong></span> <span class='ocrx_word' id='word_1_104' title='bbox 1266 1381 1310 1444; x_wconf 81' lang='grc' dir='ltr'><strong><em>τὰ</em></strong></span> <span class='ocrx_word' id='word_1_105' title='bbox 1338 1377 1399 1462; x_wconf 79' lang='grc' dir='ltr'><strong><em>μέν</em></strong></span> 
     </span>
    </p>

    <p class='ocr_par' dir='ltr' id='par_1_12' title="bbox 212 1476 1399 1574">
     <span class='ocr_line' id='line_1_12' title="bbox 212 1476 1399 1574; baseline 0.003 -27"><span class='ocrx_word' id='word_1_106' title='bbox 212 1476 214 1483; x_wconf 65' lang='grc'><strong>’</strong></span> <span class='ocrx_word' id='word_1_107' title='bbox 279 1482 383 1569; x_wconf 83' lang='grc' dir='ltr'><strong><em>ὁρατά</em></strong></span> <span class='ocrx_word' id='word_1_108' title='bbox 406 1482 602 1569; x_wconf 79' lang='grc' dir='ltr'><strong><em>ἐκβάλλομεν</em></strong></span> <span class='ocrx_word' id='word_1_109' title='bbox 624 1485 675 1551; x_wconf 86' lang='grc' dir='ltr'><strong><em>ὅτι</em></strong></span> <span class='ocrx_word' id='word_1_110' title='bbox 698 1484 756 1552; x_wconf 87' lang='grc' dir='ltr'><strong><em>ούκ</em></strong></span> <span class='ocrx_word' id='word_1_111' title='bbox 783 1485 949 1567; x_wconf 82' lang='grc' dir='ltr'><strong><em>ἀκούεται,</em></strong></span> <span class='ocrx_word' id='word_1_112' title='bbox 978 1487 1019 1552; x_wconf 83' lang='grc' dir='ltr'><strong><em>τά</em></strong></span> <span class='ocrx_word' id='word_1_113' title='bbox 1047 1485 1084 1552; x_wconf 80' lang='grc' dir='ltr'><strong><em>δέ</em></strong></span> <span class='ocrx_word' id='word_1_114' title='bbox 1112 1485 1255 1552; x_wconf 82' lang='grc' dir='ltr'><strong><em>ἀκουστὰ</em></strong></span> <span class='ocrx_word' id='word_1_115' title='bbox 1285 1511 1399 1574; x_wconf 86' lang='grc' dir='ltr'><strong><em>παρα·</em></strong></span> 
     </span>
    </p>

    <p class='ocr_par' dir='ltr' id='par_1_13' title="bbox 280 1587 1399 1681">
     <span class='ocr_line' id='line_1_13' title="bbox 280 1587 1399 1681; baseline 0.004 -28"><span class='ocrx_word' id='word_1_116' title='bbox 280 1587 454 1674; x_wconf 83' lang='grc' dir='ltr'><strong><em>πέμπομεν</em></strong></span> <span class='ocrx_word' id='word_1_117' title='bbox 494 1591 545 1658; x_wconf 84' lang='grc' dir='ltr'><strong><em>ὄτι</em></strong></span> <span class='ocrx_word' id='word_1_118' title='bbox 584 1590 639 1674; x_wconf 87' lang='grc' dir='ltr'><strong><em>ούχ</em></strong></span> <span class='ocrx_word' id='word_1_119' title='bbox 673 1592 790 1680; x_wconf 79' lang='grc' dir='ltr'><strong><em>ὁρᾶται</em></strong></span> <span class='ocrx_word' id='word_1_120' title='bbox 824 1590 973 1676; x_wconf 77' lang='grc' dir='ltr'><strong><em>(ἕκαστον</em></strong></span> <span class='ocrx_word' id='word_1_121' title='bbox 1011 1595 1071 1679; x_wconf 83' lang='grc' dir='ltr'><strong><em>γάρ</em></strong></span> <span class='ocrx_word' id='word_1_122' title='bbox 1110 1593 1176 1658; x_wconf 81' lang='grc' dir='ltr'><strong><em>ὑπὸ</em></strong></span> <span class='ocrx_word' id='word_1_123' title='bbox 1213 1605 1271 1681; x_wconf 82' lang='grc' dir='ltr'><strong><em>της</em></strong></span> <span class='ocrx_word' id='word_1_124' title='bbox 1309 1589 1399 1671; x_wconf 85' lang='grc' dir='ltr'><strong><em>ίύίας</em></strong></span> 
     </span>
    </p>

    <p class='ocr_par' dir='ltr' id='par_1_14' title="bbox 229 1687 1400 1788">
     <span class='ocr_line' id='line_1_14' title="bbox 229 1687 1400 1788; baseline 0.004 -27"><span class='ocrx_word' id='word_1_125' title='bbox 229 1698 231 1701; x_wconf 71' lang='grc'><strong>’</strong></span> <span class='ocrx_word' id='word_1_126' title='bbox 280 1692 475 1786; x_wconf 75' lang='grc' dir='ltr'><strong><em>αἰσθήσεως,</em></strong></span> <span class='ocrx_word' id='word_1_127' title='bbox 499 1687 576 1764; x_wconf 73' lang='grc' dir='ltr'><strong><em>ἀλλ’</em></strong></span> <span class='ocrx_word' id='word_1_128' title='bbox 594 1697 650 1781; x_wconf 82' lang='grc' dir='ltr'><strong><em>οὐχ</em></strong></span> <span class='ocrx_word' id='word_1_129' title='bbox 672 1687 732 1764; x_wconf 76' lang='grc' dir='ltr'><strong><em>ὑπ’</em></strong></span> <span class='ocrx_word' id='word_1_130' title='bbox 751 1699 852 1788; x_wconf 86' lang='grc' dir='ltr'><strong><em>ὄλλης</em></strong></span> <span class='ocrx_word' id='word_1_131' title='bbox 874 1696 998 1788; x_wconf 90' lang='grc' dir='ltr'><strong><em>ὀφείλει</em></strong></span> <span class='ocrx_word' id='word_1_132' title='bbox 1020 1697 1217 1788; x_wconf 86' lang='grc' dir='ltr'><strong><em>κρίνεσθαι),</em></strong></span> <span class='ocrx_word' id='word_1_133' title='bbox 1241 1701 1323 1765; x_wconf 76' lang='grc' dir='ltr'><strong><em>οὕτω</em></strong></span> <span class='ocrx_word' id='word_1_134' title='bbox 1340 1698 1400 1766; x_wconf 84' lang='grc' dir='ltr'><strong><em>καὶ</em></strong></span> 
     </span>
    </p>

    <p class='ocr_par' dir='ltr' id='par_1_15' title="bbox 161 1802 1398 1895">
     <span class='ocr_line' id='line_1_15' title="bbox 161 1802 1398 1895; baseline 0.005 -29"><span class='ocrx_word' id='word_1_135' title='bbox 161 1825 164 1830; x_wconf 63' lang='grc'>“</span> <span class='ocrx_word' id='word_1_136' title='bbox 279 1803 321 1866; x_wconf 83' lang='grc' dir='ltr'><strong><em>τὰ</em></strong></span> <span class='ocrx_word' id='word_1_137' title='bbox 344 1805 543 1890; x_wconf 88' lang='grc' dir='ltr'><strong><em>φρονούμενα</em></strong></span> <span class='ocrx_word' id='word_1_138' title='bbox 566 1805 623 1870; x_wconf 85' lang='grc' dir='ltr'><strong><em>καί</em></strong></span> <span class='ocrx_word' id='word_1_139' title='bbox 646 1802 741 1894; x_wconf 80' lang='grc' dir='ltr'><strong><em>εἰμὴ</em></strong></span> <span class='ocrx_word' id='word_1_140' title='bbox 771 1804 929 1890; x_wconf 78' lang='grc' dir='ltr'><strong><em>βλέποιτο</em></strong></span> <span class='ocrx_word' id='word_1_141' title='bbox 958 1807 1000 1894; x_wconf 80' lang='grc' dir='ltr'><strong><em>τῇ</em></strong></span> <span class='ocrx_word' id='word_1_142' title='bbox 1029 1803 1106 1890; x_wconf 78' lang='grc' dir='ltr'><strong><em>ὄψει</em></strong></span> <span class='ocrx_word' id='word_1_143' title='bbox 1135 1805 1217 1895; x_wconf 80' lang='grc' dir='ltr'><strong><em>μηδὲ</em></strong></span> <span class='ocrx_word' id='word_1_144' title='bbox 1246 1805 1398 1872; x_wconf 89' lang='grc' dir='ltr'><strong><em>ἀκούοιτο</em></strong></span> 
     </span>
    </p>

    <p class='ocr_par' dir='ltr' id='par_1_16' title="bbox 279 1907 1397 2001">
     <span class='ocr_line' id='line_1_16' title="bbox 279 1907 1397 2001; baseline 0.004 -28"><span class='ocrx_word' id='word_1_145' title='bbox 279 1908 320 1997; x_wconf 76' lang='grc' dir='ltr'><strong><em>τῇ</em></strong></span> <span class='ocrx_word' id='word_1_146' title='bbox 342 1909 424 2000; x_wconf 82' lang='grc' dir='ltr'><strong><em>ἀκοῇ</em></strong></span> <span class='ocrx_word' id='word_1_147' title='bbox 446 1907 555 1992; x_wconf 74' lang='grc' dir='ltr'><strong><em>ἔσται,</em></strong></span> <span class='ocrx_word' id='word_1_148' title='bbox 587 1911 638 1978; x_wconf 84' lang='grc' dir='ltr'><strong><em>ὅτι</em></strong></span> <span class='ocrx_word' id='word_1_149' title='bbox 662 1914 746 1997; x_wconf 88' lang='grc' dir='ltr'><strong><em>πρὸς</em></strong></span> <span class='ocrx_word' id='word_1_150' title='bbox 768 1922 826 1977; x_wconf 80' lang='grc' dir='ltr'><strong><em>τοῦ</em></strong></span> <span class='ocrx_word' id='word_1_151' title='bbox 849 1908 968 1978; x_wconf 77' lang='grc' dir='ltr'><strong><em>οἰκείου</em></strong></span> <span class='ocrx_word' id='word_1_152' title='bbox 992 1913 1192 1997; x_wconf 74' lang='grc' dir='ltr'><strong><em>λαμβάνεται</em></strong></span> <span class='ocrx_word' id='word_1_153' title='bbox 1221 1909 1397 2001; x_wconf 90' lang='grc' dir='ltr'><strong><em>κριτηρίου.</em></strong></span> 
     </span>
    </p>

    <p class='ocr_par' dir='ltr' id='par_1_17' title="bbox 280 2013 1398 2107">
     <span class='ocr_line' id='line_1_17' title="bbox 280 2013 1398 2107; baseline 0.002 -25"><span class='ocrx_word' id='word_1_154' title='bbox 280 2025 331 2082; x_wconf 82' lang='grc'><strong><em>82.</em></strong></span> <span class='ocrx_word' id='word_1_155' title='bbox 354 2013 383 2082; x_wconf 83' lang='grc' dir='ltr'><strong><em>εί</em></strong></span> <span class='ocrx_word' id='word_1_156' title='bbox 406 2015 459 2084; x_wconf 83' lang='grc' dir='ltr'><strong><em>σύν</em></strong></span> <span class='ocrx_word' id='word_1_157' title='bbox 481 2021 594 2106; x_wconf 87' lang='grc' dir='ltr'><strong><em>φρονεῖ</em></strong></span> <span class='ocrx_word' id='word_1_158' title='bbox 615 2042 666 2096; x_wconf 88' lang='grc' dir='ltr'><strong><em>τις</em></strong></span> <span class='ocrx_word' id='word_1_159' title='bbox 689 2017 723 2084; x_wconf 84' lang='grc' dir='ltr'><strong><em>ἐν</em></strong></span> <span class='ocrx_word' id='word_1_160' title='bbox 747 2017 882 2102; x_wconf 79' lang='grc' dir='ltr'><strong><em>πελάγει</em></strong></span> <span class='ocrx_word' id='word_1_161' title='bbox 906 2020 1037 2107; x_wconf 73' lang='grc' dir='ltr'><strong><em>ἅρματα</em></strong></span> <span class='ocrx_word' id='word_1_162' title='bbox 1060 2017 1181 2106; x_wconf 84' lang='grc' dir='ltr'><strong><em>τρέχειν</em></strong></span> <span class='ocrx_word' id='word_1_163' title='bbox 1208 2018 1265 2084; x_wconf 84' lang='grc' dir='ltr'><strong><em>καί</em></strong></span> <span class='ocrx_word' id='word_1_164' title='bbox 1295 2015 1325 2084; x_wconf 85' lang='grc' dir='ltr'><strong><em>εὶ</em></strong></span> <span class='ocrx_word' id='word_1_165' title='bbox 1352 2021 1398 2107; x_wconf 85' lang='grc' dir='ltr'><strong><em>μὴ</em></strong></span> 
     </span>
    </p>

    <p class='ocr_par' dir='ltr' id='par_1_18' title="bbox 278 2121 1399 2317">
     <span class='ocr_line' id='line_1_18' title="bbox 278 2121 1399 2214; baseline 0.004 -27"><span class='ocrx_word' id='word_1_166' title='bbox 278 2121 394 2206; x_wconf 82' lang='grc' dir='ltr'><strong><em>βλέπει</em></strong></span> <span class='ocrx_word' id='word_1_167' title='bbox 417 2135 530 2206; x_wconf 84' lang='grc' dir='ltr'><strong><em>ταῦτα,</em></strong></span> <span class='ocrx_word' id='word_1_168' title='bbox 554 2122 677 2214; x_wconf 79' lang='grc' dir='ltr'><strong><em>ὀφείλει</em></strong></span> <span class='ocrx_word' id='word_1_169' title='bbox 701 2127 867 2191; x_wconf 87' lang='grc' dir='ltr'><strong><em>πιστεύειν</em></strong></span> <span class='ocrx_word' id='word_1_170' title='bbox 889 2125 940 2190; x_wconf 83' lang='grc' dir='ltr'><strong><em>ὄτι</em></strong></span> <span class='ocrx_word' id='word_1_171' title='bbox 964 2127 1095 2213; x_wconf 80' lang='grc' dir='ltr'><strong><em>ἀρματα</em></strong></span> <span class='ocrx_word' id='word_1_172' title='bbox 1111 2122 1198 2192; x_wconf 76' lang='grc' dir='ltr'><strong><em>ἔστιν</em></strong></span> <span class='ocrx_word' id='word_1_173' title='bbox 1214 2125 1247 2192; x_wconf 83' lang='grc' dir='ltr'><strong><em>έν</em></strong></span> <span class='ocrx_word' id='word_1_174' title='bbox 1262 2125 1399 2210; x_wconf 80' lang='grc' dir='ltr'><strong><em>πελάγει</em></strong></span> 
     </span>
     <span class='ocr_line' id='line_1_19' title="bbox 278 2228 797 2317; baseline 0.008 -25"><span class='ocrx_word' id='word_1_175' title='bbox 278 2228 440 2317; x_wconf 84' lang='grc' dir='ltr'><strong><em>τρέχοντα.</em></strong></span> <span class='ocrx_word' id='word_1_176' title='bbox 486 2231 612 2297; x_wconf 86' lang='grc' dir='ltr'><strong><em>ὄτοπον</em></strong></span> <span class='ocrx_word' id='word_1_177' title='bbox 635 2230 671 2298; x_wconf 80' lang='grc' dir='ltr'><strong><em>δέ</em></strong></span> <span class='ocrx_word' id='word_1_178' title='bbox 693 2242 797 2298; x_wconf 83' lang='grc' dir='ltr'><strong><em>τούτο.</em></strong></span> 
     </span>
    </p>
   </div>
   <div class='ocr_carea' id='block_1_3' title="bbox 195 2374 1398 2620">
    <p class='ocr_par' dir='ltr' id='par_1_19' title="bbox 195 2374 1398 2620">
     <span class='ocr_line' id='line_1_20' title="bbox 350 2374 1398 2446; baseline 0.001 -18"><span class='ocrx_word' id='word_1_179' title='bbox 350 2374 387 2429; x_wconf 82' lang='lat' dir='ltr'><strong><em>cf.</em></strong></span> <span class='ocrx_word' id='word_1_180' title='bbox 407 2374 487 2428; x_wconf 83' lang='lat' dir='ltr'><strong>libell.</strong></span> <span class='ocrx_word' id='word_1_181' title='bbox 507 2374 538 2428; x_wconf 79' lang='lat' dir='ltr'><strong><em>de</em></strong></span> <span class='ocrx_word' id='word_1_182' title='bbox 556 2375 663 2428; x_wconf 81' lang='lat' dir='ltr'><strong>Melisso</strong></span> <span class='ocrx_word' id='word_1_183' title='bbox 681 2374 714 2428; x_wconf 81' lang='lat' dir='ltr'><strong><em>X,</em></strong></span> <span class='ocrx_word' id='word_1_184' title='bbox 734 2374 761 2428; x_wconf 88' lang='lat' dir='ltr'><strong><em>Z.</em></strong></span> <span class='ocrx_word' id='word_1_185' title='bbox 780 2391 801 2428; x_wconf 87' lang='grc' dir='ltr'><strong><em>ε.</em></strong></span> <span class='ocrx_word' id='word_1_186' title='bbox 822 2375 852 2441; x_wconf 89' lang='grc'><strong><em>6,</em></strong></span> <span class='ocrx_word' id='word_1_187' title='bbox 878 2374 921 2427; x_wconf 90' lang='lat' dir='ltr'><strong><em>ubi</em></strong></span> <span class='ocrx_word' id='word_1_188' title='bbox 942 2376 1057 2428; x_wconf 71' lang='lat' dir='ltr'><strong>extrema</strong></span> <span class='ocrx_word' id='word_1_189' title='bbox 1075 2375 1197 2428; x_wconf 80' lang='lat' dir='ltr'><strong>videntur</strong></span> <span class='ocrx_word' id='word_1_190' title='bbox 1215 2379 1285 2442; x_wconf 82' lang='lat' dir='ltr'>(nam</span> <span class='ocrx_word' id='word_1_191' title='bbox 1303 2391 1398 2446; x_wconf 76' lang='lat' dir='ltr'><strong>parum</strong></span> 
     </span>
     <span class='ocr_line' id='line_1_21' title="bbox 279 2462 1398 2533; baseline 0.003 -17"><span class='ocrx_word' id='word_1_192' title='bbox 279 2462 311 2516; x_wconf 80' lang='lat' dir='ltr'><strong><em>de</em></strong></span> <span class='ocrx_word' id='word_1_193' title='bbox 329 2463 362 2516; x_wconf 83' lang='lat' dir='ltr'><strong><em>iis</em></strong></span> <span class='ocrx_word' id='word_1_194' title='bbox 379 2463 478 2532; x_wconf 78' lang='lat' dir='ltr'><strong>liquet:</strong></span> <span class='ocrx_word' id='word_1_195' title='bbox 502 2463 565 2517; x_wconf 80' lang='lat' dir='ltr'>adeo</span> <span class='ocrx_word' id='word_1_196' title='bbox 584 2465 648 2516; x_wconf 79' lang='lat' dir='ltr'><strong>haec</strong></span> <span class='ocrx_word' id='word_1_197' title='bbox 666 2467 789 2533; x_wconf 77' lang='lat' dir='ltr'>corrupta</span> <span class='ocrx_word' id='word_1_198' title='bbox 807 2464 880 2528; x_wconf 78' lang='lat' dir='ltr'><strong>sunl)</strong></span> <span class='ocrx_word' id='word_1_199' title='bbox 898 2480 949 2516; x_wconf 87' lang='lat' dir='ltr'><strong><em>non</em></strong></span> <span class='ocrx_word' id='word_1_200' title='bbox 969 2464 1115 2516; x_wconf 74' lang='lat' dir='ltr'><strong>consentire</strong></span> <span class='ocrx_word' id='word_1_201' title='bbox 1134 2481 1192 2517; x_wconf 81' lang='lat' dir='ltr'><strong><em>oum</em></strong></span> <span class='ocrx_word' id='word_1_202' title='bbox 1210 2464 1302 2531; x_wconf 83' lang='lat' dir='ltr'><strong>Sext0;</strong></span> <span class='ocrx_word' id='word_1_203' title='bbox 1327 2469 1398 2519; x_wconf 72' lang='lat' dir='ltr'><strong>cerba</strong></span> 
     </span>
     <span class='ocr_line' id='line_1_22' title="bbox 195 2552 879 2620; baseline 0.003 -16"><span class='ocrx_word' id='word_1_204' title='bbox 195 2615 197 2620; x_wconf 21' lang='grc' dir='ltr'>Ι</span> <span class='ocrx_word' id='word_1_205' title='bbox 280 2555 435 2620; x_wconf 78' lang='lat' dir='ltr'>argumenta</span> <span class='ocrx_word' id='word_1_206' title='bbox 452 2552 490 2605; x_wconf 89' lang='lat' dir='ltr'><strong><em>ibi</em></strong></span> <span class='ocrx_word' id='word_1_207' title='bbox 508 2553 559 2606; x_wconf 81' lang='lat' dir='ltr'><strong>alio</strong></span> <span class='ocrx_word' id='word_1_208' title='bbox 578 2552 667 2606; x_wconf 79' lang='lat' dir='ltr'><strong>ordine</strong></span> <span class='ocrx_word' id='word_1_209' title='bbox 686 2555 879 2606; x_wconf 79' lang='lat' dir='ltr'><strong>enumerantur.</strong></span> 
     </span>
    </p>
   </div>
   <div class='ocr_carea' id='block_1_4' title="bbox 178 2709 1477 3972">
    <p class='ocr_par' dir='ltr' id='par_1_20' title="bbox 280 2709 1450 3014">
     <span class='ocr_line' id='line_1_23' title="bbox 345 2709 1450 2798; baseline 0.001 -22"><span class='ocrx_word' id='word_1_210' title='bbox 345 2713 393 2778; x_wconf 84' lang='lat' dir='ltr'><strong><em>De</em></strong></span> <span class='ocrx_word' id='word_1_211' title='bbox 417 2714 546 2777; x_wconf 82' lang='lat' dir='ltr'><strong>Melisso</strong></span> <span class='ocrx_word' id='word_1_212' title='bbox 568 2713 607 2776; x_wconf 85' lang='lat' dir='ltr'><strong><em>X.</em></strong></span> <span class='ocrx_word' id='word_1_213' title='bbox 631 2713 663 2776; x_wconf 86' lang='lat' dir='ltr'><strong><em>Z.</em></strong></span> <span class='ocrx_word' id='word_1_214' title='bbox 689 2721 716 2779; x_wconf 88' lang='grc'><strong><em>6.</em></strong></span> <span class='ocrx_word' id='word_1_215' title='bbox 742 2721 828 2779; x_wconf 73' lang='lat'>980⁸</span> <span class='ocrx_word' id='word_1_216' title='bbox 853 2723 902 2779; x_wconf 81' lang='lat'><strong><em>19.</em></strong></span> <span class='ocrx_word' id='word_1_217' title='bbox 949 2709 989 2778; x_wconf 82' lang='grc' dir='ltr'><strong><em>Εἰ</em></strong></span> <span class='ocrx_word' id='word_1_218' title='bbox 1012 2711 1128 2778; x_wconf 78' lang='grc' dir='ltr'><strong><em>δὲκαὶ</em></strong></span> <span class='ocrx_word' id='word_1_219' title='bbox 1151 2712 1292 2798; x_wconf 85' lang='grc' dir='ltr'><strong><em>γνωστά,</em></strong></span> <span class='ocrx_word' id='word_1_220' title='bbox 1323 2726 1450 2791; x_wconf 80' lang='grc' dir='ltr'><strong><em>πῶςιει</em></strong></span> 
     </span>
     <span class='ocr_line' id='line_1_24' title="bbox 280 2811 1395 2908; baseline 0.001 -25"><span class='ocrx_word' id='word_1_221' title='bbox 280 2817 319 2883; x_wconf 87' lang='grc' dir='ltr'><strong><em>όίν</em></strong></span> <span class='ocrx_word' id='word_1_222' title='bbox 340 2843 400 2898; x_wconf 90' lang='grc' dir='ltr'><strong><em>τις,</em></strong></span> <span class='ocrx_word' id='word_1_223' title='bbox 425 2815 515 2907; x_wconf 87' lang='grc' dir='ltr'><strong><em>φησί,</em></strong></span> <span class='ocrx_word' id='word_1_224' title='bbox 539 2817 710 2906; x_wconf 82' lang='grc' dir='ltr'><strong><em>δηλώσειεν</em></strong></span> <span class='ocrx_word' id='word_1_225' title='bbox 732 2818 838 2905; x_wconf 83' lang='grc' dir='ltr'><strong><em>ὄλλφ,·</em></strong></span> <span class='ocrx_word' id='word_1_226' title='bbox 861 2815 880 2884; x_wconf 78' lang='grc' dir='ltr'>ὃ</span> <span class='ocrx_word' id='word_1_227' title='bbox 903 2819 963 2905; x_wconf 80' lang='grc' dir='ltr'><strong><em>γὰρ</em></strong></span> <span class='ocrx_word' id='word_1_228' title='bbox 979 2811 1051 2900; x_wconf 85' lang='grc' dir='ltr'><strong><em>είόε,</em></strong></span> <span class='ocrx_word' id='word_1_229' title='bbox 1075 2833 1148 2897; x_wconf 80' lang='grc' dir='ltr'><strong><em>πῶς</em></strong></span> <span class='ocrx_word' id='word_1_230' title='bbox 1168 2819 1207 2884; x_wconf 84' lang='grc' dir='ltr'><strong><em>ὄν</em></strong></span> <span class='ocrx_word' id='word_1_231' title='bbox 1222 2843 1281 2900; x_wconf 90' lang='grc' dir='ltr'><strong><em>τις,</em></strong></span> <span class='ocrx_word' id='word_1_232' title='bbox 1304 2816 1395 2908; x_wconf 91' lang='grc' dir='ltr'><strong><em>φησί,</em></strong></span> 
     </span>
     <span class='ocr_line' id='line_1_25' title="bbox 280 2921 1397 3014; baseline 0.004 -26"><span class='ocrx_word' id='word_1_233' title='bbox 280 2934 375 2990; x_wconf 80' lang='grc' dir='ltr'><strong><em>τοῦτο</em></strong></span> <span class='ocrx_word' id='word_1_234' title='bbox 390 2921 480 2990; x_wconf 78' lang='grc' dir='ltr'><strong><em>εἴποι</em></strong></span> <span class='ocrx_word' id='word_1_235' title='bbox 497 2923 581 3011; x_wconf 82' lang='grc' dir='ltr'><strong><em>λόγῳ</em></strong></span> <span class='ocrx_word' id='word_1_236' title='bbox 587 2953 598 3008; x_wconf 87' lang='grc'><strong><em>,·</em></strong></span> <span class='ocrx_word' id='word_1_237' title='bbox 621 2925 641 3013; x_wconf 73' lang='grc' dir='ltr'>ἢ</span> <span class='ocrx_word' id='word_1_238' title='bbox 656 2937 729 3003; x_wconf 86' lang='grc' dir='ltr'><strong><em>πῶς</em></strong></span> <span class='ocrx_word' id='word_1_239' title='bbox 744 2925 783 2990; x_wconf 80' lang='grc' dir='ltr'><strong><em>ἀν</em></strong></span> <span class='ocrx_word' id='word_1_240' title='bbox 798 2921 926 3012; x_wconf 75' lang='grc' dir='ltr'><strong><em>ε’κείνηι1</em></strong></span> <span class='ocrx_word' id='word_1_241' title='bbox 948 2925 1044 3014; x_wconf 74' lang='grc' dir='ltr'><strong><em>δῆλον</em></strong></span> <span class='ocrx_word' id='word_1_242' title='bbox 1058 2924 1230 2991; x_wconf 88' lang='grc' dir='ltr'><strong><em>ἀκούσαντι</em></strong></span> <span class='ocrx_word' id='word_1_243' title='bbox 1248 2923 1397 3012; x_wconf 89' lang='grc' dir='ltr'><strong><em>γίγνοιτο,</em></strong></span> 
     </span>
    </p>

    <p class='ocr_par' dir='ltr' id='par_1_21' title="bbox 178 3027 1477 3441">
     <span class='ocr_line' id='line_1_26' title="bbox 178 3027 1396 3120; baseline 0.003 -25"><span class='ocrx_word' id='word_1_244' title='bbox 178 3046 180 3050; x_wconf 84' lang='grc'><strong>’</strong></span> <span class='ocrx_word' id='word_1_245' title='bbox 279 3032 324 3118; x_wconf 81' lang='grc' dir='ltr'><strong><em>μὴ</em></strong></span> <span class='ocrx_word' id='word_1_246' title='bbox 348 3027 464 3114; x_wconf 83' lang='grc' dir='ltr'><strong><em>ἶόόντι,·</em></strong></span> <span class='ocrx_word' id='word_1_247' title='bbox 487 3033 596 3119; x_wconf 82' lang='grc' dir='ltr'><strong><em>ὥσπερ</em></strong></span> <span class='ocrx_word' id='word_1_248' title='bbox 620 3033 680 3117; x_wconf 82' lang='grc' dir='ltr'><strong><em>γὰρ</em></strong></span> <span class='ocrx_word' id='word_1_249' title='bbox 704 3029 778 3096; x_wconf 84' lang='grc' dir='ltr'><strong><em>ούόέ</em></strong></span> <span class='ocrx_word' id='word_1_250' title='bbox 801 3033 819 3120; x_wconf 70' lang='grc' dir='ltr'>ᾗ</span> <span class='ocrx_word' id='word_1_251' title='bbox 842 3028 922 3120; x_wconf 82' lang='grc' dir='ltr'><strong><em>ὄφις</em></strong></span> <span class='ocrx_word' id='word_1_252' title='bbox 944 3033 1019 3110; x_wconf 82' lang='grc' dir='ltr'><strong><em>τοὺς</em></strong></span> <span class='ocrx_word' id='word_1_253' title='bbox 1038 3033 1205 3120; x_wconf 72' lang='grc' dir='ltr'><strong><em>φθόγγους</em></strong></span> <span class='ocrx_word' id='word_1_254' title='bbox 1220 3034 1396 3118; x_wconf 87' lang='grc' dir='ltr'><strong><em>γιγνώσκει,</em></strong></span> 
     </span>
     <span class='ocr_line' id='line_1_27' title="bbox 280 3136 1477 3228; baseline 0.003 -26"><span class='ocrx_word' id='word_1_255' title='bbox 280 3138 381 3216; x_wconf 75' lang='grc' dir='ltr'><strong><em>οὕτως</em></strong></span> <span class='ocrx_word' id='word_1_256' title='bbox 403 3136 478 3204; x_wconf 79' lang='grc' dir='ltr'><strong><em>οὐδὲ</em></strong></span> <span class='ocrx_word' id='word_1_257' title='bbox 500 3140 520 3226; x_wconf 75' lang='grc' dir='ltr'><em>ἡ</em></span> <span class='ocrx_word' id='word_1_258' title='bbox 542 3137 622 3227; x_wconf 78' lang='grc' dir='ltr'><strong><em>ἀκοὴ</em></strong></span> <span class='ocrx_word' id='word_1_259' title='bbox 646 3139 687 3204; x_wconf 87' lang='grc' dir='ltr'><strong><em>τά</em></strong></span> <span class='ocrx_word' id='word_1_260' title='bbox 708 3140 865 3224; x_wconf 83' lang='grc' dir='ltr'><strong><em>χρώματα</em></strong></span> <span class='ocrx_word' id='word_1_261' title='bbox 888 3138 1006 3219; x_wconf 90' lang='grc' dir='ltr'><strong><em>ἀκούει,</em></strong></span> <span class='ocrx_word' id='word_1_262' title='bbox 1030 3138 1113 3204; x_wconf 86' lang='grc' dir='ltr'><strong><em>ἀλλά</em></strong></span> <span class='ocrx_word' id='word_1_263' title='bbox 1133 3136 1316 3228; x_wconf 74' lang='grc' dir='ltr'><strong><em>φθόγγους·</em></strong></span> <span class='ocrx_word' id='word_1_264' title='bbox 1339 3139 1397 3205; x_wconf 80' lang='grc' dir='ltr'><strong><em>καί</em></strong></span> <span class='ocrx_word' id='word_1_265' title='bbox 1474 3205 1477 3212; x_wconf 80' lang='grc'><strong><em>,</em></strong></span> 
     </span>
     <span class='ocr_line' id='line_1_28' title="bbox 279 3236 1396 3336; baseline 0.003 -28"><span class='ocrx_word' id='word_1_266' title='bbox 279 3242 383 3330; x_wconf 71' lang='grc' dir='ltr'><strong><em>λέγει2</em></strong></span> <span class='ocrx_word' id='word_1_267' title='bbox 407 3244 424 3310; x_wconf 84' lang='grc' dir='ltr'>ὁ</span> <span class='ocrx_word' id='word_1_268' title='bbox 447 3243 555 3330; x_wconf 85' lang='grc' dir='ltr'><strong><em>λέγων,</em></strong></span> <span class='ocrx_word' id='word_1_269' title='bbox 579 3236 656 3310; x_wconf 75' lang='grc' dir='ltr'><strong><em>ἀλλ’</em></strong></span> <span class='ocrx_word' id='word_1_270' title='bbox 676 3244 712 3312; x_wconf 86' lang='grc' dir='ltr'><strong><em>ού</em></strong></span> <span class='ocrx_word' id='word_1_271' title='bbox 733 3259 847 3333; x_wconf 80' lang='grc' dir='ltr'><strong><em>χρῶμα</em></strong></span> <span class='ocrx_word' id='word_1_272' title='bbox 871 3244 945 3311; x_wconf 82' lang='grc' dir='ltr'><strong><em>ούόέ</em></strong></span> <span class='ocrx_word' id='word_1_273' title='bbox 968 3256 1114 3332; x_wconf 80' lang='grc' dir='ltr'><strong><em>πρᾶγμα.</em></strong></span> <span class='ocrx_word' id='word_1_274' title='bbox 1161 3241 1179 3312; x_wconf 83' lang='grc' dir='ltr'>ὃ</span> <span class='ocrx_word' id='word_1_275' title='bbox 1202 3243 1256 3311; x_wconf 80' lang='grc' dir='ltr'><strong><em>οὖν</em></strong></span> <span class='ocrx_word' id='word_1_276' title='bbox 1278 3270 1330 3325; x_wconf 91' lang='grc' dir='ltr'><strong><em>τις</em></strong></span> <span class='ocrx_word' id='word_1_277' title='bbox 1351 3249 1396 3336; x_wconf 80' lang='grc' dir='ltr'><strong><em>μὴ</em></strong></span> 
     </span>
     <span class='ocr_line' id='line_1_29' title="bbox 280 3341 1396 3441; baseline 0.003 -25"><span class='ocrx_word' id='word_1_278' title='bbox 280 3349 385 3432; x_wconf 79' lang='grc' dir='ltr'><strong><em>έννοεῖ,</em></strong></span> <span class='ocrx_word' id='word_1_279' title='bbox 410 3365 483 3430; x_wconf 81' lang='grc' dir='ltr'><strong><em>πῶς</em></strong></span> <span class='ocrx_word' id='word_1_280' title='bbox 506 3353 545 3416; x_wconf 82' lang='grc' dir='ltr'><strong><em>ἀν</em></strong></span> <span class='ocrx_word' id='word_1_281' title='bbox 567 3354 683 3418; x_wconf 58' lang='grc' dir='ltr'><strong><em>τούτοὃ</em></strong></span> <span class='ocrx_word' id='word_1_282' title='bbox 707 3341 793 3440; x_wconf 76' lang='grc' dir='ltr'><strong><em>παρ’</em></strong></span> <span class='ocrx_word' id='word_1_283' title='bbox 812 3351 910 3418; x_wconf 83' lang='grc' dir='ltr'><strong><em>ἀλλον</em></strong></span> <span class='ocrx_word' id='word_1_284' title='bbox 935 3351 1018 3438; x_wconf 75' lang='grc' dir='ltr'><strong><em>λόγῳ</em></strong></span> <span class='ocrx_word' id='word_1_285' title='bbox 1034 3353 1054 3441; x_wconf 80' lang='grc' dir='ltr'>ἢ</span> <span class='ocrx_word' id='word_1_286' title='bbox 1070 3349 1191 3440; x_wconf 78' lang='grc' dir='ltr'><strong><em>σημείῳ</em></strong></span> <span class='ocrx_word' id='word_1_287' title='bbox 1207 3351 1270 3418; x_wconf 85' lang='grc' dir='ltr'><strong><em>τινί</em></strong></span> <span class='ocrx_word' id='word_1_288' title='bbox 1287 3349 1396 3439; x_wconf 75' lang='grc' dir='ltr'><strong><em>ἑτέρου</em></strong></span> 
     </span>
    </p>

    <p class='ocr_par' dir='ltr' id='par_1_22' title="bbox 217 3447 1395 3972">
     <span class='ocr_line' id='line_1_30' title="bbox 217 3447 1395 3549; baseline 0.003 -27"><span class='ocrx_word' id='word_1_289' title='bbox 217 3544 218 3549; x_wconf 11' lang='lat'>¹</span> <span class='ocrx_word' id='word_1_290' title='bbox 268 3474 335 3524; x_wconf 89' lang='grc' dir='ltr'><strong><em>Ιτον</em></strong></span> <span class='ocrx_word' id='word_1_291' title='bbox 359 3458 552 3546; x_wconf 90' lang='grc' dir='ltr'><strong><em>πράγματος</em></strong></span> <span class='ocrx_word' id='word_1_292' title='bbox 583 3457 789 3548; x_wconf 58' lang='grc' dir='ltr'><strong><em>ε’ννοὴσειενί,</em></strong></span> <span class='ocrx_word' id='word_1_293' title='bbox 818 3447 893 3524; x_wconf 79' lang='grc' dir='ltr'><strong><em>ἀλλ’</em></strong></span> <span class='ocrx_word' id='word_1_294' title='bbox 913 3457 945 3546; x_wconf 72' lang='grc' dir='ltr'><strong><em>ἢ,</em></strong></span> <span class='ocrx_word' id='word_1_295' title='bbox 976 3457 1031 3524; x_wconf 80' lang='grc' dir='ltr'><strong><em>ε’ἀν</em></strong></span> <span class='ocrx_word' id='word_1_296' title='bbox 1059 3457 1118 3542; x_wconf 80' lang='grc' dir='ltr'><strong><em>μὲν</em></strong></span> <span class='ocrx_word' id='word_1_297' title='bbox 1145 3472 1276 3546; x_wconf 83' lang='grc' dir='ltr'><strong><em>χρῶμα,</em></strong></span> <span class='ocrx_word' id='word_1_298' title='bbox 1309 3456 1395 3541; x_wconf 82' lang='grc' dir='ltr'><strong><em>ἶάών,</em></strong></span> 
     </span>
     <span class='ocr_line' id='line_1_31' title="bbox 277 3564 1391 3655; baseline 0 -25"><span class='ocrx_word' id='word_1_299' title='bbox 277 3565 335 3630; x_wconf 76' lang='grc' dir='ltr'><strong><em>-ίάν</em></strong></span> <span class='ocrx_word' id='word_1_300' title='bbox 362 3565 423 3648; x_wconf 81' lang='grc' dir='ltr'><strong><em>&lt;όέ</em></strong></span> <span class='ocrx_word' id='word_1_301' title='bbox 445 3566 601 3655; x_wconf 87' lang='grc' dir='ltr'><strong><em>φθόγγον,</em></strong></span> <span class='ocrx_word' id='word_1_302' title='bbox 625 3567 874 3654; x_wconf 86' lang='grc' dir='ltr'><strong><em>ἀκροώμε&gt;νος,·</em></strong></span> <span class='ocrx_word' id='word_1_303' title='bbox 903 3566 999 3655; x_wconf 82' lang='grc' dir='ltr'><strong><em>ἀρχην</em></strong></span> <span class='ocrx_word' id='word_1_304' title='bbox 1023 3567 1083 3651; x_wconf 85' lang='grc' dir='ltr'><strong><em>γὰρ</em></strong></span> <span class='ocrx_word' id='word_1_305' title='bbox 1110 3564 1147 3631; x_wconf 87' lang='grc' dir='ltr'><strong><em>ού</em></strong></span> <span class='ocrx_word' id='word_1_306' title='bbox 1188 3565 1391 3654; x_wconf 87' lang='grc' dir='ltr'><strong><em>&lt;φθόγγον&gt;</em></strong></span> 
     </span>
     <span class='ocr_line' id='line_1_32' title="bbox 279 3661 1395 3760; baseline 0.001 -23"><span class='ocrx_word' id='word_1_307' title='bbox 279 3669 362 3758; x_wconf 90' lang='grc' dir='ltr'><strong><em>λέγει</em></strong></span> <span class='ocrx_word' id='word_1_308' title='bbox 389 3671 514 3757; x_wconf 82' lang='grc' dir='ltr'><strong><em>&lt;ού&gt;ἀὲ</em></strong></span> <span class='ocrx_word' id='word_1_309' title='bbox 546 3685 676 3760; x_wconf 79' lang='grc' dir='ltr'><strong><em>χρῶμα,</em></strong></span> <span class='ocrx_word' id='word_1_310' title='bbox 714 3672 796 3738; x_wconf 87' lang='grc' dir='ltr'><strong><em>ἀλλά</em></strong></span> <span class='ocrx_word' id='word_1_311' title='bbox 832 3672 940 3757; x_wconf 91' lang='grc' dir='ltr'><strong><em>λόγον·</em></strong></span> <span class='ocrx_word' id='word_1_312' title='bbox 977 3661 1061 3737; x_wconf 73' lang='grc' dir='ltr'><strong><em>ὥστ’</em></strong></span> <span class='ocrx_word' id='word_1_313' title='bbox 1086 3670 1159 3736; x_wconf 83' lang='grc' dir='ltr'><strong><em>ούάὲ</em></strong></span> <span class='ocrx_word' id='word_1_314' title='bbox 1186 3671 1395 3738; x_wconf 80' lang='grc' dir='ltr'><strong><em>διανοεῖσθαι</em></strong></span> 
     </span>
     <span class='ocr_line' id='line_1_33' title="bbox 276 3766 1394 3868; baseline 0 -23"><span class='ocrx_word' id='word_1_315' title='bbox 276 3794 391 3868; x_wconf 82' lang='grc' dir='ltr'><strong><em>χρῶμα</em></strong></span> <span class='ocrx_word' id='word_1_316' title='bbox 421 3776 522 3861; x_wconf 71' lang='grc' dir='ltr'><strong><em>ἔστιν,</em></strong></span> <span class='ocrx_word' id='word_1_317' title='bbox 551 3769 625 3844; x_wconf 68' lang='grc' dir='ltr'><strong><em>ἀλλ’</em></strong></span> <span class='ocrx_word' id='word_1_318' title='bbox 644 3781 734 3868; x_wconf 77' lang='grc' dir='ltr'><strong><em>ὁρᾶν,</em></strong></span> <span class='ocrx_word' id='word_1_319' title='bbox 764 3777 838 3844; x_wconf 79' lang='grc' dir='ltr'><strong><em>οὐδὲ</em></strong></span> <span class='ocrx_word' id='word_1_320' title='bbox 868 3778 993 3867; x_wconf 81' lang='grc' dir='ltr'><strong><em>ψόφον,</em></strong></span> <span class='ocrx_word' id='word_1_321' title='bbox 1023 3766 1098 3842; x_wconf 78' lang='grc' dir='ltr'><strong><em>ἀλλ’</em></strong></span> <span class='ocrx_word' id='word_1_322' title='bbox 1117 3777 1251 3844; x_wconf 90' lang='grc' dir='ltr'><strong><em>ἀκούειν.</em></strong></span> <span class='ocrx_word' id='word_1_323' title='bbox 1297 3775 1327 3844; x_wconf 83' lang='grc' dir='ltr'><strong><em>εὶ</em></strong></span> <span class='ocrx_word' id='word_1_324' title='bbox 1357 3777 1394 3845; x_wconf 80' lang='grc' dir='ltr'><strong><em>ἀὲ</em></strong></span> 
     </span>
     <span class='ocr_line' id='line_1_34' title="bbox 278 3881 1392 3972; baseline -0.003 -21"><span class='ocrx_word' id='word_1_325' title='bbox 278 3884 335 3952; x_wconf 86' lang='grc' dir='ltr'><strong><em>καί</em></strong></span> <span class='ocrx_word' id='word_1_326' title='bbox 358 3883 527 3968; x_wconf 82' lang='grc' dir='ltr'><strong><em>ένόέχεται,</em></strong></span> <span class='ocrx_word' id='word_1_327' title='bbox 551 3888 717 3972; x_wconf 91' lang='grc' dir='ltr'><strong><em>γιγνώσκει</em></strong></span> <span class='ocrx_word' id='word_1_328' title='bbox 741 3883 796 3951; x_wconf 66' lang='grc' dir='ltr'><strong><em>ύὲὸ</em></strong></span> <span class='ocrx_word' id='word_1_329' title='bbox 819 3883 876 3951; x_wconf 83' lang='grc' dir='ltr'><strong><em>καί</em></strong></span> <span class='ocrx_word' id='word_1_330' title='bbox 899 3885 1128 3971; x_wconf 90' lang='grc' dir='ltr'><strong><em>ἀναγιγνώσκει</em></strong></span> <span class='ocrx_word' id='word_1_331' title='bbox 1150 3881 1251 3971; x_wconf 86' lang='grc' dir='ltr'><strong><em>λέγων</em></strong></span> <span class='ocrx_word' id='word_1_332' title='bbox 1261 3885 1283 3966; x_wconf 77' lang='lat'><strong><em>⁶,</em></strong></span> <span class='ocrx_word' id='word_1_333' title='bbox 1308 3881 1392 3949; x_wconf 83' lang='grc' dir='ltr'><strong><em>ἀλλὰ</em></strong></span> 
     </span>
    </p>
   </div>
   <div class='ocr_carea' id='block_1_5' title="bbox 277 4115 1397 4455">
    <p class='ocr_par' dir='ltr' id='par_1_23' title="bbox 277 4115 1397 4455">
     <span class='ocr_line' id='line_1_35' title="bbox 351 4115 1394 4188; baseline -0.004 -15"><span class='ocrx_word' id='word_1_334' title='bbox 351 4121 378 4184; x_wconf 86' lang='grc'><strong><em>1)</em></strong></span> <span class='ocrx_word' id='word_1_335' title='bbox 397 4122 482 4173; x_wconf 74' lang='grc' dir='ltr'><strong><em>ἐκεῖνο</em></strong></span> <span class='ocrx_word' id='word_1_336' title='bbox 505 4117 560 4172; x_wconf 83' lang='lat' dir='ltr'><strong>eod.</strong></span> <span class='ocrx_word' id='word_1_337' title='bbox 580 4117 664 4188; x_wconf 81' lang='lat' dir='ltr'><strong>Lips.‚</strong></span> <span class='ocrx_word' id='word_1_338' title='bbox 688 4117 818 4182; x_wconf 77' lang='lat' dir='ltr'><strong>Mullaeh‚</strong></span> <span class='ocrx_word' id='word_1_339' title='bbox 842 4115 922 4170; x_wconf 84' lang='lat' dir='ltr'>Kern.</span> <span class='ocrx_word' id='word_1_340' title='bbox 948 4145 981 4155; x_wconf 91' lang='lat'><strong><em>-·</em></strong></span> <span class='ocrx_word' id='word_1_341' title='bbox 1004 4117 1032 4182; x_wconf 77' lang='lat'><strong><em>2)</em></strong></span> <span class='ocrx_word' id='word_1_342' title='bbox 1050 4118 1149 4186; x_wconf 81' lang='grc' dir='ltr'><strong><em>λόγους</em></strong></span> <span class='ocrx_word' id='word_1_343' title='bbox 1172 4119 1243 4187; x_wconf 76' lang='grc' dir='ltr'><strong><em>λέγει</em></strong></span> <span class='ocrx_word' id='word_1_344' title='bbox 1265 4115 1338 4170; x_wconf 80' lang='lat' dir='ltr'>Foss.</span> <span class='ocrx_word' id='word_1_345' title='bbox 1359 4141 1394 4154; x_wconf 90' lang='lat'><em>-</em></span> 
     </span>
     <span class='ocr_line' id='line_1_36' title="bbox 277 4205 1396 4275; baseline -0.003 -14"><span class='ocrx_word' id='word_1_346' title='bbox 277 4208 305 4273; x_wconf 88' lang='lat'><strong><em>3)</em></strong></span> <span class='ocrx_word' id='word_1_347' title='bbox 324 4213 396 4262; x_wconf 78' lang='grc' dir='ltr'><strong><em>αἰτεῖ</em></strong></span> <span class='ocrx_word' id='word_1_348' title='bbox 412 4207 485 4261; x_wconf 89' lang='lat' dir='ltr'><strong>libri:</strong></span> <span class='ocrx_word' id='word_1_349' title='bbox 510 4212 581 4261; x_wconf 82' lang='grc' dir='ltr'><strong><em>αἰτεῖ</em></strong></span> <span class='ocrx_word' id='word_1_350' title='bbox 598 4217 680 4260; x_wconf 82' lang='grc' dir='ltr'><strong><em>τοῦτο</em></strong></span> <span class='ocrx_word' id='word_1_351' title='bbox 697 4205 773 4258; x_wconf 82' lang='lat' dir='ltr'>Foss:</span> <span class='ocrx_word' id='word_1_352' title='bbox 797 4209 832 4258; x_wconf 80' lang='grc' dir='ltr'><strong><em>ἀν</em></strong></span> <span class='ocrx_word' id='word_1_353' title='bbox 856 4215 938 4259; x_wconf 84' lang='grc' dir='ltr'><strong><em>τοῦτο</em></strong></span> <span class='ocrx_word' id='word_1_354' title='bbox 962 4211 1014 4258; x_wconf 74' lang='grc' dir='ltr'><strong><em>ΒΡ.</em></strong></span> <span class='ocrx_word' id='word_1_355' title='bbox 1040 4234 1074 4243; x_wconf 91' lang='grc'>-</span> <span class='ocrx_word' id='word_1_356' title='bbox 1097 4205 1125 4270; x_wconf 87' lang='lat'><strong><em>4)</em></strong></span> <span class='ocrx_word' id='word_1_357' title='bbox 1143 4207 1230 4275; x_wconf 80' lang='grc' dir='ltr'><strong><em>λόγῳ,·</em></strong></span> <span class='ocrx_word' id='word_1_358' title='bbox 1254 4209 1271 4272; x_wconf 76' lang='grc' dir='ltr'><em>ἤ</em></span> <span class='ocrx_word' id='word_1_359' title='bbox 1295 4231 1328 4242; x_wconf 86' lang='grc'><strong><em>-·</em></strong></span> <span class='ocrx_word' id='word_1_360' title='bbox 1353 4206 1396 4259; x_wconf 77' lang='grc' dir='ltr'><strong><em>έν·</em></strong></span> 
     </span>
     <span class='ocr_line' id='line_1_37' title="bbox 278 4292 1397 4362; baseline -0.002 -12"><span class='ocrx_word' id='word_1_361' title='bbox 278 4298 399 4362; x_wconf 82' lang='grc' dir='ltr'><strong><em>νοήσειεν</em></strong></span> <span class='ocrx_word' id='word_1_362' title='bbox 413 4299 512 4362; x_wconf 78' lang='grc' dir='ltr'><strong><em>&lt;ἀν&gt;,</em></strong></span> <span class='ocrx_word' id='word_1_363' title='bbox 528 4292 588 4349; x_wconf 80' lang='grc' dir='ltr'><strong><em>ἀλλ’</em></strong></span> <span class='ocrx_word' id='word_1_364' title='bbox 606 4299 623 4362; x_wconf 74' lang='grc' dir='ltr'><strong><em>ό</em></strong></span> <span class='ocrx_word' id='word_1_365' title='bbox 644 4293 723 4362; x_wconf 78' lang='lat' dir='ltr'>Foss3</span> <span class='ocrx_word' id='word_1_366' title='bbox 748 4297 835 4347; x_wconf 67' lang='lat' dir='ltr'><strong>(lebera</strong></span> <span class='ocrx_word' id='word_1_367' title='bbox 858 4293 963 4347; x_wconf 78' lang='lat' dir='ltr'><strong><em>refinxit</em></strong></span> <span class='ocrx_word' id='word_1_368' title='bbox 987 4293 1065 4348; x_wconf 83' lang='lat' dir='ltr'><strong>idem.</strong></span> <span class='ocrx_word' id='word_1_369' title='bbox 1093 4321 1127 4332; x_wconf 92' lang='lat'><em>—</em></span> <span class='ocrx_word' id='word_1_370' title='bbox 1154 4295 1183 4359; x_wconf 79' lang='lat' dir='ltr'><strong><em>b)</em></strong></span> <span class='ocrx_word' id='word_1_371' title='bbox 1207 4296 1235 4349; x_wconf 84' lang='grc' dir='ltr'><strong><em>τὲ</em></strong></span> <span class='ocrx_word' id='word_1_372' title='bbox 1260 4292 1336 4346; x_wconf 82' lang='lat' dir='ltr'><strong>libri:</strong></span> <span class='ocrx_word' id='word_1_373' title='bbox 1363 4293 1397 4348; x_wconf 81' lang='grc' dir='ltr'><strong><em>ἀὲ</em></strong></span> 
     </span>
     <span class='ocr_line' id='line_1_38' title="bbox 277 4383 1035 4455; baseline -0.001 -18"><span class='ocrx_word' id='word_1_374' title='bbox 277 4384 349 4437; x_wconf 82' lang='lat' dir='ltr'>Foss.</span> <span class='ocrx_word' id='word_1_375' title='bbox 369 4414 403 4422; x_wconf 99' lang='lat'><em>-</em></span> <span class='ocrx_word' id='word_1_376' title='bbox 423 4386 450 4450; x_wconf 88' lang='grc'><strong><em>6)</em></strong></span> <span class='ocrx_word' id='word_1_377' title='bbox 469 4388 484 4438; x_wconf 90' lang='grc' dir='ltr'>ὁ</span> <span class='ocrx_word' id='word_1_378' title='bbox 502 4389 587 4455; x_wconf 77' lang='grc' dir='ltr'><strong><em>λέγων</em></strong></span> <span class='ocrx_word' id='word_1_379' title='bbox 604 4383 735 4438; x_wconf 81' lang='lat' dir='ltr'><strong>Mullach:</strong></span> <span class='ocrx_word' id='word_1_380' title='bbox 754 4386 837 4454; x_wconf 80' lang='grc' dir='ltr'><strong><em>λόγον</em></strong></span> <span class='ocrx_word' id='word_1_381' title='bbox 855 4383 1035 4437; x_wconf 77' lang='lat' dir='ltr'><strong>Teichmliller.</strong></span> 
     </span>
    </p>
   </div>
   <div class='ocr_carea' id='block_1_6' title="bbox 0 0 1574 4990">
    <p class='ocr_par' dir='ltr' id='par_1_24' title="bbox 0 0 1574 4990">
     <span class='ocr_line' id='line_1_39' title="bbox 0 0 1574 4990; baseline 0 0"><span class='ocrx_word' id='word_1_382' title='bbox 0 0 1574 4990; x_wconf 95' lang='lat' dir='ltr'><strong><em> </em></strong></span> 
     </span>
    </p>
   </div>
  </div>
 </body>
</html>
