3148 4984
614 317 782 386 Porphyrius.
1078 329 1081 332 “
1233 283 1287 376 blo

166 496 192 529 τι
212 485 346 529 ποιοῦντα
364 477 436 529 κατὰ
455 479 624 548 συμβεβηκὸς
651 480 682 550 τῇ
702 479 817 530 πελάσει
830 485 938 549 χρῆται.
976 477 1074 544 Vitam,
1095 494 1173 547 quam
1191 478 1220 532 in
1237 477 1287 532 hoo

163 581 271 636 corpore
288 581 418 632 geramus,
438 567 578 638 γοήτευμα
596 578 653 618 esse
672 565 750 619 dicit:
776 565 808 618 de
826 564 930 620 Abstin.
949 565 1028 632 128;
1054 567 1088 620 ad
1106 566 1222 621 Marcell.
1241 567 1286 622 33.

163 653 239 707 dnter
256 654 337 707 bonos
356 657 385 707 et
402 654 485 707 malos
504 654 643 708 daemonas
662 654 828 724 distinguens
842 654 895 708 'hoe
913 655 1054 724 placandos
1072 671 1130 709 esse
1148 656 1220 723 dicit,
1240 655 1285 710 sed

164 741 318 812 philosopho
337 742 467 811 agendum
485 745 517 795 ut
534 743 629 796 liberet
648 760 676 796 se
690 744 723 796 ab
737 743 857 798 omuibus
876 743 917 810 iis,
937 761 1003 814 quae
1021 744 1098 798 malis
1117 744 1286 798 daemonibus

164 831 283 884 subiecta
308 831 375 896 sint3
403 833 542 900 propterea
566 832 755 886 abstinentiam
779 832 945 886 commendat
962 835 991 886 et
1008 836 1118 886 eruenta
1136 833 1228 888 reicit:
1255 833 1288 888 de
1315 831 1450 874 :nannenus

163 918 270 974 Abstin.
289 919 379 974 1138.
398 921 441 974 39.
461 921 495 974 43
516 921 562 974 διὸ
581 923 693 982 συνετὸς
707 922 775 992 ἀνὴρ
792 924 840 974 καὶ
859 923 977 995 σώφρων
995 924 1211 989 εὐλαβήθησεται
1230 943 1287 978 τοι·

166 1011 262 1069 αύταις
271 1015 398 1084 χρῆσθαι
411 1013 532 1074 θυσίαις,
553 1005 594 1062 δι’
614 1004 651 1062 ὧν
669 1011 857 1064 ἐπισπάσεται
872 1012 940 1084 πρὸς
955 1011 1054 1064 ἑαυτὸν
1068 1013 1131 1072 τούς
1143 1014 1287 1074 τοιούτους

163 1098 314 1169 (δαίμονας
337 1098 525 1170 κακοεργούς)·
551 1098 709 1152 σπουδάσει
735 1099 767 1152 δὲ
790 1104 936 1173 καθαίρειν
955 1101 1004 1166 τὴν
1023 1102 1116 1172 ψυχὴν
1135 1105 1285 1163 παντοίως·

163 1189 275 1256 ααθαρᾷ
293 1187 348 1258 γὰρ
368 1191 443 1260 ψυχῇ
463 1189 512 1240 οὐκ
531 1189 706 1242 ἐπιτίθενται
725 1187 775 1241 διὰ
794 1190 825 1240 τὸ
845 1189 939 1250 αὐτοῖς
957 1191 1099 1262 ἀνόμοιον.
1133 1195 1158 1244 εἰ
1176 1190 1208 1244 δὲ
1227 1197 1287 1252 ταῖς

165 1277 278 1330 πόλεσιν
297 1277 451 1345 ἀναγκαῖον
468 1280 514 1329 καὶ
530 1279 644 1338 τούτους
658 1278 916 1350 ἀπομειλίττεσθαι,
937 1279 1020 1332 οὐδὲν
1033 1280 1102 1352 πρὸς
1116 1281 1200 1351 ἡμᾶς·
1220 1281 1286 1332 ταύ-

165 1383 224 1425 ταις
243 1367 297 1437 γάρ
314 1369 361 1418 καὶ
380 1368 501 1418 πλοῦτον
519 1367 625 1432 καὶτὰ
639 1367 715 1427 ἐκτὸς
733 1369 780 1420 καὶ
798 1368 832 1420 roi
847 1369 992 1438 σωματικὰ
1011 1369 1108 1436 ἀγαθὰ
1127 1368 1197 1420 εἶναι
1211 1370 1286 1422 νενό-

162 1469 264 1525 μιστειι
281 1457 329 1508 καὶ
348 1455 382 1506 τά
403 1455 515 1508 ἐναντία
532 1457 610 1516 κακά,
631 1456 773 1524 ὀλίγιστον
792 1454 810 1508 δ
814 1451 822 1470 ’
839 1456 869 1508 ἐν
888 1457 984 1515 αὐταῖς
1003 1457 1034 1508 τὸ
1053 1464 1099 1521 τῆς
1118 1464 1208 1528 ψυχῆς
1225 1457 1286 1510 ἐπι·

162 1544 342 1614 μελούμενον.
367 1541 490 1596 Snmmus
504 1542 568 1610 deus
584 1542 719 1596 sacrifieiis
733 1559 786 1596 non
799 1543 951 1608 honoratur,
967 1544 1016 1596 διὰ
1031 1544 1062 1598 δὲ
1074 1551 1286 1617 σιγῆςκαθαρᾶς

162 1635 209 1684 καὶ
237 1641 291 1684 τῶν
318 1635 381 1706 περὶ
409 1633 496 1684 αὐτοῦ
523 1639 656 1702 καθαρῶν
683 1633 795 1686 ἐννοιῶν
818 1635 1009 1706 θρησκεύομεν
1033 1635 1132 1686 adreio:
1157 1633 1189 1686 de
1208 1631 1285 1688 Abst.
1355 1618 1360 1624 ,

162 1718 251 1772 1134.
288 1719 437 1773 Patriorum
456 1719 562 1774 deorum
581 1720 682 1774 cultum
701 1723 791 1790 aperte
810 1720 915 1791 quidem
933 1722 1028 1774 reicere
1051 1737 1103 1774 non
1122 1721 1214 1788 audet,
1240 1721 1286 1776 sed
1313 1717 1400 1810 dbsslm

165 1809 234 1860 tecta
258 1807 403 1862 subvertit:
433 1808 467 1862 ad
484 1809 601 1862 Marcell.
622 1811 656 1864 18
682 1802 762 1871 οὗτος
785 1811 840 1882 γάρ
863 1815 997 1882 μέγιστος
1020 1811 1125 1882 καρπὸς
1149 1813 1286 1878 εὐσεβείας
1318 1781 1345 1811 ⁰⁰
1366 1782 1392 1810 us

164 1907 249 1968 τιμᾶν
272 1899 304 1949 td
327 1903 406 1951 θείον
423 1902 470 1951 καὶ
489 1899 522 1951 τὰ
542 1902 652 1969 πάτρια.
673 1903 816 1970 -βωμοὶ
841 1899 872 1952 δὲ
898 1905 967 1952 θεοῦ
992 1900 1216 1971 ἱερουργούμενοι
1232 1901 1286 1970 μὲν

164 1985 246 2040 οὐδὲν
263 1989 442 2056 βλάπτουσιν,
462 1989 646 2059 ἀμελούμενοι
665 1987 697 2041 δὲ
717 1987 800 2041 οὐδὲν
818 1989 978 2058 ὠφελοῦσιν.
1005 1987 1080 2047 ὅστις
1099 1987 1131 2040 δὲ
1150 1990 1219 2059 τιμᾷ
1238 1989 1286 2040 τὸν

163 2077 229 2128 θεάν
247 2077 283 2136 ὠς
302 2075 521 2148 προσδεόμενον,
552 2067 631 2136 οὗτος
649 2078 762 2142 λέληθεν
780 2075 880 2128 ἑαυτὸν
899 2074 1022 2136 δοξάζων
1045 2084 1095 2127 τοῦ
1113 2081 1181 2128 θεοῦ
1198 2080 1284 2145 κρείτ-

160 2183 231 2217 τονα
256 2163 333 2217 εἶναι.
360 2190 393 2199 -
418 2165 458 2235 μὴ
477 2169 571 2216 τοίνυν
594 2167 689 2228 μίαινε
714 2165 745 2216 τὸ
765 2169 843 2216 θεῖον
862 2165 1051 2235 ἀνθρωπίναις
1071 2162 1285 2230 ψευδοδοξίαις’

162 2255 224 2322 οὔτε
243 2254 297 2324 γάρ
315 2253 401 2306 ἐκεῖνο
414 2255 530 2319 βλάψεις
548 2254 580 2305 τό
594 2271 625 2321 γε
638 2254 778 2326 μακάριον
797 2251 847 2304 διὰ
866 2254 971 2312 παντὸς
988 2256 1035 2305 καὶ
1055 2244 1087 2304 οὗ
1105 2261 1185 2305 πᾶσα
1198 2254 1285 2320 βλάβη

164 2350 209 2407 τῆς
228 2343 391 2414 ἀφθαρσίας
404 2342 568 2408 ἐξελήλαται,
589 2343 693 2407 σαυτὴν
707 2341 739 2394 δὲ
754 2342 906 2412 τυφλώσεις
925 2344 995 2414 πρὸς
1012 2342 1061 2407 τὴν
1079 2351 1133 2394 τῶν
1145 2345 1286 2412 μεγίστων

160 2433 209 2483 καλ
232 2433 408 2501 κυριωτάτων
432 2431 592 2500 διάγνωσιν.
629 2429 694 2484 Mali
713 2429 850 2482 daemones
868 2430 909 2482 vel
927 2429 1017 2500 potins
1040 2445 1129 2482 omnes
1148 2429 1284 2482 daemones
1311 2434 1427 2475 daemonas

163 2520 191 2572 et
214 2518 317 2572 omnino
343 2518 370 2570 di
394 2517 511 2572 visibiles
535 2518 562 2572 h.
581 2535 604 2572 e.
629 2517 717 2572 sidere
741 2535 771 2571 eo
798 2517 949 2588 discrepant
967 2535 982 2572 a
1001 2518 1042 2572 dis
1065 2535 1119 2572 non
1136 2517 1285 2572 visibilibus

162 2608 196 2672 (v.
215 2609 270 2660 not.
289 2607 322 2672 c),
341 2606 410 2676 qnod
429 2623 460 2660 ex
478 2623 583 2678 corpore
602 2609 630 2660 et
648 2606 735 2660 anima
753 2607 889 2678 compositi
909 2610 973 2660 eunt
990 2607 1099 2677 ideoque
1117 2624 1201 2676 neque
1220 2624 1286 2660 sem·

161 2695 259 2765 piterni
282 2711 365 2764 nequo
388 2695 566 2748 immutabiles
591 2697 669 2764 sunt,
697 2711 763 2765 quae
782 2695 860 2749 simul
879 2699 1018 2749 causaest
1042 2713 1088 2750 cur
1107 2695 1233 2750 sacrificia
1251 2697 1284 2749 ab

161 2783 195 2837 iis
213 2783 396 2853 requiruntur:
416 2784 447 2838 de
466 2782 543 2838 Abst.
562 2783 722 2838 1137—39.

232 2889 263 2944 b.
282 2891 420 2944 Rationale
440 2890 493 2943 sive
511 2892 622 2960 λογικὸν
640 2890 675 2943 ad
694 2891 775 2943 solam
789 2890 902 2944 animam
917 2891 1042 2944 refertur:
1061 2890 1183 2945 Sentent.
1202 2892 1237 2946 10
1255 2894 1284 2947 ἐν

160 2983 200 3048 νῷ
217 2980 342 3054 μὲνγὰρ
360 2991 465 3054 νοερῶς,
485 2981 515 3033 ἐν
534 2983 611 3051 ψυχῇ
631 2980 662 3033 δὲ
681 2983 802 3049 λογικῶς.

233 3099 260 3140 ο.
280 3085 421 3154 Theologia
438 3085 518 3138 huius
542 3085 639 3138 aetatis
658 3085 756 3138 multos
775 3085 878 3138 ordines
898 3084 1020 3151 deorum,
1039 3086 1188 3153 geniorum,
1207 3103 1284 3154 ange

161 3171 255 3241 lorum,
275 3174 420 3228 animarum
438 3189 589 3228 enumerare
609 3174 683 3227 solet.
720 3173 884 3243 Porphyrius¹
900 3174 1043 3244 distinguit
1060 3174 1131 3229 inter
1149 3175 1211 3228 deos
1225 3176 1285 3228 visi·

160 3261 227 3316 biles
246 3264 274 3316 et
291 3280 343 3317 non
362 3263 478 3316 visibiles
497 3263 540 3330 (de
558 3263 636 3316 Abst.
655 3263 682 3315 11
697 3263 740 3316 34.
755 3263 809 3328 36),
828 3263 900 3315 inter
917 3263 1008 3330 genios
1027 3267 1116 3316 autem
1134 3267 1163 3316 et
1176 3265 1283 3331 angelos

161 3366 214 3404 non
232 3351 383 3404 distinxisse
401 3351 506 3404 videtur
519 3355 645 3421 utrosque
665 3351 765 3404 animas
785 3350 920 3419 appellans
939 3351 988 3403 hoc
1006 3351 1109 3404 nomine
1123 3351 1284 3421 amplissima

161 3439 351 3508 significatione
377 3443 504 3510 usurpato
528 3441 574 3507 (ib.
593 3441 637 3494 37,
656 3441 710 3504 38).
747 3439 915 3507 Augustinus
940 3440 989 3493 hoc
1013 3440 1069 3493 loco
1088 3440 1227 3493 daemonas
1246 3439 1284 3492 di·

110 3546 119 3576 .·
160 3545 218 3582 cere
236 3529 340 3582 videtur
358 3529 441 3584 malas
459 3529 573 3596 animas,
600 3545 666 3598 quas
684 3529 845 3598 Porphyrius
864 3529 940 3582 bonis
959 3529 1067 3598 opponit
1085 3529 1131 3596 (ib.
1149 3528 1207 3595 38),
1232 3528 1283 3582 nisi

161 3618 294 3688 putaveris
308 3618 483 3690 Porphyrium
495 3618 523 3672 in
541 3618 584 3672 his
602 3618 750 3672 nominibus
769 3634 862 3688 parum
877 3617 927 3670 sibi
941 3618 1101 3686 constitisse,
1120 3617 1190 3687 quod
1203 3617 1284 3673 habet

161 3707 388 3775 probabilitatem,
413 3707 552 3760 camboni
571 3707 708 3759 daemones
735 3707 837 3759 soleant
856 3706 888 3758 ab
914 3723 943 3759 eo
969 3706 1003 3759 ad
1026 3723 1101 3772 aera,
1126 3705 1154 3758 di
1171 3721 1231 3759 vero
1250 3703 1283 3757 ad

159 3789 268 3848 'aethera
285 3795 390 3849 referri:
410 3796 441 3848 de
460 3794 537 3850 Abst.
557 3795 650 3870 1138,
669 3794 717 3864 Ep.
736 3795 770 3848 ad
788 3794 871 3848 Aneb.
890 3796 907 3848 2
925 3812 951 3865 p.
970 3794 1046 3848 XXX
1064 3795 1093 3848 P.

233 3901 263 3955 d.
282 3901 335 3956 Ubi
360 3902 421 3956 deos
446 3902 569 3972 patibiles
594 3897 651 3956 ease
670 3901 749 3968 dicit,
774 3903 977 3955 consentaneum
1002 3903 1044 3954 est
1063 3917 1123 3954 eum
1141 3907 1193 3952 non
1211 3899 1283 3970 loqui

159 3989 214 4042 nisi
233 3991 264 4043 de
283 3989 324 4044 dis
343 3991 498 4045 visibilibus.
532 3989 699 4060 Quamquam
717 4007 801 4060 neque
820 3990 853 4043 ad
872 3990 920 4043 hos
940 4007 1023 4060 neque
1041 3989 1076 4042 ad
1094 3989 1175 4042 bonos
1193 3988 1283 4056 genios

159 4078 225 4132 talis
250 4095 317 4148 quae
341 4079 390 4132 hoc
413 4079 470 4134 loco
494 4079 652 4133 describitur
675 4079 762 4149 passio
786 4079 920 4149 pertinet,
948 4095 1038 4132 rernm
1061 4077 1182 4130 adsolos
1200 4077 1282 4130 malos

163 4167 266 4235 genios:
292 4167 324 4221 da
338 4167 420 4222 *Abst.
439 4168 467 4222 II
485 4169 522 4223 38⁴
545 4170 610 4224 δσαι
633 4169 688 4241 μέν
711 4165 760 4222 οὖν
779 4173 870 4239 ψυχαὶ
889 4179 935 4236 τῆς
954 4170 1019 4235 ὅλης
1034 4170 1217 4238 ἐκπεφυκυῖαι
1233 4185 1282 4236 με·

161 4260 234 4326 γάλα
252 4261 321 4330 μέρη
339 4257 477 4312 διοικοῦσι
495 4269 550 4311 τῶν
569 4261 624 4312 ὑπὸ
643 4260 757 4324 σελήνην
774 4259 874 4330 τόπων,
901 4257 1110 4330 ἐπερειδόμεναι
1127 4256 1181 4328 μὲν
1200 4258 1282 4309 πνεύ-

158 4363 236 4416 ματι·
257 4341 410 4417 κρατοῦσαι
435 4347 470 4400 δέ
498 4347 585 4400 αύτοῦ
607 4347 680 4400 κατὰ
702 4348 799 4415 λόγον,
828 4347 931 4405 ταύτας
950 4345 1089 4416 δαίμονάς
1109 4363 1137 4398 τε
1153 4346 1283 4413 ,ἀγαθοὺς

159 4438 309 4504 νομιστέον
327 4449 373 4472 -’
399 4435 463 4490 ὅσαι
486 4436 518 4489 δὲ
545 4438 635 4506 ψυχαὶ
660 4445 710 4488 τοῦ
733 4443 864 4504 συνεχοῦς
889 4436 1048 4506 πνεύματος
1074 4435 1281 4506 σίν-κρατοῦσιν,
