3156 4988
664 303 766 358 Ethioa.
1226 303 1278 365 351

158 459 222 548 ἀρα
254 461 293 526 τὸ
323 457 450 526 δίκαιον
479 460 512 527 ἐν
542 459 725 544 ἐλαχίστοις
758 455 842 529 εἶναι
872 462 1056 552 τέτταρσιν·
1088 457 1137 543 οἷς
1159 489 1194 531 τε
1217 467 1277 552 γὰρ

68 597 77 614 ¹
159 565 287 632 δίκαιον
309 567 454 652 τυγχάνει
478 565 522 648 όν,
547 569 603 634 δόο
626 566 705 650 ἐστί,
729 569 786 636 καὶ
810 569 843 636 ἐν
865 561 915 649 οἷς
937 573 979 637 τά
996 571 1187 659 πράγματα,
1212 572 1278 636 δόο.

158 673 214 738 καί
250 675 269 761 ἡ
298 672 379 762 αὐτὴ
410 670 502 739 ἔσται
539 671 663 762 ἰσότης,
700 667 749 753 οἷς
771 677 829 742 καὶ
853 677 886 742 έν
909 667 974 755 οἷς·
1020 680 1064 756 ὡς
1087 680 1147 765 γὰρ
1171 677 1277 743 ἐκεῖνα

158 776 222 860 ἔχει
245 782 288 844 τά
311 779 344 845 έν
366 771 424 858 οἷς,
449 782 533 846 οὕτω
556 780 688 847 κάκεῖνα
711 777 791 864 ἔχει·
838 779 866 848 εί
890 785 950 870 γάρ
972 786 1017 872 μὴ
1046 781 1114 850 ’ίσοι
1139 783 1197 850 οὐκ
1219 779 1278 849 ’ίσα

158 884 297 966 ἕξουσιν,
332 876 406 951 ἀλλ’
431 885 579 953 ἐντεῦθεν
612 885 646 952 αῖ
676 889 780 971 μάχαι
811 888 868 954 καί
898 892 940 954 τὰ
964 889 1165 979 ἐγκλήματα,
1200 891 1278 956 όταν

158 988 266 1080 ἢῖσοι
290 994 334 1080 μὴ
357 990 416 1058 ῖσα
439 995 459 1082 ἢ
481 996 526 1082 μὴ
555 991 622 1060 ῖσοι
653 992 711 1060 ῖσα
741 992 836 1077 ἔχωσι
866 995 923 1061 καὶ
953 995 1121 1080 νέμιονται.
1167 993 1217 1062 ἔτι
1241 995 1278 1061 ἐκ

158 1109 216 1164 τοῦ
237 1087 316 1163 κατ’
335 1097 430 1178 ἀξίαν
452 1111 547 1166 τοῦτο
570 1101 680 1188 δηλον·
726 1103 764 1167 τὸ
787 1104 847 1188 γάρ
864 1100 991 1168 δίκαιον
1014 1101 1047 1168 έν
1069 1106 1144 1180 ταῖς
1166 1103 1276 1168 διανο-

155 1209 239 1288 μαῖς
262 1205 454 1291 ὁμολογοῦσι
478 1206 598 1285 πάντες
621 1197 698 1273 κατ’
718 1205 814 1287 ἀξίαν
837 1211 910 1274 τινδι
927 1209 994 1275 δεῖν
1009 1202 1102 1275 εἶναι.
1119 1247 1161 1256 -
1182 1211 1230 1274 Ib.
1248 1220 1300 1303 7.Ι

161 1310 265 1376 1131b
290 1321 330 1377 25
366 1314 403 1377 τδ
426 1311 462 1378 δέ
491 1313 608 1378 λοιπδν
630 1309 664 1378 (έν
686 1316 725 1378 τὸ
755 1314 988 1400 διορθωτικόν,
1024 1312 1043 1380 ὃ
1077 1312 1220 1400 γίγνεται
1244 1313 1277 1379 έν
1303 1297 1425 1402 afflans

157 1421 227 1494 τοῖς
257 1419 502 1502 συναλλάγμασι
532 1417 589 1484 καί
616 1423 687 1497 τοῖς
717 1417 876 1498 ἑκουσίοις
906 1420 964 1486 καί
998 1424 1069 1498 τοῖς
1096 1417 1276 1497 ἀκουσίοις·

157 1535 254 1590 τοῦτο
283 1523 319 1589 δέ
347 1529 385 1590 τδ
409 1523 537 1591 δίκαιον
566 1525 646 1591 άλλο
669 1519 754 1603 εἶδος
776 1521 839 1607 ἔχει
861 1538 920 1592 τοῦ
942 1525 1112 1614 προτέρου.
1158 1525 1278 1610 τὸμὲν

158 1631 220 1716 γάρ
237 1631 461 1719 διανεμητικὸν
476 1629 604 1698 δίκαιον
618 1645 683 1696 τῶν
698 1646 814 1698 κοινῶν
837 1632 888 1698 ἀεί
911 1635 998 1698 κατδι
1021 1635 1079 1722 τὴν
1102 1630 1277 1717 ἀναλογίαν

158 1734 229 1802 έστὶ
251 1738 308 1824 τὴν
330 1733 521 1826 είρημένηνῦ.
544 1776 589 1788 -
618 1739 656 1803 τὸ
679 1726 712 1802 δ’
732 1737 765 1802 ἐν
787 1742 858 1816 τοῖς
880 1739 1125 1822 συναλλάγμασι
1149 1737 1278 1804 δίκαιόν

158 1840 228 1908 ἐστι
251 1843 311 1925 μέν
339 1840 411 1909 ἴσον
438 1869 488 1924 τι,
524 1842 580 1909 καί
604 1845 642 1909 τδ
665 1844 777 1909 ἀδικον
799 1844 923 1924 άνισον,
959 1834 1032 1910 ἀλλ’
1053 1844 1090 1910 οό
1112 1847 1198 1910 κατὰ
1220 1846 1278 1932 τὴν

157 1947 333 2033 ἀναλογίαν
363 1947 485 2037 ἐκείνην
515 1950 598 2015 ἀλλά
622 1952 709 2015 κατὰ
738 1953 795 2038 τὴν
818 1951 1048 2038 ἀριθμητικήν.
1095 1949 1194 2016 οόθὲν
1216 1951 1276 2036 γάρ

158 2054 317 2141 διαφέρει,
341 2052 370 2121 εί
393 2055 541 2144 ἐπιεικὴς
564 2056 689 2144 φαῦλον
711 2055 928 2144 ἀπεστέρησεν
950 2057 970 2145 ἢ
993 2057 1118 2144 φαῦλος
1138 2055 1276 2144 ἐπιεικῆ,

157 2149 231 2225 οὐδ’
249 2158 277 2226 εῖ
301 2157 480 2244 ἐμοίχευσεν
503 2161 650 2250 ἐπιεικὴς
672 2163 692 2250 ἢ
714 2163 855 2249 φαῦλος·
901 2161 985 2226 ἀλλά
1008 2163 1093 2248 πρὸς
1114 2173 1173 2228 τοῦ
1193 2162 1276 2246 βλά-

156 2272 235 2349 βους
268 2269 326 2354 την
363 2268 524 2355 διαφορὰν
556 2269 654 2349 μόνον
687 2266 804 2350 βλέπει
836 2268 974 2350 δνόμος
1007 2267 1064 2334 καί
1092 2281 1208 2356 χρηται
1233 2269 1277 2346 ὡς

156 2368 257 2452 ίσοις,
287 2369 316 2439 εί
346 2374 445 2457 ὁμὲν
474 2373 581 2440 ἀδικεῖ
610 2363 683 2439 ὁδ)
702 2373 864 2439 ἀδικεῖται
894 2373 950 2439 καί
981 2371 1010 2440 εἰ
1033 2369 1176 2459 ἔβλαψεν
1199 2375 1217 2439 δ
1240 2373 1277 2440 δέ

156 2478 355 2562 βέβλαπται.
402 2482 484 2545 ὥστε
507 2482 544 2545 τδ
568 2479 681 2546 άδικον
702 2491 799 2546 τοῦτο
822 2479 933 2546 άνισον
954 2480 990 2545 δν
1013 2476 1135 2561 ἰσάζειν
1158 2491 1276 2566 πειρᾶ-

157 2609 214 2650 ται
239 2586 257 2650 ό
280 2586 463 2674 δικαστήςᾱ.

229 2761 257 2799 a.
278 2745 315 2800 cf.
334 2746 555 2814 hamelanburg,
575 2747 649 2800 Ηίεί.
669 2747 755 2800 Beitr.
775 2746 802 2798 II
820 2746 882 2799 356.

228 2869 260 2926 b.
279 2871 489 2938 Distinguuntur
503 2871 569 2924 tria:
588 2871 709 2940 opposita
728 2871 796 2935 bina,
816 2871 886 2922 intor·
904 2887 970 2940 quaa
983 2872 1026 2922 est
1039 2869 1152 2922 medium
1166 2870 1277 2935 (τινων),

154 2961 185 3012 ελ
202 2976 328 3028 personae
346 2963 431 3026 (τισίν
450 2955 499 3024 οἷς)
517 2963 545 3012 ελ
563 2976 605 3012 res
623 2959 722 3024 (δυοῖν,
741 2962 771 3012 ἐν
790 2955 849 3022 οἷς).

229 3097 255 3138 ο.
275 3084 349 3136 Dicit
367 3083 513 3151 analogiam
532 3083 708 3154 proportionis
725 3083 905 3151 geometricae,
925 3082 998 3136 volut
1015 3097 1031 3134 a
1046 3102 1052 3134 :
1066 3082 1083 3134 b
1097 3105 1132 3126 ---
1146 3099 1161 3134 ε
1175 3102 1182 3135 :
1196 3081 1221 3134 δ.

228 3209 259 3262 δ.
279 3209 401 3262 Iustitiae
421 3209 518 3278 species
536 3211 579 3262 ost
592 3208 725 3278 aequitas:
744 3207 806 3260 Ero.
825 3206 883 3260 Nic.
902 3205 1105 3260 V14.1137b8
1125 3207 1157 3258 τό
1175 3225 1203 3260 τε
1222 3207 1276 3279 γάρ
1289 3220 1405 3270 aequius

154 3299 311 3359 ίπιεικὲς
335 3299 445 3352 δικαίου
470 3300 543 3358 τινὸς
568 3301 599 3350 όν
617 3299 724 3364 βέλτιόν
747 3299 806 3350 ἔστι
825 3297 949 3361 δίκαιον,
975 3300 1021 3349 καὶ
1042 3297 1092 3364 οὐχ
1111 3296 1146 3354 ὡς
1165 3297 1230 3348 ίίλλο
1250 3314 1276 3346 τι

155 3392 237 3456 γένος
265 3391 297 3438 ὂν
320 3388 426 3454 βέλτιόν
450 3388 509 3440 ἐστι
535 3396 584 3439 τοῦ
609 3387 726 3438 δικαίου.
764 3387 865 3438 ταύτὸν
885 3390 937 3455 δρα
957 3385 1067 3437 δίκαιον
1089 3387 1135 3435 καλ
1154 3385 1275 3445 ἐπιεικές,

155 3480 203 3529 καὶ
232 3478 344 3547 ἀμφοῖν
373 3476 544 3528 σπονδαῖσιν
572 3477 664 3527 ὄντοιν
691 3481 814 3546 κρεῖττον
843 3475 874 3525 ιδ
901 3475 1022 3532 ἐπιεικές.
1066 3476 1143 3524 ποιεῖ
1169 3471 1199 3523 δὲ
1229 3471 1277 3536 τὴν

156 3566 279 3637 ἀπορίαν
298 3565 340 3616 ότι
360 3566 391 3616 τὸ
410 3564 524 3623 ἐπιεικὲς
543 3563 653 3615 δίκαιον
670 3567 723 3634 μέν
741 3564 825 3624 ἐστιν,
845 3563 877 3614 οὐ
896 3563 928 3613 τὸ
946 3562 1016 3613 κατὰ
1034 3561 1123 3632 νόμον
1142 3559 1187 3621 δέ,
1213 3554 1273 3610 ἀλλ’

156 3655 347 3726 ἐπανόρθωμα
365 3657 490 3724 νομίμου
509 3652 626 3704 δικαίου.
638 3675 671 3686 -
683 3653 731 3702 ,καὶ
750 3651 825 3702 ἔστιν
840 3650 907 3716 αὕτη
921 3650 1055 3719 ἡφύσις-ἡ
1070 3657 1121 3701 τοῦ
1133 3649 1276 3710 ἐπιεικοῦς,

155 3743 347 3812 ἐπανόρθωμα
366 3742 462 3812 νόμου,
483 3727 499 3812 ᾗ
518 3741 635 3792 ἐλλείπει
655 3739 703 3791 διὰ
723 3739 901 3790 τὸκαθόλου.

11 4023 13 4058 ,
105 3985 147 4024 ³42
224 3971 317 4034 Pola.
340 3970 358 4033 I
382 3977 411 4032 2.
437 3976 542 4034 1252⁸
566 3975 607 4031 26
637 3955 778 4052 Ἀνάγκη
808 3965 846 4053 δι)
878 3976 1009 4049 πρῶτον
1037 3961 1275 4042 συνδυάζεσθαι
1304 3975 1419 4071 ηηηηηηη

156 4078 231 4154 τοὺς
255 4075 328 4140 ἀνευ
352 4074 499 4162 ἀλλήλων
521 4074 566 4160 μὴ
589 4071 782 4155 δυναμένους
805 4063 905 4151 εῖναι,
936 4060 1004 4135 οἷον
1026 4068 1112 4156 θηλυ
1134 4066 1194 4150 μέν
1217 4066 1274 4132 καὶ
1320 4082 1401 4124 formae

157 4183 252 4270 άρρεν
282 4195 340 4269 της
370 4179 520 4266 γενέσεως
549 4177 651 4244 ἕνεκεν
686 4177 755 4262 (καί
785 4187 881 4242 τοῦτο
905 4174 962 4240 οὐκ
985 4174 1022 4240 ἐκ
1044 4171 1276 4260 προαιρέσεως,

157 4277 234 4354 ἀλλ’
254 4291 366 4374 ὥσπερ
389 4286 447 4352 καί
470 4285 503 4352 έν
525 4289 595 4362 τοῖς
617 4284 730 4361 ἀλλοις
753 4279 849 4368 ζηίοις
872 4280 929 4346 καὶ
945 4283 1062 4369 φυτοῖς
1084 4281 1221 4367 φυσικὸν
1239 4281 1277 4346 τδ

157 4393 334 4485 ἀφίεσθαι,
359 4385 426 4459 οἷον
450 4391 544 4472 αὐτό,
568 4401 714 4456 τοιοῦτον
737 4388 934 4454 καταλιπεῖν
957 4385 1091 4474 ἕτερον),
1122 4384 1218 4472 άρχον
1241 4384 1278 4452 δὲ
