3146 4982
670 281 790 350 Physica.
1236 277 1291 338 4⁰9

167 453 251 517 κτηρα
275 443 438 514 ἀιιιιιείμενά
461 461 519 504 ποις
538 443 667 496 ἀπονεόει
693 443 761 514 πρὸς
785 439 889 516 ἕτερον·
927 441 996 515 πρός
1014 461 1041 494 τι
1059 439 1095 494 ἀέ
1111 460 1170 514 πως
1188 441 1293 515 ἔχοντα

168 534 221 588 ὅσα
248 536 353 604 πέφυκε
382 537 545 604 συμβαίνειν
572 535 627 585 τινλ
654 535 701 584 καὶ
727 532 767 604 μὴ
792 535 955 603 συμβαίνειν
973 534 1039 584 ἀνευ
1065 538 1112 597 τῆς
1130 534 1193 602 περὶ
1218 531 1289 584 αάτά

166 625 319 695 μεταβολῆς
345 624 392 675 καὶ
417 622 585 682 ἀλλοιώσεως
608 621 680 690 μετά
707 629 757 673 τοῦ
775 622 843 694 πρὸς
861 621 893 672 τὸ
911 619 986 680 ἐκτὸς
1009 621 1191 688 ἀποβλέπειν,
1220 617 1289 674 ὥστε

168 711 235 764 ὅταν
258 711 316 784 μὲν·
336 711 406 764 κατὰ
432 709 575 781 ἀιαφοροίν
599 730 626 763 τι
651 708 828 782 διακείμενον
852 709 921 780 πρὸς
939 699 1036 781 ἕτερον
1054 710 1149 781 νεὺση,
1175 709 1244 779 πρός
1262 723 1292 762 τι·

166 801 256 872 μόνον
280 809 361 853 τοῦτο
379 799 472 864 ἔσται,
496 801 531 860 ὡς
549 801 566 865 ἡ
584 798 639 860 ἕξις
656 801 703 852 καλ
722 800 738 864 ἡ
756 799 895 871 ἐπιστήμη
912 801 960 850 καὶ
978 799 994 864 η
1014 801 1152 864 αἴσθησις,
1171 797 1239 850 ὃταν
1256 796 1289 851 ἀλ

166 891 207 962 μὴ
223 891 294 942 κατά
313 889 362 955 τὴν
380 890 499 942 ἐνοῦσαν
516 889 666 960 ἀιαφορόν,
685 888 756 941 κατά
775 887 860 955 ψιλὴν
878 887 910 940 ὑὲ
929 887 977 953 τὴν
995 888 1065 962 πρὸς
1082 885 1175 958 ἕτερον
1193 887 1290 956 σχέσιν

166 984 312 1051 θεωρῆται,
338 979 407 1050 πρός
425 981 455 1029 τί
472 997 530 1038 πως
549 977 650 1047 ἔχοντα
668 977 760 1031 ἔσται·
790 977 878 1048 ὑγάρ
898 977 955 1037 υἱὸς
973 978 1055 1029 καλό
1080 975 1169 1038 δεξιὸς
1187 975 1290 1036 ἔξωθέν

167 1087 250 1120 τινων
278 1065 466 1140 προσδέονται
484 1067 553 1138 πρός
575 1067 625 1132 τὴν
643 1066 808 1130 ὑπόστασιν,
834 1064 881 1118 ἀιὸ
904 1067 951 1118 καὶ
975 1063 1116 1138 μηάεμιᾶς
1143 1067 1290 1135 γινομένης

167 1159 230 1230 περὶ
250 1157 320 1209 αὐτὰ
338 1157 491 1226 μεταβολῆς
509 1151 614 1224 γίνοιτ’
633 1157 668 1208 ἀν
686 1156 775 1208 οὐκέτι
794 1155 884 1228 πατὴρ
903 1163 953 1206 τοῦ
971 1155 1034 1206 υἱοῦ
1053 1153 1254 1216 ἀποθανόντος,
1274 1155 1289 1205 ὑ

168 1244 199 1298 ἀὲ
218 1244 308 1306 ἀεξιὺς
326 1253 376 1297 τοῦ
394 1247 600 1318 παρακειμένου
617 1245 821 1317 μεταστάντος·
851 1243 883 1296 τὸ
901 1242 933 1298 ἀλ
951 1243 1036 1312 γλυκὺ
1058 1245 1104 1296 καλ
1123 1242 1221 1315 πικρὸν
1240 1241 1289 1294 οὐκ

169 1335 204 1384 ἀν
222 1334 320 1386 ἀλλοῖα
338 1337 455 1402 γένοιτο,
474 1336 500 1386 ελ
516 1334 557 1404 μὴ
576 1335 802 1407 συμμεταβάλλοι
820 1336 868 1386 καλ
885 1333 902 1399 ἡ
920 1333 983 1403 περὶ
1004 1332 1073 1384 αάτά
1094 1331 1221 1404 δύναμις.

621 1599 832 1610 -u———u-onn-u--u-

607 1866 843 1971 Phys'ioa.

85 2164 171 2236 3981
233 2147 413 2230 Diog.v11
438 2156 510 2214 134.
557 2150 655 2214 Δοκεῖ
684 2135 718 2212 δ’
738 2145 849 2226 αὑτοῖς
879 2144 977 2234 ἀρχὰς
1005 2139 1088 2214 εἶναι
1117 2159 1182 2212 τῶν
1205 2145 1287 2213 ὅλων
1314 2141 1421 2238 ⁹¹¹3th

166 2253 232 2335 ἀὺο,
257 2255 295 2320 τὸ
318 2265 435 2320 ποιοῦν
457 2252 515 2319 καὶ
538 2255 577 2320 τὸ
600 2253 742 2336 πάσχον·
765 2255 803 2320 εὑ
825 2251 885 2337 μέν
908 2250 962 2320 οὑν
983 2253 1110 2336 πάσχον
1132 2245 1288 2342 εἶναιτὴν

166 2358 286 2452 ἀποιον
309 2357 438 2442 οὐσίαν,
472 2363 529 2450 τὴν
551 2361 643 2450 ὑλην,
678 2361 716 2426 τὸ
740 2358 776 2426 ἀὲ
799 2369 916 2426 ποιοῦν
938 2361 994 2426 τὸν
1018 2358 1051 2426 έν
1075 2357 1159 2450 αὐτῇ
1182 2359 1285 2447 λόγον,

166 2465 331 2533 τὸνθεόν·
355 2477 468 2534 τοῦτον
484 2468 545 2554 γὰρ
568 2464 674 2534 ἀίάιον
695 2463 773 2533 όνια
797 2467 853 2532 ὑιά
876 2465 987 2555 πάσης
1009 2464 1107 2556 αὐτῆς
1131 2467 1286 2556 δημιουρ-

166 2576 233 2657 γεῖν
255 2570 405 2638 ἓκασταὶ
431 2611 473 2620 -
498 2580 571 2640 135.
596 2570 629 2638 έν
651 2597 687 2639 τε
708 2565 792 2639 εἶναι
815 2573 895 2638 θεὸν
916 2571 974 2639 καὶ
997 2582 1070 2639 νοὺν
1091 2571 1149 2638 καὶ
1171 2570 1287 2662 ελμαρ·

165 2677 263 2767 μένην
285 2677 342 2745 καὶ
358 2664 438 2760 Δία,
458 2679 600 2757 πολλοῖς
621 2668 656 2744 τ>
675 2675 803 2768 ἑτέραις
826 2676 1019 2764 ὀνομασίαις
1041 2678 1286 2766 προσονομάζε-

166 2789 260 2850 σθαι.
320 2795 393 2852 136.
425 2774 503 2851 κατ’
533 2785 632 2871 ἀρχάς
660 2783 719 2870 μὲν
751 2782 806 2852 οὖν
828 2774 914 2852 καθ’
937 2786 1034 2852 αὑτὸν
1055 2782 1133 2852 όνια
1154 2783 1287 2874 τρέπειν

165 2893 222 2980 τὴν
244 2903 357 2958 πᾶσαν
380 2889 493 2958 οὐσίαν
515 2881 565 2958 δι’
584 2891 677 2980 ἀέρος
700 2890 746 2972 εἷς
769 2893 863 2982 ὑὺιυρ.
894 2891 952 2959 καὶ
969 2895 1080 2982 ὥσπερ
1097 2892 1130 2958 έν
1152 2891 1193 2980 τῇ
1208 2894 1287 2982 γονῇ

165 2999 204 3064 τὸ
227 2996 361 3086 σπέρμα
385 2997 586 3086 περιέχεται,
618 3001 700 3066 οὑτω
730 2999 788 3066 καὶ
811 3009 924 3066 τοῦτον
946 3001 1170 3087 σπερματικὸν
1193 2999 1286 3085 λόγον

165 3102 242 3172 όντα
266 3116 324 3172 τοὺ
346 3105 468 3189 κόσμου
498 3105 624 3174 τοιόνδε
646 3105 879 3174 ὑπολιπέσθαι
902 3104 936 3173 ἐν
957 3105 1005 3194 τῷ
1028 3105 1131 3193 ὑγρῷ,
1162 3103 1286 3193 εὐεργὸν

166 3209 255 3298 αὐτῷ
284 3221 443 3278 ποιοῦντα
473 3214 531 3301 τὴν
560 3213 637 3301 ὑλην
666 3215 751 3301 πρὸς
780 3214 924 3302 τὴντῶν
954 3209 1026 3301 ἑξῆς
1049 3211 1185 3298 γένεσιν,
1213 3201 1283 3280 εἶτ’

165 3315 345 3402 ἀπογεννᾶν
367 3331 499 3406 πρῶτον
521 3320 564 3384 τά
585 3317 730 3408 τέσσαρα
760 3323 920 3402 στοιχεῖα,
950 3330 1033 3408 πῦρ,
1061 3319 1162 3407 ὑάωρ,
1194 3316 1283 3406 ἀέρα,
1312 3330 1421 3373 elementa

165 3423 249 3511 γηνλ.
275 3462 317 3472 -
355 3434 427 3491 137.
451 3423 579 3510 λέγουσι
602 3424 639 3492 ἀὲ
660 3426 781 3510 κόσμον
802 3423 1049 3514 τριχῶς,γαάιόν
1071 3449 1107 3491 τε
1129 3427 1184 3491 τόν
1206 3426 1286 3492 θεὸν
1322 3437 1415 3480 mundus

164 3531 221 3596 τὸν
244 3527 281 3596 ἐκ
303 3541 361 3618 τῆς
384 3529 493 3620 πάσης
516 3528 629 3610 οὑσίας
652 3528 744 3611 ἶάίιος
767 3532 893 3614 ποιόνῦ,
917 3529 952 3611 ὃς
968 3532 1007 3622 δὴ
1024 3531 1200 3621 ἄφθαρτός
1215 3529 1285 3598 ἐστι

165 3633 222 3701 καὶ
245 3633 404 3725 ἀγένητος,
429 3637 621 3728 δημιουργὸς
645 3639 688 3703 ίὺν
710 3651 768 3728 τῆς
791 3639 1043 3728 διακοσμήσεως,
1067 3637 1286 3726 κατὰχρόνον

165 3744 268 3820 ποιὰς
297 3743 471 3830 περιόδους
500 3743 683 3812 ἀναλίσκειν
712 3742 758 3824 εἶς
789 3743 903 3812 ἑαυτὸν
928 3747 986 3834 τὴν
1016 3747 1151 3812 ἅπασαν
1174 3743 1286 3812 οὐσίαν

165 3846 222 3913 καὶ
245 3847 349 3914 πόλιν
371 3848 406 3928 ἐξ
435 3846 552 3915 ἑαυτοῦ
579 3865 701 3936 γεννῶν.
766 3861 839 3919 138.
871 3850 929 3918 καὶ
951 3850 1050 3942 αὐτὴν
1065 3851 1109 3918 ,ἀὲ
1131 3854 1188 3940 τὴν
1211 3852 1285 3917 ἀια-

165 3953 324 4043 κόσμησιν
350 3968 415 4020 τῶν
444 3954 587 4044 ἀστέρων
615 3957 735 4042 κόσμον
764 3950 848 4024 εἶναι
878 3957 1005 4044 λέγουσι
1034 3957 1091 4024 καὶ
1114 3955 1224 4046 τρίτον
1246 3957 1286 4023 τὸ

165 4061 356 4150 συνεστηκός
379 4061 415 4141 ἐξ
438 4061 571 4150 ἀμφοῖν.
608 4102 649 4112 -
683 4067 739 4131 τὸν
763 4064 801 4152 ἀν’]
830 4065 950 4150 κόσμον
973 4065 1176 4131 διοικεῖσθαι
1199 4065 1285 4130 κατά

164 4177 237 4234 νοῦν
259 4166 317 4233 καὶ
340 4167 498 4256 πρόνοιαν
528 4209 570 4216 -
602 4166 648 4248 εἷς
678 4173 768 4236 ἀπαν
799 4169 899 4238 αὑτοῦ
919 4169 1017 4260 μέρος
1040 4171 1206 4259 ἀνήκοντος
1228 4180 1287 4236 τοὺ

165 4284 228 4355 νοῦ,
259 4274 416 4363 καθάπερ
440 4264 498 4363 ἐφ’
516 4279 606 4364 ἡμῶν
627 4289 684 4365 τῆς
707 4289 822 4364 ψυχῆς.
857 4314 901 4325 -
938 4288 1010 4345 139.
1046 4278 1128 4342 οὑτω
1159 4277 1198 4364 δὴ
1227 4275 1285 4342 καὶ

164 4381 220 4445 τὸν
250 4379 324 4444 ὅλον
346 4380 467 4464 κόσμον
497 4381 580 4468 ζῴον
609 4379 687 4448 όνεα
710 4382 767 4449 καὶ
791 4379 936 4472 ἔμψυχον
965 4383 1022 4450 καὶ
1051 4383 1182 4470 λογικὸν
1204 4377 1287 4465 ἔχειν
