3130 4980
297 365 351 428 250
812 372 898 426 Plato.

298 529 396 596 ἀλλον
418 528 570 618 ἀριθμόν,
594 527 651 596 καὶ
674 544 739 596 τῶν
762 529 795 596 ἐν
815 527 951 616 ἐκείνην1
975 527 1111 596 ἕκαστον
1127 528 1230 596 πάλιν
1253 530 1421 611 ὡσαύτως,

295 634 388 723 μέχρι
418 659 480 723 περ
511 637 550 701 ἀν
577 638 616 703 τδ
645 626 715 702 κατ’
741 636 840 722 ἀρχάς
869 632 903 702 ἓν
933 639 978 724 μὴ
1011 637 1062 702 ὅτι
1084 631 1118 702 ἓν
1146 635 1337 702 καὶπολλὰ
1361 635 1421 702 καὶ

296 739 419 830 άπειρά
454 742 524 808 έστι
555 742 652 827 μόνον
680 740 735 831 ’ίδη
764 768 828 824 τις,
868 742 952 808 ἀλλὰ
976 741 1033 808 καὶ
1056 741 1182 808 ὁπόσα·
1220 744 1277 832 τὴν
1300 741 1337 808 δὲ
1359 752 1420 808 τοῦ

295 845 433 936 ἀπείρου
456 845 547 914 ἰδέαν
569 849 654 937 πρὸς
676 851 715 914 τὸ
738 850 871 937 πλῆθος
893 851 939 937 μὴ
962 847 1169 937 προσφέρειν,
1199 848 1280 937 πρὶν
1303 847 1343 914 άν
1365 873 1419 926 τις

293 956 350 1021 τὸν
374 955 518 1042 ἀριθμόν
535 954 634 1021 αὐτοῦ
657 954 769 1020 πάντα
791 952 909 1043 κατίδῃ
932 956 988 1020 τὸν
1001 954 1124 1038 μεταξὺ
1147 966 1205 1020 τοῦ
1219 952 1357 1042 ἀπείρου
1380 979 1427 1032 τεΙ

294 1059 352 1125 καί
375 1072 433 1126 τοῦ
455 1057 539 1139 ἑνός·
573 1061 646 1127 τότε
669 1050 701 1127 δ’
719 1059 779 1150 ἤδη
802 1063 840 1127 τδ
863 1055 897 1126 ἓν
919 1059 1056 1126 ἕκαστον
1070 1074 1135 1126 τῶν
1158 1060 1292 1126 πάντων
1314 1057 1362 1137 είς
1376 1061 1418 1126 τδ

294 1165 429 1254 άπειρυν
450 1166 596 1250 μεθέντα
618 1165 742 1255 χαίρειν
765 1167 830 1233 έάν.
869 1164 902 1233 oi
924 1166 983 1250 μὲν
1006 1163 1060 1232 σόν
1082 1164 1175 1248 θεοί,
1204 1167 1285 1254 ὅπερ
1309 1159 1417 1246 εἶπον,

293 1274 394 1350 οὕτως
417 1275 493 1360 ἡμῖν
516 1272 705 1361 παρέδοσαν
727 1277 865 1340 σκοπεῖν
887 1272 945 1340 καί
967 1273 1147 1357 μανθάνειν
1168 1272 1226 1339 καί
1249 1273 1417 1338 διδάσκειν

293 1377 465 1466 ἀλλήλους·
503 1377 536 1446 οἱ
559 1379 595 1446 δέ
618 1391 671 1446 νῦν
693 1393 758 1445 τῶν
781 1380 968 1466 ἀνθρώπων
990 1379 1089 1469 σοφοί
1112 1376 1146 1446 (έν
1168 1379 1234 1464 μέν,
1259 1379 1351 1456 ὅπως
1375 1379 1417 1442 ἀν

291 1485 428 1566 τόχωσι,
451 1487 519 1550 τά8
543 1487 653 1552 πολλὰ
675 1491 802 1552 θᾶττον
824 1483 881 1551 καί
903 1487 1099 1574 βραδύτερον
1122 1496 1256 1552 ποιοῦσι
1278 1495 1337 1550 τοῦ
1360 1483 1416 1550 δέ·

292 1613 392 1671 οντος,
416 1593 499 1675 μετά
522 1591 558 1658 δὲ
580 1593 618 1658 τὸ
641 1588 675 1658 ἓν
698 1592 821 1680 άπειρα
844 1591 957 1670 εόθός·
986 1594 1027 1657 τά
1051 1591 1087 1658 δὲ
1108 1591 1194 1676 μέσα
1218 1590 1335 1668 αὐτοὺς
1358 1589 1416 1656 έκ-

292 1697 418 1784 φεόγει,
454 1687 503 1776 οἷς
533 1699 784 1785 διακεχώρισται
814 1699 853 1765 τό
875 1723 911 1765 τε
933 1699 1146 1776 διαλεκτικῶς
1169 1698 1271 1766 πάλιν
1292 1696 1352 1763 καί
1375 1699 1416 1764 τὸ

293 1800 463 1889 ἐριστικῶς
486 1806 570 1891 ἡμᾶς
594 1809 770 1871 ποιεῖσθαι
793 1807 877 1893 πρὸς
901 1803 1057 1894 ἀλλήλους
1079 1807 1153 1883 τοὺς
1176 1804 1317 1890 λόγουςθ.

363 1995 392 2036 a.
422 1982 453 2036 In
476 1999 529 2036 una
554 2000 656 2053 qusque
681 2000 768 2036 rerum
786 1983 954 2036 mutabilium
979 1984 1078 2036 multus
1103 1983 1189 2036 inesse
1213 1985 1241 2035 et
1267 1982 1416 2051 qualitates

291 2073 319 2124 et
336 2074 426 2142 partes
445 2073 550 2126 concedi
569 2073 644 2139 solet,
665 2072 710 2125 sed
724 2073 756 2125 de
770 2072 921 2125 notionibus
940 2075 969 2126 et
987 2072 1118 2142 ideisque
1133 2089 1212 2125 sensu
1227 2071 1330 2124 dicetur
1344 2071 1415 2124 illud

291 2159 320 2214 ἓν
337 2165 384 2214 καὶ
403 2165 492 2215 πολλὰ
510 2179 605 2230 magne
623 2164 666 2214 est
684 2161 866 2215 controversia.
905 2161 942 2215 cf.
962 2167 1005 2212 BP
1024 2161 1084 2215 251.

95 2315 158 2382 idaeo
172 2318 263 2361 erebus
362 2303 393 2358 b.
422 2303 535 2373 Eaedem
560 2304 739 2358 dubitationes
763 2307 901 2356 moventur
919 2304 1039 2357 Permen.
1077 2302 1219 2372 130Bsq.‚
1245 2302 1290 2354 ubi
1308 2301 1416 2354 Parme·

116 2371 237 2416 mmm·
292 2389 366 2445 uides
385 2391 487 2445 Socrati
504 2393 577 2446 ideas
596 2393 727 2446 statuenti
745 2393 931 2446 adversaturus
950 2393 1066 2461 quaerit:
1096 2393 1177 2452 αὐτὸς
1201 2393 1236 2444 σὺ
1262 2391 1332 2442 οὕτω
1352 2385 1415 2462 διῄ-

291 2498 371 2552 ρησαι
399 2485 434 2542 ὡς
461 2485 548 2550 λέγεις
572 2485 657 2554 χωρὶς
683 2484 736 2553 μὲν
759 2482 819 2548 εἴδη
846 2483 915 2534 αὐτά
935 2485 1018 2544 ίίττα,
1044 2485 1130 2553 χωρὶς
1148 2481 1180 2532 δὲ
1199 2481 1232 2532 τὰ
1252 2481 1358 2531 τούτων
1377 2476 1415 2530 αὖ

289 2573 458 2643 μετίχσντα,’
476 2574 523 2623 καὶ
542 2576 570 2623 τί
588 2589 633 2624 σοι
651 2571 730 2624 δοκεῖ
746 2571 816 2624 εἶναι
835 2572 903 2636 αάτὴ
922 2571 1052 2642 ὁμοιότης
1069 2569 1138 2638 (ipsu
1155 2583 1202 2638 per
1216 2585 1243 2620 se
1256 2566 1414 2632 similitudo)

286 2663 373 2732 χωρὶς
390 2654 421 2725 ἧς
439 2661 517 2731 ἡμεῖς
536 2661 698 2731 ὁμοιότητος
715 2661 823 2730 ἔχομεν,
843 2663 889 2712 καὶ
908 2658 938 2712 ἓν
956 2659 991 2724 δὴ
1009 2663 1056 2711 καὶ
1075 2659 1165 2710 πολλά
1183 2662 1230 2710 καὶ
1249 2659 1343 2710 πάντα
1358 2657 1415 2710 ὅσοι

290 2758 339 2800 νῦν
358 2748 392 2814 δὴ
412 2749 536 2814 Ζήνωνος
554 2751 659 2813 ἡκουες;
673 2742 796 2817 Ἔιιοιγε,
817 2751 905 2818 φάναι
919 2750 967 2800 τὸν
981 2750 1118 2821 Σωκράτη.
1143 2740 1183 2798 Ἠ
1197 2751 1243 2799 καὶ
1258 2747 1292 2799 τά
1307 2746 1412 2810 τοιάδε,

289 2841 379 2892 εἰπεῖν
398 2839 446 2889 τὸν
465 2837 659 2910 Παρμενίδην,
689 2830 748 2888 οἷον
766 2837 878 2890 δικαίου
896 2857 923 2889 τι
941 2836 1016 2896 εἶδος
1036 2838 1102 2888 αὐτὸ
1121 2831 1188 2888 καθ’
1211 2837 1279 2887 αὐτὸ
1297 2840 1344 2887 καὶ
1362 2855 1413 2887 κα-

290 2926 340 2978 λοῦ
357 2928 403 2978 καὶ
423 2927 534 2995 ἀγαθοῦ
552 2928 665 2978 πάντων
690 2921 725 2976 αὖ
743 2936 797 2977 τῶν
815 2926 964 2989 τσιοότων,·
1006 2929 1075 2988 Ναί,
1105 2927 1199 2994 φάναι.
1241 2929 1276 2976 Τί
1294 2920 1333 2987 δ’,
1364 2925 1413 2975 ἀν-

289 3015 406 3085 θρώπου
434 3013 508 3073 εἶδος
530 3018 616 3086 χωρὶς
633 3015 711 3085 ἡμῶν
728 3018 775 3066 καὶ
794 3025 847 3066 τῶν
866 3008 920 3066 οἶοι
939 3016 1016 3085 ἡμεῖς
1040 3013 1125 3085 ἐσμεν
1144 3015 1268 3075 πάντων,
1298 3013 1367 3064 αὐτό
1386 3031 1413 3064 τι

291 3101 365 3162 εἶδος
383 3101 535 3173 ἀνθρώπου
553 3106 568 3167 ἡ
587 3105 674 3176 πυρὸς
692 3106 708 3168 ἡ
726 3107 772 3155 καὶ
793 3103 910 3168 άδατος,·
940 3099 992 3156 Ἓν
1011 3104 1128 3176 ἀπορίᾳ,
1149 3105 1250 3172 φάναι,
1279 3103 1413 3160 πολλάκις

291 3190 340 3256 δὴ,
369 3189 587 3263 ὦΠαρμενίδη,
617 3195 678 3264 περὶ
702 3193 792 3244 αὐτῶν
810 3196 913 3260 γέγονα
938 3193 1041 3264 πότερα
1055 3191 1110 3264 χρὴ
1129 3193 1217 3260 φάναι
1236 3188 1330 3261 ὥσπερ
1350 3193 1413 3262 περὶ

291 3278 398 3332 ἰκείνων
417 3283 433 3344 ἡ
451 3281 543 3339 άλλως.
577 3273 616 3331 'H
629 3285 677 3332 καὶ
696 3285 759 3354 περὶ
777 3281 871 3344 τῶνδε,
891 3273 912 3348 ᾦ
931 3281 1080 3351 Σώκρατες,
1099 3279 1178 3331 δὲκαὶ
1196 3281 1290 3347 γελοῖα
1306 3278 1413 3337 δόξειεν

291 3370 326 3419 ἀν
344 3367 421 3431 εἶναι,
441 3361 499 3420 οἷον
512 3371 577 3440 θρὶξ
594 3373 640 3422 καὶ
659 3371 743 3434 πηλὸς
760 3373 806 3421 καὶ
825 3370 912 3441 ῥύπος
931 3371 947 3433 ἡ
966 3371 1031 3420 ἀλλο
1050 3368 1066 3420 δ
1084 3388 1110 3420 τι
1130 3367 1299 3435 ἀτιμότατόν
1318 3384 1346 3418 τε
1365 3370 1413 3418 καὶ

291 3459 478 3526 φαυλότατον,
508 3457 621 3530 ἀπορεῖς
648 3462 701 3510 εἴτε
725 3458 780 3530 χρὴ
808 3459 895 3526 φάναι
922 3459 969 3509 καὶ
988 3457 1092 3508 τούτων
1110 3457 1229 3509 ἑκάστου
1247 3455 1321 3514 εἶδος
1340 3455 1412 3508 εἶναι

285 3551 380 3617 χωρίς,
400 3548 432 3597 ὂν
451 3547 516 3597 ἀλλο
537 3547 626 3597 αὐτῶν
640 3539 677 3596 ὧν
691 3547 768 3617 ἡμεῖς
780 3546 1037 3618 μεταχειριζόμεθα,
1057 3550 1110 3598 εἴτε
1124 3549 1171 3598 καὶ
1184 3545 1240 3615 μή,·
1263 3543 1322 3597 Οὐδ
1325 3555 1410 3615 αμῶς,

289 3635 379 3703 φάναι
398 3635 446 3685 τὸν
464 3636 603 3707 Σωκράτη,
624 3635 692 3686 ἀλλά
711 3644 798 3687 ταῦτα
811 3638 864 3706 μέν
882 3652 921 3702 γε,
942 3635 1012 3705 άπερ
1032 3636 1145 3706 ὁρῶμεν,
1165 3643 1252 3684 ταῦτα
1270 3636 1318 3684 καὶ
1331 3633 1412 3698 εἶναι,

291 3721 365 3782 εἶδος
392 3721 427 3774 δέ
443 3741 469 3773 τι
492 3723 582 3774 αὐτων
601 3726 729 3788 οἰηθῆναι
748 3722 818 3776 εἶναι
835 3724 875 3794 μὴ
893 3726 956 3775 λίαν
975 3715 990 3795 ᾖ
1010 3726 1122 3775 ίίτοττον.
1157 3721 1209 3787 ἡδη
1226 3725 1324 3793 μέντοι
1343 3725 1415 3776 ποτέ

288 3829 326 3882 με
350 3813 397 3862 καὶ
422 3811 520 3884 ἔθραξε
543 3813 583 3882 μή
602 3831 628 3863 τι
647 3805 663 3882 ἡ
683 3815 745 3884 περὶ
764 3813 876 3864 πάντων
899 3813 1012 3866 ταύτόν·
1042 3813 1136 3864 ἔπειτα
1156 3803 1223 3863 ὅταν
1241 3812 1327 3881 ταύτῃ
1347 3821 1411 3874 στῶ,

291 3900 402 3970 φεύγων
430 3903 559 3970 οἴχομαι,
589 3900 684 3960 δείσας
711 3901 751 3970 μή
779 3895 846 3953 πὀτε
864 3905 903 3960 εἴς
927 3895 975 3952 τιν’
999 3902 1105 3967 ίίβυθον
1124 3902 1263 3970 φλυαρίαν
1280 3899 1412 3970 ἐμπεσὼν

292 3989 449 4061 διαφθαρῶ.
488 3987 526 4042 cf.
545 3986 700 4053 Stallbaum,
719 3987 821 4054 Preleg.
840 3987 934 4054 Peru„
953 3987 1024 4056 Lips.
1045 3988 1121 4054 1839,
1141 4005 1167 4056 p.
1186 3985 1220 4040 43
1231 4003 1271 4056 sq.

362 4143 388 4184 ο.
417 4129 511 4183 Verbis
536 4129 565 4183 ἓν
587 4131 635 4182 καὶ
660 4131 749 4181 πολλὰ
775 4130 828 4182 ὑπὸ
851 4131 940 4198 λόγων
958 4133 1058 4184 ταύτὸν
1076 4131 1228 4201 γιγνόμενα
1246 4127 1413 4196 significatur

364 4395 392 4458 1)
411 4407 464 4448 τῶν
478 4397 507 4449 ἒν
525 4397 616 4464 ἐκείνῳ
630 4393 682 4449 Ast
695 4395 893 4449 etsuallbaum:
913 4407 966 4449 τῶν
984 4396 1013 4450 ἓν
1032 4399 1140 4452 ἐκείνων
1159 4396 1234 4450 libri:
1254 4397 1283 4450 ἓν
1301 4400 1413 4451 ἐκείνων

291 4481 382 4535 Zeller.
402 4511 436 4521 -
455 4483 483 4548 2)
502 4486 536 4536 τά
555 4483 674 4566 Dindoff,
692 4483 797 4537 Herm:
816 4487 862 4536 καὶ
881 4483 948 4538 iibri.
