<?xml version="1.0" encoding="UTF-8"?>
<!DOCTYPE html PUBLIC "-//W3C//DTD XHTML 1.0 Transitional//EN"
    "http://www.w3.org/TR/xhtml1/DTD/xhtml1-transitional.dtd">
<html xmlns="http://www.w3.org/1999/xhtml" xml:lang="en" lang="en">
 <head>
  <title>
</title>
<meta http-equiv="Content-Type" content="text/html;charset=utf-8" />
  <meta name='ocr-system' content='tesseract 3.04.00' />
  <meta name='ocr-capabilities' content='ocr_page ocr_carea ocr_par ocr_line ocrx_word'/>
</head>
<body>
  <div class='ocr_page' id='page_1' title='image "./historiaphiloso00rittgoog_0060.png"; bbox 0 0 3150 4996; ppageno 0'>
   <div class='ocr_carea' id='block_1_1' title="bbox 270 285 945 360">
    <p class='ocr_par' dir='ltr' id='par_1_1' title="bbox 270 285 945 360">
     <span class='ocr_line' id='line_1_1' title="bbox 270 285 945 360; baseline -0.007 -12"><span class='ocrx_word' id='word_1_1' title='bbox 270 285 308 348; x_wconf 79' lang='grc'><em>50</em></span> <span class='ocrx_word' id='word_1_2' title='bbox 776 289 945 360; x_wconf 78' lang='lat' dir='ltr'><strong>Pythagorei.</strong></span> 
     </span>
    </p>
   </div>
   <div class='ocr_carea' id='block_1_2' title="bbox 270 445 1399 648">
    <p class='ocr_par' dir='ltr' id='par_1_2' title="bbox 270 445 1399 648">
     <span class='ocr_line' id='line_1_2' title="bbox 271 445 1399 538; baseline 0.004 -22"><span class='ocrx_word' id='word_1_3' title='bbox 271 453 460 536; x_wconf 73' lang='grc' dir='ltr'><strong><em>περαίνοντα,</em></strong></span> <span class='ocrx_word' id='word_1_4' title='bbox 486 445 525 517; x_wconf 84' lang='grc' dir='ltr'><em>τότ</em></span> <span class='ocrx_word' id='word_1_5' title='bbox 550 445 583 514; x_wconf 74' lang='grc' dir='ltr'><em>δ’</em></span> <span class='ocrx_word' id='word_1_6' title='bbox 609 453 640 516; x_wconf 81' lang='grc' dir='ltr'><em>ίκ</em></span> <span class='ocrx_word' id='word_1_7' title='bbox 662 446 865 533; x_wconf 76' lang='grc' dir='ltr'><em>περαινόντων</em></span> <span class='ocrx_word' id='word_1_8' title='bbox 888 458 989 517; x_wconf 80' lang='grc' dir='ltr'><em>τεκαὶ</em></span> <span class='ocrx_word' id='word_1_9' title='bbox 1014 449 1144 534; x_wconf 78' lang='grc' dir='ltr'><em>ιλπείρων</em></span> <span class='ocrx_word' id='word_1_10' title='bbox 1160 453 1341 538; x_wconf 85' lang='grc' dir='ltr'><em>πιραίνοντιλ</em></span> <span class='ocrx_word' id='word_1_11' title='bbox 1363 482 1399 522; x_wconf 85' lang='grc' dir='ltr'><em>τε</em></span> 
     </span>
     <span class='ocr_line' id='line_1_3' title="bbox 270 551 1230 648; baseline 0.001 -25"><span class='ocrx_word' id='word_1_12' title='bbox 270 564 319 624; x_wconf 76' lang='grc' dir='ltr'><em>καὶ</em></span> <span class='ocrx_word' id='word_1_13' title='bbox 342 553 378 623; x_wconf 76' lang='grc' dir='ltr'><em>οὗ</em></span> <span class='ocrx_word' id='word_1_14' title='bbox 403 561 595 640; x_wconf 82' lang='grc' dir='ltr'><em>περαίνοντα,</em></span> <span class='ocrx_word' id='word_1_15' title='bbox 620 552 660 623; x_wconf 79' lang='grc' dir='ltr'><em>τὰ</em></span> <span class='ocrx_word' id='word_1_16' title='bbox 684 553 719 622; x_wconf 68' lang='grc' dir='ltr'><em>δ’</em></span> <span class='ocrx_word' id='word_1_17' title='bbox 745 563 777 634; x_wconf 73' lang='grc' dir='ltr'><em>ἕξ</em></span> <span class='ocrx_word' id='word_1_18' title='bbox 800 554 932 642; x_wconf 75' lang='grc' dir='ltr'><em>ἀπείρων</em></span> <span class='ocrx_word' id='word_1_19' title='bbox 956 551 1060 642; x_wconf 75' lang='grc' dir='ltr'><em>ι’ίπειρα</em></span> <span class='ocrx_word' id='word_1_20' title='bbox 1084 564 1230 648; x_wconf 73' lang='grc' dir='ltr'><em>φαίνεται.</em></span> 
     </span>
    </p>
   </div>
   <div class='ocr_carea' id='block_1_3' title="bbox 267 695 1398 1211">
    <p class='ocr_par' dir='ltr' id='par_1_3' title="bbox 267 695 1398 1211">
     <span class='ocr_line' id='line_1_4' title="bbox 342 695 1395 768; baseline 0.003 -15"><span class='ocrx_word' id='word_1_21' title='bbox 342 712 370 754; x_wconf 80' lang='lat' dir='ltr'><em>a.</em></span> <span class='ocrx_word' id='word_1_22' title='bbox 399 701 567 766; x_wconf 84' lang='grc' dir='ltr'><em>Περαίνοντα</em></span> <span class='ocrx_word' id='word_1_23' title='bbox 586 701 649 752; x_wconf 84' lang='lat' dir='ltr'><strong>sunt</strong></span> <span class='ocrx_word' id='word_1_24' title='bbox 667 698 763 768; x_wconf 86' lang='lat' dir='ltr'><strong>quibus</strong></span> <span class='ocrx_word' id='word_1_25' title='bbox 783 699 912 753; x_wconf 90' lang='lat' dir='ltr'><strong>finiuntur</strong></span> <span class='ocrx_word' id='word_1_26' title='bbox 930 697 963 750; x_wconf 80' lang='lat' dir='ltr'><strong>ui</strong></span> <span class='ocrx_word' id='word_1_27' title='bbox 981 695 1087 768; x_wconf 74' lang='grc' dir='ltr'><em>ἄπειρα,</em></span> <span class='ocrx_word' id='word_1_28' title='bbox 1107 699 1182 754; x_wconf 85' lang='lat' dir='ltr'><strong>velut</strong></span> <span class='ocrx_word' id='word_1_29' title='bbox 1200 700 1270 755; x_wconf 87' lang='lat' dir='ltr'><strong>Plat.</strong></span> <span class='ocrx_word' id='word_1_30' title='bbox 1291 701 1395 756; x_wconf 85' lang='lat' dir='ltr'><strong>Phileb.</strong></span> 
     </span>
     <span class='ocr_line' id='line_1_5' title="bbox 270 783 1398 858; baseline 0 -16"><span class='ocrx_word' id='word_1_31' title='bbox 270 788 304 844; x_wconf 89' lang='lat'><em>16</em></span> <span class='ocrx_word' id='word_1_32' title='bbox 314 787 344 842; x_wconf 78' lang='grc' dir='ltr'><em>Ο.</em></span> <span class='ocrx_word' id='word_1_33' title='bbox 364 789 390 838; x_wconf 79' lang='lat' dir='ltr'><strong>ui</strong></span> <span class='ocrx_word' id='word_1_34' title='bbox 407 786 461 856; x_wconf 80' lang='grc' dir='ltr'><em>μὲν</em></span> <span class='ocrx_word' id='word_1_35' title='bbox 479 786 602 849; x_wconf 88' lang='grc' dir='ltr'><em>παλαιοί,</em></span> <span class='ocrx_word' id='word_1_36' title='bbox 630 793 779 854; x_wconf 75' lang='grc' dir='ltr'><em>κρείττονες</em></span> <span class='ocrx_word' id='word_1_37' title='bbox 799 783 876 856; x_wconf 74' lang='grc' dir='ltr'><em>ἡμῶν</em></span> <span class='ocrx_word' id='word_1_38' title='bbox 904 789 949 838; x_wconf 79' lang='grc' dir='ltr'><em>καὶ</em></span> <span class='ocrx_word' id='word_1_39' title='bbox 976 786 1116 856; x_wconf 79' lang='grc' dir='ltr'><em>ἐγγυτέρω</em></span> <span class='ocrx_word' id='word_1_40' title='bbox 1144 791 1222 840; x_wconf 81' lang='grc' dir='ltr'><em>δειιῑν</em></span> <span class='ocrx_word' id='word_1_41' title='bbox 1250 791 1398 858; x_wconf 71' lang='grc' dir='ltr'><em>οἰκοῦντες,</em></span> 
     </span>
     <span class='ocr_line' id='line_1_6' title="bbox 268 871 1396 946; baseline 0.001 -16"><span class='ocrx_word' id='word_1_42' title='bbox 268 871 369 940; x_wconf 73' lang='grc' dir='ltr'><em>ταύτην</em></span> <span class='ocrx_word' id='word_1_43' title='bbox 394 873 492 946; x_wconf 74' lang='grc' dir='ltr'><em>φήμην</em></span> <span class='ocrx_word' id='word_1_44' title='bbox 516 874 687 942; x_wconf 75' lang='grc' dir='ltr'><em>παρέδοσαν,</em></span> <span class='ocrx_word' id='word_1_45' title='bbox 712 875 749 934; x_wconf 68' lang='lat' dir='ltr'><strong>uic</strong></span> <span class='ocrx_word' id='word_1_46' title='bbox 772 873 801 936; x_wconf 82' lang='grc' dir='ltr'><em>ἐξ</em></span> <span class='ocrx_word' id='word_1_47' title='bbox 826 872 886 935; x_wconf 84' lang='grc' dir='ltr'><em>ἑνός</em></span> <span class='ocrx_word' id='word_1_48' title='bbox 912 876 965 946; x_wconf 76' lang='grc' dir='ltr'><em>μὲν</em></span> <span class='ocrx_word' id='word_1_49' title='bbox 989 878 1033 928; x_wconf 71' lang='lat' dir='ltr'><em>nai</em></span> <span class='ocrx_word' id='word_1_50' title='bbox 1053 873 1084 927; x_wconf 87' lang='grc' dir='ltr'><em>έιι</em></span> <span class='ocrx_word' id='word_1_51' title='bbox 1101 876 1212 928; x_wconf 80' lang='grc' dir='ltr'><em>πολλῶν</em></span> <span class='ocrx_word' id='word_1_52' title='bbox 1231 875 1319 932; x_wconf 85' lang='grc' dir='ltr'><em>όντων</em></span> <span class='ocrx_word' id='word_1_53' title='bbox 1337 883 1396 932; x_wconf 81' lang='grc' dir='ltr'><em>τῶν</em></span> 
     </span>
     <span class='ocr_line' id='line_1_7' title="bbox 268 950 1395 1036; baseline 0 -17"><span class='ocrx_word' id='word_1_54' title='bbox 268 963 312 1019; x_wconf 83' lang='grc' dir='ltr'><em>αἐί</em></span> <span class='ocrx_word' id='word_1_55' title='bbox 330 965 490 1036; x_wconf 85' lang='grc' dir='ltr'><em>λεγομένων</em></span> <span class='ocrx_word' id='word_1_56' title='bbox 509 950 595 1030; x_wconf 82' lang='grc' dir='ltr'><em>εἶναι,</em></span> <span class='ocrx_word' id='word_1_57' title='bbox 613 964 699 1031; x_wconf 80' lang='grc' dir='ltr'><em>πέρας</em></span> <span class='ocrx_word' id='word_1_58' title='bbox 718 963 751 1017; x_wconf 74' lang='grc' dir='ltr'><em>δὲ</em></span> <span class='ocrx_word' id='word_1_59' title='bbox 769 969 815 1016; x_wconf 85' lang='grc' dir='ltr'><em>καί</em></span> <span class='ocrx_word' id='word_1_60' title='bbox 833 960 960 1032; x_wconf 84' lang='grc' dir='ltr'><em>ιῖπειρίαν</em></span> <span class='ocrx_word' id='word_1_61' title='bbox 980 967 1010 1017; x_wconf 79' lang='grc' dir='ltr'><em>ἐν</em></span> <span class='ocrx_word' id='word_1_62' title='bbox 1028 964 1132 1024; x_wconf 75' lang='grc' dir='ltr'><em>ἑαυτοῖς</em></span> <span class='ocrx_word' id='word_1_63' title='bbox 1152 965 1294 1036; x_wconf 83' lang='grc' dir='ltr'><em>ξόμφυτου</em></span> <span class='ocrx_word' id='word_1_64' title='bbox 1313 965 1395 1035; x_wconf 84' lang='grc' dir='ltr'><em>ἐχόν·</em></span> 
     </span>
     <span class='ocr_line' id='line_1_8' title="bbox 267 1049 1398 1123; baseline 0.002 -13"><span class='ocrx_word' id='word_1_65' title='bbox 267 1075 331 1110; x_wconf 89' lang='grc' dir='ltr'><em>των.</em></span> <span class='ocrx_word' id='word_1_66' title='bbox 368 1055 478 1110; x_wconf 74' lang='lat' dir='ltr'><strong>(iureis</strong></span> <span class='ocrx_word' id='word_1_67' title='bbox 497 1051 531 1104; x_wconf 79' lang='lat' dir='ltr'><strong>ui</strong></span> <span class='ocrx_word' id='word_1_68' title='bbox 550 1049 631 1120; x_wconf 76' lang='grc' dir='ltr'><em>ἄρτια</em></span> <span class='ocrx_word' id='word_1_69' title='bbox 653 1050 762 1120; x_wconf 76' lang='grc' dir='ltr'><em>ἄπειρα,</em></span> <span class='ocrx_word' id='word_1_70' title='bbox 781 1050 813 1103; x_wconf 75' lang='grc' dir='ltr'><em>ια’</em></span> <span class='ocrx_word' id='word_1_71' title='bbox 832 1052 945 1122; x_wconf 75' lang='grc' dir='ltr'><em>περιττοὶ</em></span> <span class='ocrx_word' id='word_1_72' title='bbox 963 1059 1129 1123; x_wconf 84' lang='grc' dir='ltr'><em>περαίνοντα</em></span> <span class='ocrx_word' id='word_1_73' title='bbox 1147 1057 1205 1109; x_wconf 83' lang='lat' dir='ltr'><strong>visa</strong></span> <span class='ocrx_word' id='word_1_74' title='bbox 1224 1057 1286 1118; x_wconf 77' lang='lat' dir='ltr'><strong>sini,</strong></span> <span class='ocrx_word' id='word_1_75' title='bbox 1307 1073 1329 1110; x_wconf 86' lang='lat' dir='ltr'><em>v.</em></span> <span class='ocrx_word' id='word_1_76' title='bbox 1349 1064 1398 1112; x_wconf 74' lang='lat' dir='ltr'><em>BP</em></span> 
     </span>
     <span class='ocr_line' id='line_1_9' title="bbox 267 1141 553 1211; baseline -0.017 -11"><span class='ocrx_word' id='word_1_77' title='bbox 267 1145 302 1200; x_wconf 83' lang='lat'><em>55</em></span> <span class='ocrx_word' id='word_1_78' title='bbox 322 1161 345 1208; x_wconf 90' lang='lat' dir='ltr'><em>a,</em></span> <span class='ocrx_word' id='word_1_79' title='bbox 365 1143 414 1198; x_wconf 85' lang='lat' dir='ltr'>loe.</span> <span class='ocrx_word' id='word_1_80' title='bbox 435 1141 553 1211; x_wconf 86' lang='lat' dir='ltr'><strong>Simplie.</strong></span> 
     </span>
    </p>
   </div>
   <div class='ocr_carea' id='block_1_4' title="bbox 209 1245 1396 2016">
    <p class='ocr_par' dir='ltr' id='par_1_4' title="bbox 258 1245 1396 1588">
     <span class='ocr_line' id='line_1_10' title="bbox 338 1245 1396 1320; baseline 0 -17"><span class='ocrx_word' id='word_1_81' title='bbox 338 1249 368 1306; x_wconf 81' lang='lat' dir='ltr'><em>b.</em></span> <span class='ocrx_word' id='word_1_82' title='bbox 397 1249 475 1318; x_wconf 83' lang='lat' dir='ltr'><strong>Diog.</strong></span> <span class='ocrx_word' id='word_1_83' title='bbox 497 1247 563 1301; x_wconf 89' lang='lat' dir='ltr'>VIII</span> <span class='ocrx_word' id='word_1_84' title='bbox 582 1247 625 1304; x_wconf 80' lang='lat'><em>85.</em></span> <span class='ocrx_word' id='word_1_85' title='bbox 666 1245 770 1300; x_wconf 80' lang='grc' dir='ltr'><em>Τοῦτόν</em></span> <span class='ocrx_word' id='word_1_86' title='bbox 789 1265 856 1314; x_wconf 83' lang='grc' dir='ltr'><em>φησι</em></span> <span class='ocrx_word' id='word_1_87' title='bbox 876 1247 1026 1318; x_wconf 76' lang='grc' dir='ltr'><em>Δημήτριος</em></span> <span class='ocrx_word' id='word_1_88' title='bbox 1051 1245 1081 1301; x_wconf 82' lang='grc' dir='ltr'><em>ἐν</em></span> <span class='ocrx_word' id='word_1_89' title='bbox 1106 1249 1264 1320; x_wconf 78' lang='grc' dir='ltr'><em>ὁμωνύμως</em></span> <span class='ocrx_word' id='word_1_90' title='bbox 1282 1255 1396 1319; x_wconf 79' lang='grc' dir='ltr'><em>πρῶτον</em></span> 
     </span>
     <span class='ocr_line' id='line_1_11' title="bbox 267 1323 1396 1406; baseline 0.001 -16"><span class='ocrx_word' id='word_1_91' title='bbox 267 1337 398 1390; x_wconf 76' lang='grc' dir='ltr'><em>ἐκδοῦναι</em></span> <span class='ocrx_word' id='word_1_92' title='bbox 417 1341 473 1389; x_wconf 86' lang='grc' dir='ltr'><em>τῶν</em></span> <span class='ocrx_word' id='word_1_93' title='bbox 492 1340 691 1405; x_wconf 75' lang='grc' dir='ltr'><em>Πυθαγορικῶν</em></span> <span class='ocrx_word' id='word_1_94' title='bbox 710 1338 774 1404; x_wconf 79' lang='grc' dir='ltr'><em>περὶ</em></span> <span class='ocrx_word' id='word_1_95' title='bbox 793 1337 917 1406; x_wconf 80' lang='grc' dir='ltr'><em>φύσεως,</em></span> <span class='ocrx_word' id='word_1_96' title='bbox 936 1323 976 1390; x_wconf 75' lang='grc' dir='ltr'><em>τόν</em></span> <span class='ocrx_word' id='word_1_97' title='bbox 995 1338 1010 1402; x_wconf 80' lang='grc' dir='ltr'><em>ἡ</em></span> <span class='ocrx_word' id='word_1_98' title='bbox 1029 1337 1099 1406; x_wconf 78' lang='grc' dir='ltr'><em>α’ρχή</em></span> <span class='ocrx_word' id='word_1_99' title='bbox 1117 1337 1185 1402; x_wconf 78' lang='grc' dir='ltr'><em>ἥδε·</em></span> <span class='ocrx_word' id='word_1_100' title='bbox 1206 1337 1291 1399; x_wconf 79' lang='grc' dir='ltr'><em>Φόσις</em></span> <span class='ocrx_word' id='word_1_101' title='bbox 1310 1336 1343 1391; x_wconf 87' lang='grc' dir='ltr'><em>δ’</em></span> <span class='ocrx_word' id='word_1_102' title='bbox 1361 1339 1396 1392; x_wconf 83' lang='grc' dir='ltr'><em>έν</em></span> 
     </span>
     <span class='ocr_line' id='line_1_12' title="bbox 258 1423 1395 1500; baseline 0.001 -20"><span class='ocrx_word' id='word_1_103' title='bbox 258 1431 305 1500; x_wconf 69' lang='grc' dir='ltr'><em>’τῷ</em></span> <span class='ocrx_word' id='word_1_104' title='bbox 323 1426 419 1498; x_wconf 79' lang='grc' dir='ltr'><em>κόσμῳ</em></span> <span class='ocrx_word' id='word_1_105' title='bbox 436 1423 570 1496; x_wconf 73' lang='grc' dir='ltr'><em>ἁρμόχθη</em></span> <span class='ocrx_word' id='word_1_106' title='bbox 589 1425 619 1486; x_wconf 84' lang='grc' dir='ltr'><em>ἐξ</em></span> <span class='ocrx_word' id='word_1_107' title='bbox 636 1424 759 1493; x_wconf 84' lang='grc' dir='ltr'><em>α’πείρων</em></span> <span class='ocrx_word' id='word_1_108' title='bbox 778 1441 807 1477; x_wconf 90' lang='grc' dir='ltr'><em>τε</em></span> <span class='ocrx_word' id='word_1_109' title='bbox 825 1430 871 1478; x_wconf 80' lang='grc' dir='ltr'><em>καὶ</em></span> <span class='ocrx_word' id='word_1_110' title='bbox 889 1425 1077 1496; x_wconf 85' lang='grc' dir='ltr'><em>περαινόντων</em></span> <span class='ocrx_word' id='word_1_111' title='bbox 1104 1429 1149 1479; x_wconf 82' lang='grc' dir='ltr'><em>καλ</em></span> <span class='ocrx_word' id='word_1_112' title='bbox 1168 1424 1229 1486; x_wconf 85' lang='grc' dir='ltr'><em>ὅλος</em></span> <span class='ocrx_word' id='word_1_113' title='bbox 1253 1430 1269 1480; x_wconf 85' lang='grc' dir='ltr'>ὁ</span> <span class='ocrx_word' id='word_1_114' title='bbox 1287 1427 1395 1500; x_wconf 83' lang='grc' dir='ltr'><em>κόσμος</em></span> 
     </span>
     <span class='ocr_line' id='line_1_13' title="bbox 266 1511 1396 1588; baseline 0.004 -18"><span class='ocrx_word' id='word_1_115' title='bbox 266 1521 312 1570; x_wconf 85' lang='grc' dir='ltr'><em>καί</em></span> <span class='ocrx_word' id='word_1_116' title='bbox 332 1515 364 1568; x_wconf 77' lang='lat' dir='ltr'><strong>ui</strong></span> <span class='ocrx_word' id='word_1_117' title='bbox 384 1513 414 1568; x_wconf 81' lang='grc' dir='ltr'><em>ἐν</em></span> <span class='ocrx_word' id='word_1_118' title='bbox 434 1514 510 1586; x_wconf 62' lang='lat' dir='ltr'><strong>unirer*</strong></span> <span class='ocrx_word' id='word_1_119' title='bbox 528 1511 628 1569; x_wconf 78' lang='grc' dir='ltr'><em>πάντα.</em></span> <span class='ocrx_word' id='word_1_120' title='bbox 667 1515 740 1570; x_wconf 85' lang='lat' dir='ltr'>Unde</span> <span class='ocrx_word' id='word_1_121' title='bbox 764 1515 880 1584; x_wconf 86' lang='lat' dir='ltr'>plerique</span> <span class='ocrx_word' id='word_1_122' title='bbox 905 1517 972 1572; x_wconf 86' lang='lat' dir='ltr'><strong>iilud</strong></span> <span class='ocrx_word' id='word_1_123' title='bbox 998 1533 1052 1571; x_wconf 85' lang='lat' dir='ltr'>esse</span> <span class='ocrx_word' id='word_1_124' title='bbox 1078 1517 1210 1572; x_wconf 84' lang='lat' dir='ltr'>exordium</span> <span class='ocrx_word' id='word_1_125' title='bbox 1234 1517 1295 1572; x_wconf 85' lang='lat' dir='ltr'><strong>libri</strong></span> <span class='ocrx_word' id='word_1_126' title='bbox 1314 1522 1396 1588; x_wconf 87' lang='lat' dir='ltr'><strong>puta·</strong></span> 
     </span>
    </p>

    <p class='ocr_par' dir='ltr' id='par_1_5' title="bbox 209 1603 1392 2016">
     <span class='ocr_line' id='line_1_14' title="bbox 209 1603 1392 1673; baseline 0.002 -13"><span class='ocrx_word' id='word_1_127' title='bbox 209 1647 211 1654; x_wconf 83' lang='lat'>.</span> <span class='ocrx_word' id='word_1_128' title='bbox 266 1607 368 1670; x_wconf 83' lang='lat' dir='ltr'><strong>rerunt,</strong></span> <span class='ocrx_word' id='word_1_129' title='bbox 387 1622 412 1659; x_wconf 88' lang='lat' dir='ltr'><em>v.</em></span> <span class='ocrx_word' id='word_1_130' title='bbox 426 1605 537 1668; x_wconf 85' lang='lat' dir='ltr'><strong>Boeekh‚</strong></span> <span class='ocrx_word' id='word_1_131' title='bbox 556 1605 696 1660; x_wconf 78' lang='lat' dir='ltr'><strong>Philolaus</strong></span> <span class='ocrx_word' id='word_1_132' title='bbox 706 1605 753 1673; x_wconf 76' lang='lat'><em>47;</em></span> <span class='ocrx_word' id='word_1_133' title='bbox 773 1603 983 1670; x_wconf 86' lang='lat' dir='ltr'><strong>Wachsmuthio,</strong></span> <span class='ocrx_word' id='word_1_134' title='bbox 1004 1605 1037 1661; x_wconf 87' lang='lat' dir='ltr'><em>ad</em></span> <span class='ocrx_word' id='word_1_135' title='bbox 1053 1605 1193 1660; x_wconf 77' lang='lat' dir='ltr'>stobaeum</span> <span class='ocrx_word' id='word_1_136' title='bbox 1208 1607 1222 1660; x_wconf 96' lang='lat' dir='ltr'>I</span> <span class='ocrx_word' id='word_1_137' title='bbox 1237 1608 1297 1672; x_wconf 82' lang='lat'>187,</span> <span class='ocrx_word' id='word_1_138' title='bbox 1316 1625 1392 1662; x_wconf 81' lang='lat' dir='ltr'><strong>aecus</strong></span> 
     </span>
     <span class='ocr_line' id='line_1_15' title="bbox 265 1692 1392 1764; baseline -0.003 -15"><span class='ocrx_word' id='word_1_139' title='bbox 265 1695 378 1750; x_wconf 86' lang='lat' dir='ltr'><strong>videtur.</strong></span> <span class='ocrx_word' id='word_1_140' title='bbox 415 1696 496 1749; x_wconf 82' lang='lat' dir='ltr'><strong>Deest</strong></span> <span class='ocrx_word' id='word_1_141' title='bbox 515 1694 720 1762; x_wconf 77' lang='lat' dir='ltr'><strong>argumentatio.</strong></span> <span class='ocrx_word' id='word_1_142' title='bbox 758 1693 825 1747; x_wconf 86' lang='lat' dir='ltr'><strong>Para</strong></span> <span class='ocrx_word' id='word_1_143' title='bbox 849 1695 905 1748; x_wconf 85' lang='lat' dir='ltr'><strong>eius</strong></span> <span class='ocrx_word' id='word_1_144' title='bbox 924 1698 1011 1748; x_wconf 83' lang='lat' dir='ltr'><strong>exstat</strong></span> <span class='ocrx_word' id='word_1_145' title='bbox 1030 1692 1127 1758; x_wconf 81' lang='grc' dir='ltr'><em>ι’ίσιειρα</em></span> <span class='ocrx_word' id='word_1_146' title='bbox 1146 1694 1179 1747; x_wconf 78' lang='grc' dir='ltr'><em>δὲ</em></span> <span class='ocrx_word' id='word_1_147' title='bbox 1197 1692 1287 1764; x_wconf 84' lang='grc' dir='ltr'><em>μόνον</em></span> <span class='ocrx_word' id='word_1_148' title='bbox 1307 1694 1339 1748; x_wconf 77' lang='grc' dir='ltr'><em>οὔ</em></span> <span class='ocrx_word' id='word_1_149' title='bbox 1357 1715 1392 1748; x_wconf 83' lang='grc' dir='ltr'><em>κα</em></span> 
     </span>
     <span class='ocr_line' id='line_1_16' title="bbox 266 1781 1390 1855; baseline 0.002 -17"><span class='ocrx_word' id='word_1_150' title='bbox 266 1786 320 1848; x_wconf 74' lang='grc' dir='ltr'><em>εἴη,</em></span> <span class='ocrx_word' id='word_1_151' title='bbox 344 1786 448 1855; x_wconf 85' lang='lat' dir='ltr'><strong>partem</strong></span> <span class='ocrx_word' id='word_1_152' title='bbox 474 1785 589 1838; x_wconf 86' lang='lat' dir='ltr'><strong>servavit</strong></span> <span class='ocrx_word' id='word_1_153' title='bbox 608 1781 747 1838; x_wconf 87' lang='lat' dir='ltr'><strong>Iamblieh.</strong></span> <span class='ocrx_word' id='word_1_154' title='bbox 773 1783 808 1836; x_wconf 88' lang='lat' dir='ltr'><em>ad</em></span> <span class='ocrx_word' id='word_1_155' title='bbox 828 1783 930 1838; x_wconf 87' lang='lat' dir='ltr'><strong>Nicom.</strong></span> <span class='ocrx_word' id='word_1_156' title='bbox 952 1785 967 1837; x_wconf 77' lang='lat'>7</span> <span class='ocrx_word' id='word_1_157' title='bbox 987 1783 1128 1850; x_wconf 87' lang='lat' dir='ltr'><strong>(Villoison</strong></span> <span class='ocrx_word' id='word_1_158' title='bbox 1148 1783 1243 1838; x_wconf 84' lang='lat' dir='ltr'><strong>Aneed.</strong></span> <span class='ocrx_word' id='word_1_159' title='bbox 1262 1784 1291 1838; x_wconf 88' lang='lat' dir='ltr'><em>II</em></span> <span class='ocrx_word' id='word_1_160' title='bbox 1311 1787 1390 1854; x_wconf 77' lang='lat'>196):</span> 
     </span>
     <span class='ocr_line' id='line_1_17' title="bbox 264 1859 1391 1942; baseline -0.001 -16"><span class='ocrx_word' id='word_1_161' title='bbox 264 1869 351 1942; x_wconf 75' lang='grc' dir='ltr'><em>ιῖρχιίν</em></span> <span class='ocrx_word' id='word_1_162' title='bbox 369 1872 423 1940; x_wconf 74' lang='grc' dir='ltr'><em>γαρ</em></span> <span class='ocrx_word' id='word_1_163' title='bbox 442 1869 508 1925; x_wconf 69' lang='lat' dir='ltr'><strong>orii</strong></span> <span class='ocrx_word' id='word_1_164' title='bbox 526 1871 557 1924; x_wconf 89' lang='grc' dir='ltr'>τὸ</span> <span class='ocrx_word' id='word_1_165' title='bbox 575 1869 774 1942; x_wconf 82' lang='grc' dir='ltr'><em>γνωσοόμενον</em></span> <span class='ocrx_word' id='word_1_166' title='bbox 794 1869 913 1924; x_wconf 81' lang='grc' dir='ltr'><em>ἐσσεῖται</em></span> <span class='ocrx_word' id='word_1_167' title='bbox 931 1869 1044 1924; x_wconf 85' lang='grc' dir='ltr'><em>πόντων</em></span> <span class='ocrx_word' id='word_1_168' title='bbox 1063 1870 1184 1939; x_wconf 81' lang='grc' dir='ltr'><em>α’πείρων</em></span> <span class='ocrx_word' id='word_1_169' title='bbox 1198 1871 1303 1925; x_wconf 79' lang='grc' dir='ltr'><em>ἐόντων</em></span> <span class='ocrx_word' id='word_1_170' title='bbox 1321 1859 1391 1926; x_wconf 73' lang='grc' dir='ltr'><em>κατα</em></span> 
     </span>
     <span class='ocr_line' id='line_1_18' title="bbox 264 1958 472 2016; baseline 0 -1"><span class='ocrx_word' id='word_1_171' title='bbox 264 1958 313 2016; x_wconf 86' lang='grc' dir='ltr'><em>τόν</em></span> <span class='ocrx_word' id='word_1_172' title='bbox 332 1959 472 2015; x_wconf 79' lang='grc' dir='ltr'><em>Φιλόλαον.</em></span> 
     </span>
    </p>
   </div>
   <div class='ocr_carea' id='block_1_5' title="bbox 134 2155 1437 2243">
    <p class='ocr_par' dir='ltr' id='par_1_6' title="bbox 134 2155 1437 2243">
     <span class='ocr_line' id='line_1_19' title="bbox 134 2155 1437 2243; baseline 0.008 -22"><span class='ocrx_word' id='word_1_173' title='bbox 134 2179 236 2233; x_wconf 70' lang='lat' dir='ltr'><strong>numerus</strong></span> <span class='ocrx_word' id='word_1_174' title='bbox 353 2157 487 2224; x_wconf 78' lang='lat' dir='ltr'><strong>Philolai</strong></span> <span class='ocrx_word' id='word_1_175' title='bbox 510 2157 548 2222; x_wconf 82' lang='lat' dir='ltr'><em>fr.</em></span> <span class='ocrx_word' id='word_1_176' title='bbox 573 2167 602 2235; x_wconf 80' lang='lat'><em>2,</em></span> <span class='ocrx_word' id='word_1_177' title='bbox 628 2165 657 2223; x_wconf 88' lang='lat'><em>3.</em></span> <span class='ocrx_word' id='word_1_178' title='bbox 694 2155 777 2223; x_wconf 82' lang='lat' dir='ltr'><strong>Siob.</strong></span> <span class='ocrx_word' id='word_1_179' title='bbox 803 2158 817 2222; x_wconf 92' lang='lat' dir='ltr'>I</span> <span class='ocrx_word' id='word_1_180' title='bbox 841 2166 916 2224; x_wconf 85' lang='grc'>456.</span> <span class='ocrx_word' id='word_1_181' title='bbox 963 2161 1026 2222; x_wconf 77' lang='grc' dir='ltr'><em>Καὶ</em></span> <span class='ocrx_word' id='word_1_182' title='bbox 1059 2155 1157 2224; x_wconf 83' lang='grc' dir='ltr'><em>πάντα</em></span> <span class='ocrx_word' id='word_1_183' title='bbox 1187 2185 1226 2243; x_wconf 88' lang='grc' dir='ltr'><em>γα</em></span> <span class='ocrx_word' id='word_1_184' title='bbox 1255 2155 1318 2243; x_wconf 78' lang='grc' dir='ltr'><em>μιλν</em></span> <span class='ocrx_word' id='word_1_185' title='bbox 1348 2155 1387 2226; x_wconf 76' lang='grc' dir='ltr'><em>τὰ</em></span> <span class='ocrx_word' id='word_1_186' title='bbox 1406 2189 1437 2231; x_wconf 75' lang='grc' dir='ltr'><em>οε</em></span> 
     </span>
    </p>
   </div>
   <div class='ocr_carea' id='block_1_6' title="bbox 400 2261 526 2285">
    <p class='ocr_par' dir='ltr' id='par_1_7' title="bbox 400 2261 526 2285">
     <span class='ocr_line' id='line_1_20' title="bbox 400 2261 526 2285; baseline 0 0"><span class='ocrx_word' id='word_1_187' title='bbox 400 2261 408 2285; x_wconf 81' lang='grc' dir='ltr'><strong><em>Ι</em></strong></span> <span class='ocrx_word' id='word_1_188' title='bbox 517 2261 526 2285; x_wconf 70' lang='lat'><strong>³</strong></span> 
     </span>
    </p>
   </div>
   <div class='ocr_carea' id='block_1_7' title="bbox 264 2259 1385 2355">
    <p class='ocr_par' dir='ltr' id='par_1_8' title="bbox 264 2259 1385 2355">
     <span class='ocr_line' id='line_1_21' title="bbox 264 2259 1385 2355; baseline -0.001 -22"><span class='ocrx_word' id='word_1_189' title='bbox 264 2292 486 2355; x_wconf 78' lang='grc' dir='ltr'><em>γιγνωσκόμενα</em></span> <span class='ocrx_word' id='word_1_190' title='bbox 510 2263 646 2350; x_wconf 73' lang='grc' dir='ltr'><em>αριθμὸν</em></span> <span class='ocrx_word' id='word_1_191' title='bbox 669 2266 785 2349; x_wconf 74' lang='grc' dir='ltr'><em>λ’χοντι·</em></span> <span class='ocrx_word' id='word_1_192' title='bbox 810 2260 844 2330; x_wconf 80' lang='grc' dir='ltr'><em>οὗ</em></span> <span class='ocrx_word' id='word_1_193' title='bbox 876 2264 933 2349; x_wconf 84' lang='grc' dir='ltr'><em>γὰρ</em></span> <span class='ocrx_word' id='word_1_194' title='bbox 965 2261 1026 2328; x_wconf 84' lang='grc' dir='ltr'><em>οἷόν</em></span> <span class='ocrx_word' id='word_1_195' title='bbox 1055 2290 1085 2329; x_wconf 85' lang='grc' dir='ltr'><em>τε</em></span> <span class='ocrx_word' id='word_1_196' title='bbox 1109 2259 1197 2330; x_wconf 77' lang='grc' dir='ltr'><em>οὐδὲν</em></span> <span class='ocrx_word' id='word_1_197' title='bbox 1221 2264 1289 2332; x_wconf 70' lang='grc' dir='ltr'><em>οὔτε</em></span> <span class='ocrx_word' id='word_1_198' title='bbox 1312 2293 1385 2352; x_wconf 85' lang='grc' dir='ltr'><em>νοη-</em></span> 
     </span>
    </p>
   </div>
   <div class='ocr_carea' id='block_1_8' title="bbox 123 2231 245 2276">
    <p class='ocr_par' dir='ltr' id='par_1_9' title="bbox 123 2231 245 2276">
     <span class='ocr_line' id='line_1_22' title="bbox 123 2231 245 2276; baseline 0.016 -12"><span class='ocrx_word' id='word_1_199' title='bbox 123 2231 163 2274; x_wconf 75' lang='lat' dir='ltr'><strong>par</strong></span> <span class='ocrx_word' id='word_1_200' title='bbox 176 2236 245 2276; x_wconf 79' lang='lat' dir='ltr'><strong>rmpur</strong></span> 
     </span>
    </p>
   </div>
   <div class='ocr_carea' id='block_1_9' title="bbox 261 2365 1384 2565">
    <p class='ocr_par' dir='ltr' id='par_1_10' title="bbox 261 2365 1384 2565">
     <span class='ocr_line' id='line_1_23' title="bbox 263 2365 1384 2460; baseline -0.002 -19"><span class='ocrx_word' id='word_1_201' title='bbox 263 2375 365 2458; x_wconf 76' lang='grc' dir='ltr'><em>θῆμεν</em></span> <span class='ocrx_word' id='word_1_202' title='bbox 395 2365 462 2438; x_wconf 71' lang='lat' dir='ltr'><strong>orire</strong></span> <span class='ocrx_word' id='word_1_203' title='bbox 491 2379 678 2457; x_wconf 70' lang='grc' dir='ltr'><em>γνωσθὶιιεν</em></span> <span class='ocrx_word' id='word_1_204' title='bbox 707 2369 778 2438; x_wconf 79' lang='grc' dir='ltr'><em>ι’ίνευ</em></span> <span class='ocrx_word' id='word_1_205' title='bbox 809 2369 920 2437; x_wconf 87' lang='grc' dir='ltr'><em>τοότω.</em></span> <span class='ocrx_word' id='word_1_206' title='bbox 972 2370 1093 2435; x_wconf 79' lang='lat' dir='ltr'><strong>Ibidem</strong></span> <span class='ocrx_word' id='word_1_207' title='bbox 1115 2370 1152 2436; x_wconf 84' lang='lat' dir='ltr'><strong>ir.</strong></span> <span class='ocrx_word' id='word_1_208' title='bbox 1180 2381 1209 2448; x_wconf 86' lang='lat'><em>3,</em></span> <span class='ocrx_word' id='word_1_209' title='bbox 1235 2380 1263 2438; x_wconf 91' lang='lat'><em>3.</em></span> <span class='ocrx_word' id='word_1_210' title='bbox 1301 2372 1317 2438; x_wconf 86' lang='grc' dir='ltr'><em>ό</em></span> <span class='ocrx_word' id='word_1_211' title='bbox 1346 2402 1384 2460; x_wconf 86' lang='grc' dir='ltr'><em>γα</em></span> 
     </span>
     <span class='ocr_line' id='line_1_24' title="bbox 261 2471 1384 2565; baseline -0.004 -19"><span class='ocrx_word' id='word_1_212' title='bbox 261 2476 323 2565; x_wconf 81' lang='grc' dir='ltr'><em>μὰν</em></span> <span class='ocrx_word' id='word_1_213' title='bbox 345 2477 482 2564; x_wconf 74' lang='grc' dir='ltr'><em>ἀριθμὸς</em></span> <span class='ocrx_word' id='word_1_214' title='bbox 505 2481 561 2562; x_wconf 62' lang='grc' dir='ltr'><em>ἔχει</em></span> <span class='ocrx_word' id='word_1_215' title='bbox 586 2475 642 2542; x_wconf 78' lang='grc' dir='ltr'><em>δίο</em></span> <span class='ocrx_word' id='word_1_216' title='bbox 659 2479 715 2561; x_wconf 78' lang='grc' dir='ltr'><em>μέν</em></span> <span class='ocrx_word' id='word_1_217' title='bbox 731 2480 793 2543; x_wconf 77' lang='grc' dir='ltr'><em>ἴδια</em></span> <span class='ocrx_word' id='word_1_218' title='bbox 809 2479 897 2556; x_wconf 75' lang='grc' dir='ltr'><em>εἴδεα,</em></span> <span class='ocrx_word' id='word_1_219' title='bbox 922 2471 1063 2560; x_wconf 82' lang='grc' dir='ltr'><em>περισσόν</em></span> <span class='ocrx_word' id='word_1_220' title='bbox 1078 2482 1126 2542; x_wconf 82' lang='grc' dir='ltr'><em>καὶ</em></span> <span class='ocrx_word' id='word_1_221' title='bbox 1142 2475 1255 2562; x_wconf 81' lang='grc' dir='ltr'><em>όίρτιον,</em></span> <span class='ocrx_word' id='word_1_222' title='bbox 1281 2484 1384 2564; x_wconf 90' lang='grc' dir='ltr'><em>τρίτον</em></span> 
     </span>
    </p>
   </div>
   <div class='ocr_carea' id='block_1_10' title="bbox 334 2582 423 2607">
    <p class='ocr_par' dir='ltr' id='par_1_11' title="bbox 334 2582 423 2607">
     <span class='ocr_line' id='line_1_25' title="bbox 334 2582 423 2607; baseline -0.011 -1"><span class='ocrx_word' id='word_1_223' title='bbox 334 2582 423 2607; x_wconf 67' lang='grc' dir='ltr'><em>ὶὶ)</em></span> 
     </span>
    </p>
   </div>
   <div class='ocr_carea' id='block_1_11' title="bbox 260 2580 1388 2775">
    <p class='ocr_par' dir='ltr' id='par_1_12' title="bbox 260 2580 1388 2775">
     <span class='ocr_line' id='line_1_26' title="bbox 261 2580 1388 2670; baseline -0.004 -15"><span class='ocrx_word' id='word_1_224' title='bbox 261 2593 296 2655; x_wconf 74' lang='lat' dir='ltr'><em>ii</em></span> <span class='ocrx_word' id='word_1_225' title='bbox 327 2616 368 2654; x_wconf 85' lang='grc' dir='ltr'><em>απ</em></span> <span class='ocrx_word' id='word_1_226' title='bbox 406 2586 590 2670; x_wconf 75' lang='grc' dir='ltr'><em>αμφοτίρων</em></span> <span class='ocrx_word' id='word_1_227' title='bbox 613 2587 790 2666; x_wconf 73' lang='grc' dir='ltr'><em>μιχθέντων</em></span> <span class='ocrx_word' id='word_1_228' title='bbox 813 2580 1040 2667; x_wconf 74' lang='grc' dir='ltr'><em>ἀρτιοπέρισσον</em></span> <span class='ocrx_word' id='word_1_229' title='bbox 1055 2593 1076 2646; x_wconf 69' lang='lat'><em>².</em></span> <span class='ocrx_word' id='word_1_230' title='bbox 1124 2583 1253 2668; x_wconf 75' lang='grc' dir='ltr'><em>ἕκατίρω</em></span> <span class='ocrx_word' id='word_1_231' title='bbox 1283 2589 1317 2650; x_wconf 73' lang='grc' dir='ltr'><em>δὲ</em></span> <span class='ocrx_word' id='word_1_232' title='bbox 1339 2593 1388 2652; x_wconf 65' lang='grc' dir='ltr'><em>τοῦ</em></span> 
     </span>
     <span class='ocr_line' id='line_1_27' title="bbox 260 2682 1181 2775; baseline -0.004 -17"><span class='ocrx_word' id='word_1_233' title='bbox 260 2695 355 2768; x_wconf 77' lang='grc' dir='ltr'><em>εἴδεος</em></span> <span class='ocrx_word' id='word_1_234' title='bbox 377 2697 485 2758; x_wconf 84' lang='grc' dir='ltr'><em>πολλαί</em></span> <span class='ocrx_word' id='word_1_235' title='bbox 508 2693 637 2775; x_wconf 83' lang='grc' dir='ltr'><em>μορφαί,</em></span> <span class='ocrx_word' id='word_1_236' title='bbox 661 2682 703 2762; x_wconf 79' lang='grc' dir='ltr'><em>ὦς</em></span> <span class='ocrx_word' id='word_1_237' title='bbox 726 2691 851 2754; x_wconf 71' lang='grc' dir='ltr'><em>ἕκαστον</em></span> <span class='ocrx_word' id='word_1_238' title='bbox 875 2685 1009 2754; x_wconf 78' lang='grc' dir='ltr'><em>αὐταυτὸ</em></span> <span class='ocrx_word' id='word_1_239' title='bbox 1034 2694 1181 2773; x_wconf 84' lang='grc' dir='ltr'><em>σημαίνει.</em></span> 
     </span>
    </p>
   </div>
   <div class='ocr_carea' id='block_1_12' title="bbox 257 2810 1387 4108">
    <p class='ocr_par' dir='ltr' id='par_1_13' title="bbox 257 2810 1387 4108">
     <span class='ocr_line' id='line_1_28' title="bbox 332 2810 1387 2884; baseline -0.006 -14"><span class='ocrx_word' id='word_1_240' title='bbox 332 2831 361 2870; x_wconf 80' lang='lat' dir='ltr'><em>a.</em></span> <span class='ocrx_word' id='word_1_241' title='bbox 380 2815 450 2868; x_wconf 85' lang='lat' dir='ltr'>Theo</span> <span class='ocrx_word' id='word_1_242' title='bbox 461 2813 562 2882; x_wconf 79' lang='lat' dir='ltr'><strong>Smyrn.</strong></span> <span class='ocrx_word' id='word_1_243' title='bbox 577 2813 591 2866; x_wconf 92' lang='grc' dir='ltr'>Ι</span> <span class='ocrx_word' id='word_1_244' title='bbox 605 2813 632 2874; x_wconf 86' lang='grc'><em>5,</em></span> <span class='ocrx_word' id='word_1_245' title='bbox 642 2829 667 2880; x_wconf 87' lang='lat' dir='ltr'><em>p.</em></span> <span class='ocrx_word' id='word_1_246' title='bbox 678 2813 720 2876; x_wconf 75' lang='lat'><em>22,</em></span> <span class='ocrx_word' id='word_1_247' title='bbox 736 2813 852 2866; x_wconf 84' lang='lat' dir='ltr'><strong>5Hiller.</strong></span> <span class='ocrx_word' id='word_1_248' title='bbox 872 2810 1048 2879; x_wconf 75' lang='grc' dir='ltr'><em>Ἀριστοτέλης</em></span> <span class='ocrx_word' id='word_1_249' title='bbox 1058 2813 1091 2864; x_wconf 84' lang='grc' dir='ltr'><em>δὲ</em></span> <span class='ocrx_word' id='word_1_250' title='bbox 1105 2811 1135 2864; x_wconf 82' lang='grc' dir='ltr'><em>έν</em></span> <span class='ocrx_word' id='word_1_251' title='bbox 1149 2816 1189 2884; x_wconf 74' lang='grc' dir='ltr'><em>τῷ</em></span> <span class='ocrx_word' id='word_1_252' title='bbox 1199 2817 1387 2884; x_wconf 78' lang='grc' dir='ltr'><em>Πυθαγορικῷ</em></span> 
     </span>
     <span class='ocr_line' id='line_1_29' title="bbox 259 2897 1382 2971; baseline -0.003 -15"><span class='ocrx_word' id='word_1_253' title='bbox 259 2902 291 2956; x_wconf 83' lang='grc' dir='ltr'><em>τό</em></span> <span class='ocrx_word' id='word_1_254' title='bbox 306 2903 336 2956; x_wconf 80' lang='grc' dir='ltr'><em>ἕν</em></span> <span class='ocrx_word' id='word_1_255' title='bbox 349 2919 434 2967; x_wconf 81' lang='grc' dir='ltr'><em>φησιν</em></span> <span class='ocrx_word' id='word_1_256' title='bbox 452 2897 619 2970; x_wconf 80' lang='grc' dir='ltr'><em>α’μφυτέρων</em></span> <span class='ocrx_word' id='word_1_257' title='bbox 638 2900 764 2970; x_wconf 82' lang='grc' dir='ltr'><em>μετέχειν</em></span> <span class='ocrx_word' id='word_1_258' title='bbox 778 2905 825 2962; x_wconf 84' lang='grc' dir='ltr'><em>τῆς</em></span> <span class='ocrx_word' id='word_1_259' title='bbox 844 2899 971 2970; x_wconf 82' lang='grc' dir='ltr'><em>φύσεως·</em></span> <span class='ocrx_word' id='word_1_260' title='bbox 991 2897 1075 2971; x_wconf 85' lang='grc' dir='ltr'><em>οἷρτίῳ</em></span> <span class='ocrx_word' id='word_1_261' title='bbox 1093 2906 1146 2970; x_wconf 77' lang='grc' dir='ltr'><em>μὲν</em></span> <span class='ocrx_word' id='word_1_262' title='bbox 1160 2901 1212 2970; x_wconf 79' lang='grc' dir='ltr'><em>γόρ</em></span> <span class='ocrx_word' id='word_1_263' title='bbox 1227 2903 1382 2969; x_wconf 75' lang='grc' dir='ltr'><em>προστεθὲν</em></span> 
     </span>
     <span class='ocr_line' id='line_1_30' title="bbox 259 2987 1386 3060; baseline -0.003 -15"><span class='ocrx_word' id='word_1_264' title='bbox 259 2987 387 3057; x_wconf 86' lang='grc' dir='ltr'><em>περιττόν</em></span> <span class='ocrx_word' id='word_1_265' title='bbox 405 2995 480 3042; x_wconf 89' lang='grc' dir='ltr'><em>ποιεῖ</em></span> <span class='ocrx_word' id='word_1_266' title='bbox 486 3029 492 3053; x_wconf 92' lang='grc'><strong><em>,</em></strong></span> <span class='ocrx_word' id='word_1_267' title='bbox 521 2991 639 3059; x_wconf 84' lang='grc' dir='ltr'><em>περιττῷ</em></span> <span class='ocrx_word' id='word_1_268' title='bbox 665 2987 698 3042; x_wconf 74' lang='grc' dir='ltr'><em>δὲ</em></span> <span class='ocrx_word' id='word_1_269' title='bbox 717 2987 819 3058; x_wconf 77' lang='grc' dir='ltr'><em>ἄρτιον,</em></span> <span class='ocrx_word' id='word_1_270' title='bbox 849 2988 864 3041; x_wconf 81' lang='grc' dir='ltr'><em>ὃ</em></span> <span class='ocrx_word' id='word_1_271' title='bbox 884 2989 932 3041; x_wconf 77' lang='lat' dir='ltr'><strong>urin</strong></span> <span class='ocrx_word' id='word_1_272' title='bbox 951 2988 985 3041; x_wconf 75' lang='lat' dir='ltr'><strong>riv</strong></span> <span class='ocrx_word' id='word_1_273' title='bbox 1005 2987 1140 3056; x_wconf 74' lang='grc' dir='ltr'><em>ἠδύνατο,</em></span> <span class='ocrx_word' id='word_1_274' title='bbox 1168 2995 1194 3042; x_wconf 89' lang='grc' dir='ltr'><em>εί</em></span> <span class='ocrx_word' id='word_1_275' title='bbox 1216 2987 1254 3057; x_wconf 73' lang='grc' dir='ltr'><em>μό</em></span> <span class='ocrx_word' id='word_1_276' title='bbox 1272 2989 1386 3060; x_wconf 80' lang='grc' dir='ltr'><em>οἶμφοίν</em></span> 
     </span>
     <span class='ocr_line' id='line_1_31' title="bbox 260 3075 1386 3150; baseline 0 -17"><span class='ocrx_word' id='word_1_277' title='bbox 260 3089 320 3134; x_wconf 79' lang='grc' dir='ltr'><em>τοῖν</em></span> <span class='ocrx_word' id='word_1_278' title='bbox 348 3077 466 3150; x_wconf 85' lang='grc' dir='ltr'><em>φόσεοιν</em></span> <span class='ocrx_word' id='word_1_279' title='bbox 493 3084 619 3146; x_wconf 81' lang='grc' dir='ltr'><em>μετεῖχε·</em></span> <span class='ocrx_word' id='word_1_280' title='bbox 639 3077 684 3130; x_wconf 88' lang='grc' dir='ltr'><em>διδ</em></span> <span class='ocrx_word' id='word_1_281' title='bbox 712 3081 757 3129; x_wconf 83' lang='grc' dir='ltr'><em>καὶ</em></span> <span class='ocrx_word' id='word_1_282' title='bbox 776 3075 982 3146; x_wconf 83' lang='grc' dir='ltr'><em>όρτιοπέριττον</em></span> <span class='ocrx_word' id='word_1_283' title='bbox 1000 3079 1140 3130; x_wconf 76' lang='grc' dir='ltr'><em>καλεῖσθαι</em></span> <span class='ocrx_word' id='word_1_284' title='bbox 1167 3077 1199 3130; x_wconf 85' lang='grc' dir='ltr'><em>τό</em></span> <span class='ocrx_word' id='word_1_285' title='bbox 1226 3079 1263 3133; x_wconf 85' lang='grc' dir='ltr'><em>ἕν.</em></span> <span class='ocrx_word' id='word_1_286' title='bbox 1306 3079 1386 3134; x_wconf 88' lang='lat' dir='ltr'><strong>Unde·</strong></span> 
     </span>
     <span class='ocr_line' id='line_1_32' title="bbox 260 3167 1386 3237; baseline -0.002 -13"><span class='ocrx_word' id='word_1_287' title='bbox 260 3169 401 3224; x_wconf 82' lang='lat' dir='ltr'><strong>verisimile</strong></span> <span class='ocrx_word' id='word_1_288' title='bbox 420 3171 460 3220; x_wconf 86' lang='lat' dir='ltr'><em>est</em></span> <span class='ocrx_word' id='word_1_289' title='bbox 476 3168 558 3221; x_wconf 88' lang='lat' dir='ltr'><strong>etiam</strong></span> <span class='ocrx_word' id='word_1_290' title='bbox 576 3167 726 3221; x_wconf 88' lang='lat' dir='ltr'><strong>Philolaum</strong></span> <span class='ocrx_word' id='word_1_291' title='bbox 743 3169 769 3221; x_wconf 94' lang='lat' dir='ltr'><strong>in</strong></span> <span class='ocrx_word' id='word_1_292' title='bbox 785 3169 821 3221; x_wconf 86' lang='lat' dir='ltr'><strong>eis</strong></span> <span class='ocrx_word' id='word_1_293' title='bbox 836 3185 903 3236; x_wconf 91' lang='lat' dir='ltr'><strong>quae</strong></span> <span class='ocrx_word' id='word_1_294' title='bbox 923 3168 1100 3236; x_wconf 79' lang='lat' dir='ltr'>sequebantur</span> <span class='ocrx_word' id='word_1_295' title='bbox 1114 3168 1264 3237; x_wconf 86' lang='lat' dir='ltr'><strong>disputasse</strong></span> <span class='ocrx_word' id='word_1_296' title='bbox 1282 3169 1313 3222; x_wconf 87' lang='lat' dir='ltr'><em>de</em></span> <span class='ocrx_word' id='word_1_297' title='bbox 1331 3185 1386 3222; x_wconf 79' lang='lat' dir='ltr'><em>nu-</em></span> 
     </span>
     <span class='ocr_line' id='line_1_33' title="bbox 259 3256 1384 3326; baseline -0.002 -13"><span class='ocrx_word' id='word_1_298' title='bbox 259 3258 336 3313; x_wconf 82' lang='lat' dir='ltr'><strong>meris</strong></span> <span class='ocrx_word' id='word_1_299' title='bbox 355 3273 494 3325; x_wconf 88' lang='lat' dir='ltr'><strong>eorumque</strong></span> <span class='ocrx_word' id='word_1_300' title='bbox 512 3257 661 3311; x_wconf 83' lang='lat' dir='ltr'><strong>rationibus</strong></span> <span class='ocrx_word' id='word_1_301' title='bbox 676 3261 703 3310; x_wconf 94' lang='lat' dir='ltr'><em>et</em></span> <span class='ocrx_word' id='word_1_302' title='bbox 719 3257 872 3321; x_wconf 75' lang='lat' dir='ltr'><strong>virtutium,</strong></span> <span class='ocrx_word' id='word_1_303' title='bbox 892 3259 1003 3310; x_wconf 85' lang='lat' dir='ltr'><strong>maxime</strong></span> <span class='ocrx_word' id='word_1_304' title='bbox 1022 3256 1052 3310; x_wconf 88' lang='lat' dir='ltr'><em>de</em></span> <span class='ocrx_word' id='word_1_305' title='bbox 1069 3273 1175 3311; x_wconf 88' lang='lat' dir='ltr'><strong>numero</strong></span> <span class='ocrx_word' id='word_1_306' title='bbox 1194 3257 1308 3322; x_wconf 80' lang='lat' dir='ltr'><strong>denario,</strong></span> <span class='ocrx_word' id='word_1_307' title='bbox 1328 3274 1384 3326; x_wconf 81' lang='lat' dir='ltr'><em>qun</em></span> 
     </span>
     <span class='ocr_line' id='line_1_34' title="bbox 260 3344 1382 3414; baseline -0.003 -14"><span class='ocrx_word' id='word_1_308' title='bbox 260 3362 347 3401; x_wconf 74' lang='lat' dir='ltr'><strong>omnes</strong></span> <span class='ocrx_word' id='word_1_309' title='bbox 374 3362 495 3399; x_wconf 84' lang='lat' dir='ltr'><strong>numeros</strong></span> <span class='ocrx_word' id='word_1_310' title='bbox 521 3349 601 3414; x_wconf 87' lang='lat' dir='ltr'><strong>atque</strong></span> <span class='ocrx_word' id='word_1_311' title='bbox 627 3361 714 3399; x_wconf 84' lang='lat' dir='ltr'><strong>omnes</strong></span> <span class='ocrx_word' id='word_1_312' title='bbox 745 3362 909 3399; x_wconf 89' lang='lat' dir='ltr'><strong>numerorum</strong></span> <span class='ocrx_word' id='word_1_313' title='bbox 943 3346 1057 3398; x_wconf 86' lang='lat' dir='ltr'><strong>virtutes</strong></span> <span class='ocrx_word' id='word_1_314' title='bbox 1086 3345 1211 3400; x_wconf 82' lang='lat' dir='ltr'><strong>contineri</strong></span> <span class='ocrx_word' id='word_1_315' title='bbox 1239 3344 1382 3413; x_wconf 78' lang='lat' dir='ltr'><strong>putabant,</strong></span> 
     </span>
     <span class='ocr_line' id='line_1_35' title="bbox 258 3435 1380 3504; baseline -0.003 -15"><span class='ocrx_word' id='word_1_316' title='bbox 258 3453 282 3489; x_wconf 83' lang='lat' dir='ltr'><strong>r.</strong></span> <span class='ocrx_word' id='word_1_317' title='bbox 302 3441 344 3489; x_wconf 75' lang='lat' dir='ltr'><em>BP</em></span> <span class='ocrx_word' id='word_1_318' title='bbox 364 3435 406 3488; x_wconf 87' lang='grc'><em>54.</em></span> <span class='ocrx_word' id='word_1_319' title='bbox 444 3435 552 3504; x_wconf 79' lang='lat' dir='ltr'><em>Repetit</em></span> <span class='ocrx_word' id='word_1_320' title='bbox 576 3436 713 3502; x_wconf 88' lang='lat' dir='ltr'><strong>utriusque</strong></span> <span class='ocrx_word' id='word_1_321' title='bbox 731 3435 886 3498; x_wconf 85' lang='lat' dir='ltr'><strong>testimonii,</strong></span> <span class='ocrx_word' id='word_1_322' title='bbox 906 3440 949 3486; x_wconf 77' lang='lat' dir='ltr'><em>R?</em></span> <span class='ocrx_word' id='word_1_323' title='bbox 968 3435 1003 3488; x_wconf 80' lang='lat'><em>52</em></span> <span class='ocrx_word' id='word_1_324' title='bbox 1021 3437 1050 3486; x_wconf 89' lang='lat' dir='ltr'><em>et</em></span> <span class='ocrx_word' id='word_1_325' title='bbox 1068 3435 1110 3495; x_wconf 86' lang='grc'><em>53,</em></span> <span class='ocrx_word' id='word_1_326' title='bbox 1135 3437 1291 3501; x_wconf 82' lang='lat' dir='ltr'><strong>argumenta</strong></span> <span class='ocrx_word' id='word_1_327' title='bbox 1310 3435 1380 3487; x_wconf 87' lang='lat' dir='ltr'><strong>inter</strong></span> 
     </span>
     <span class='ocr_line' id='line_1_36' title="bbox 259 3520 1380 3591; baseline -0.004 -15"><span class='ocrx_word' id='word_1_328' title='bbox 259 3538 286 3576; x_wconf 87' lang='lat' dir='ltr'><em>se</em></span> <span class='ocrx_word' id='word_1_329' title='bbox 311 3539 406 3578; x_wconf 81' lang='lat' dir='ltr'><strong>conexa</strong></span> <span class='ocrx_word' id='word_1_330' title='bbox 430 3523 581 3578; x_wconf 84' lang='lat' dir='ltr'><strong>Nicomaeh.</strong></span> <span class='ocrx_word' id='word_1_331' title='bbox 606 3523 673 3576; x_wconf 84' lang='lat' dir='ltr'><strong>inat.</strong></span> <span class='ocrx_word' id='word_1_332' title='bbox 693 3522 808 3576; x_wconf 86' lang='lat' dir='ltr'><strong>Arithm.</strong></span> <span class='ocrx_word' id='word_1_333' title='bbox 828 3522 857 3575; x_wconf 84' lang='grc' dir='ltr'><em>ΙΙ</em></span> <span class='ocrx_word' id='word_1_334' title='bbox 877 3523 919 3586; x_wconf 88' lang='lat'><em>18,</em></span> <span class='ocrx_word' id='word_1_335' title='bbox 939 3540 963 3591; x_wconf 87' lang='lat' dir='ltr'><em>p.</em></span> <span class='ocrx_word' id='word_1_336' title='bbox 984 3523 1044 3587; x_wconf 83' lang='lat'>114,</span> <span class='ocrx_word' id='word_1_337' title='bbox 1061 3523 1094 3576; x_wconf 89' lang='grc'><em>13</em></span> <span class='ocrx_word' id='word_1_338' title='bbox 1110 3521 1207 3576; x_wconf 87' lang='lat' dir='ltr'><strong>Hoehe.</strong></span> <span class='ocrx_word' id='word_1_339' title='bbox 1245 3520 1380 3580; x_wconf 79' lang='grc' dir='ltr'><em>Φιλόλαος</em></span> 
     </span>
     <span class='ocr_line' id='line_1_37' title="bbox 258 3597 1381 3678; baseline -0.001 -17"><span class='ocrx_word' id='word_1_340' title='bbox 258 3609 292 3662; x_wconf 78' lang='grc' dir='ltr'><em>δὲ</em></span> <span class='ocrx_word' id='word_1_341' title='bbox 310 3607 463 3677; x_wconf 81' lang='grc' dir='ltr'><em>α’ναγκαῖου</em></span> <span class='ocrx_word' id='word_1_342' title='bbox 481 3611 514 3663; x_wconf 76' lang='lat' dir='ltr'><strong>uri</strong></span> <span class='ocrx_word' id='word_1_343' title='bbox 533 3609 615 3662; x_wconf 83' lang='grc' dir='ltr'><em>ἐόντα</em></span> <span class='ocrx_word' id='word_1_344' title='bbox 633 3611 725 3663; x_wconf 75' lang='grc' dir='ltr'><em>πόντοι</em></span> <span class='ocrx_word' id='word_1_345' title='bbox 754 3597 832 3678; x_wconf 73' lang='grc' dir='ltr'><em>εἶμεν</em></span> <span class='ocrx_word' id='word_1_346' title='bbox 858 3608 914 3671; x_wconf 76' lang='grc' dir='ltr'><em>ἢτοι</em></span> <span class='ocrx_word' id='word_1_347' title='bbox 938 3607 1069 3678; x_wconf 80' lang='grc' dir='ltr'><em>ι’ίιτειριιῆ</em></span> <span class='ocrx_word' id='word_1_348' title='bbox 1093 3610 1258 3677; x_wconf 83' lang='grc' dir='ltr'><em>περαίνοντα</em></span> <span class='ocrx_word' id='word_1_349' title='bbox 1288 3608 1303 3673; x_wconf 82' lang='grc' dir='ltr'><em>ἢ</em></span> <span class='ocrx_word' id='word_1_350' title='bbox 1327 3626 1381 3662; x_wconf 85' lang='grc' dir='ltr'><em>τιε-</em></span> 
     </span>
     <span class='ocr_line' id='line_1_38' title="bbox 259 3693 1378 3768; baseline 0 -18"><span class='ocrx_word' id='word_1_351' title='bbox 259 3704 388 3768; x_wconf 86' lang='grc' dir='ltr'><em>ραίνοντα</em></span> <span class='ocrx_word' id='word_1_352' title='bbox 407 3695 466 3768; x_wconf 78' lang='grc' dir='ltr'><em>ι’ίμα</em></span> <span class='ocrx_word' id='word_1_353' title='bbox 490 3703 535 3750; x_wconf 87' lang='grc' dir='ltr'><em>καί</em></span> <span class='ocrx_word' id='word_1_354' title='bbox 562 3697 661 3765; x_wconf 77' lang='grc' dir='ltr'><em>ἄπειρα</em></span> <span class='ocrx_word' id='word_1_355' title='bbox 682 3729 715 3738; x_wconf 89' lang='grc'><strong>-</strong></span> <span class='ocrx_word' id='word_1_356' title='bbox 733 3695 799 3752; x_wconf 81' lang='grc' dir='ltr'><em>κατ’</em></span> <span class='ocrx_word' id='word_1_357' title='bbox 818 3695 909 3752; x_wconf 81' lang='grc' dir='ltr'><em>εἰκόνα</em></span> <span class='ocrx_word' id='word_1_358' title='bbox 938 3697 1065 3762; x_wconf 75' lang='grc' dir='ltr'><em>δηλονότι</em></span> <span class='ocrx_word' id='word_1_359' title='bbox 1092 3703 1141 3750; x_wconf 78' lang='grc' dir='ltr'><em>τοῦ</em></span> <span class='ocrx_word' id='word_1_360' title='bbox 1165 3693 1294 3766; x_wconf 71' lang='grc' dir='ltr'><em>ἀριθμοῦ.</em></span> <span class='ocrx_word' id='word_1_361' title='bbox 1332 3702 1378 3750; x_wconf 84' lang='grc' dir='ltr'><em>καί</em></span> 
     </span>
     <span class='ocr_line' id='line_1_39' title="bbox 257 3777 1378 3858; baseline 0.001 -19"><span class='ocrx_word' id='word_1_362' title='bbox 257 3787 314 3856; x_wconf 75' lang='grc' dir='ltr'><em>γιὶρ</em></span> <span class='ocrx_word' id='word_1_363' title='bbox 337 3777 418 3846; x_wconf 70' lang='grc' dir='ltr'><em>οὗτος</em></span> <span class='ocrx_word' id='word_1_364' title='bbox 443 3789 552 3858; x_wconf 83' lang='grc' dir='ltr'><em>σύμπας</em></span> <span class='ocrx_word' id='word_1_365' title='bbox 577 3786 607 3840; x_wconf 85' lang='grc' dir='ltr'><em>έιι</em></span> <span class='ocrx_word' id='word_1_366' title='bbox 632 3784 758 3857; x_wconf 75' lang='grc' dir='ltr'><em>μονάδος</em></span> <span class='ocrx_word' id='word_1_367' title='bbox 783 3791 830 3838; x_wconf 82' lang='grc' dir='ltr'><em>καί</em></span> <span class='ocrx_word' id='word_1_368' title='bbox 854 3781 958 3847; x_wconf 78' lang='grc' dir='ltr'><em>δυάδος</em></span> <span class='ocrx_word' id='word_1_369' title='bbox 977 3785 1128 3856; x_wconf 86' lang='grc' dir='ltr'><em>ου’γκειτιιι,</em></span> <span class='ocrx_word' id='word_1_370' title='bbox 1156 3785 1251 3856; x_wconf 82' lang='grc' dir='ltr'><em>α’ρτίου</em></span> <span class='ocrx_word' id='word_1_371' title='bbox 1276 3803 1306 3840; x_wconf 91' lang='grc' dir='ltr'><em>τε</em></span> <span class='ocrx_word' id='word_1_372' title='bbox 1331 3791 1378 3840; x_wconf 84' lang='grc' dir='ltr'><em>καὶ</em></span> 
     </span>
     <span class='ocr_line' id='line_1_40' title="bbox 257 3871 1377 3946; baseline 0 -18"><span class='ocrx_word' id='word_1_373' title='bbox 257 3879 397 3944; x_wconf 84' lang='grc' dir='ltr'><em>περιττοῦ,</em></span> <span class='ocrx_word' id='word_1_374' title='bbox 422 3871 493 3939; x_wconf 66' lang='lat' dir='ltr'><strong>citivi</strong></span> <span class='ocrx_word' id='word_1_375' title='bbox 513 3871 637 3938; x_wconf 79' lang='grc' dir='ltr'><em>ίσότητός</em></span> <span class='ocrx_word' id='word_1_376' title='bbox 655 3891 684 3928; x_wconf 87' lang='grc' dir='ltr'><em>τε</em></span> <span class='ocrx_word' id='word_1_377' title='bbox 709 3879 755 3927; x_wconf 87' lang='grc' dir='ltr'><em>καί</em></span> <span class='ocrx_word' id='word_1_378' title='bbox 778 3873 936 3938; x_wconf 80' lang='grc' dir='ltr'><em>α’νισότητος</em></span> <span class='ocrx_word' id='word_1_379' title='bbox 961 3873 1130 3946; x_wconf 76' lang='grc' dir='ltr'><em>ἐμφαντικοί,</em></span> <span class='ocrx_word' id='word_1_380' title='bbox 1158 3875 1317 3939; x_wconf 82' lang='grc' dir='ltr'><em>ταυτότητός</em></span> <span class='ocrx_word' id='word_1_381' title='bbox 1345 3891 1377 3928; x_wconf 87' lang='grc' dir='ltr'><em>τε</em></span> 
     </span>
     <span class='ocr_line' id='line_1_41' title="bbox 257 3959 1380 4035; baseline -0.001 -19"><span class='ocrx_word' id='word_1_382' title='bbox 257 3967 303 4016; x_wconf 80' lang='grc' dir='ltr'><em>καί</em></span> <span class='ocrx_word' id='word_1_383' title='bbox 327 3963 497 4034; x_wconf 80' lang='grc' dir='ltr'><em>ἑτερότητος,</em></span> <span class='ocrx_word' id='word_1_384' title='bbox 526 3959 708 4032; x_wconf 88' lang='grc' dir='ltr'><em>περαίνοντός</em></span> <span class='ocrx_word' id='word_1_385' title='bbox 735 3980 764 4016; x_wconf 92' lang='grc' dir='ltr'><em>τε</em></span> <span class='ocrx_word' id='word_1_386' title='bbox 788 3968 833 4016; x_wconf 83' lang='grc' dir='ltr'><em>καί</em></span> <span class='ocrx_word' id='word_1_387' title='bbox 858 3961 982 4032; x_wconf 86' lang='grc' dir='ltr'><em>α’πείρου,</em></span> <span class='ocrx_word' id='word_1_388' title='bbox 1008 3964 1159 4035; x_wconf 82' lang='grc' dir='ltr'><em>ιόρισμὲνου</em></span> <span class='ocrx_word' id='word_1_389' title='bbox 1183 3968 1278 4016; x_wconf 78' lang='grc' dir='ltr'><em>τεκαὶ</em></span> <span class='ocrx_word' id='word_1_390' title='bbox 1302 3961 1380 4033; x_wconf 82' lang='grc' dir='ltr'><em>οἷορί-</em></span> 
     </span>
     <span class='ocr_line' id='line_1_42' title="bbox 258 4068 330 4108; baseline 0.056 -4"><span class='ocrx_word' id='word_1_391' title='bbox 258 4068 330 4108; x_wconf 91' lang='grc' dir='ltr'><em>στου.</em></span> 
     </span>
    </p>
   </div>
   <div class='ocr_carea' id='block_1_13' title="bbox 257 4211 469 4220">
    <p class='ocr_par' dir='ltr' id='par_1_14' title="bbox 257 4211 469 4220">
     <span class='ocr_line' id='line_1_43' title="bbox 257 4211 469 4220; baseline -0.009 -1"><span class='ocrx_word' id='word_1_392' title='bbox 257 4211 469 4220; x_wconf 67' lang='lat'>-—-—.</span> 
     </span>
    </p>
   </div>
   <div class='ocr_carea' id='block_1_14' title="bbox 256 4319 1378 4478">
    <p class='ocr_par' dir='ltr' id='par_1_15' title="bbox 256 4319 1378 4478">
     <span class='ocr_line' id='line_1_44' title="bbox 256 4319 1378 4390; baseline 0.002 -18"><span class='ocrx_word' id='word_1_393' title='bbox 256 4321 356 4373; x_wconf 82' lang='lat' dir='ltr'><strong>veteres</strong></span> <span class='ocrx_word' id='word_1_394' title='bbox 374 4336 493 4374; x_wconf 88' lang='lat' dir='ltr'><strong>numeros</strong></span> <span class='ocrx_word' id='word_1_395' title='bbox 512 4322 622 4375; x_wconf 87' lang='lat' dir='ltr'><strong>Heereni</strong></span> <span class='ocrx_word' id='word_1_396' title='bbox 640 4324 769 4386; x_wconf 80' lang='lat' dir='ltr'><strong>tenemus,</strong></span> <span class='ocrx_word' id='word_1_397' title='bbox 788 4323 970 4390; x_wconf 84' lang='lat' dir='ltr'><strong>praeterquam</strong></span> <span class='ocrx_word' id='word_1_398' title='bbox 991 4321 1085 4389; x_wconf 85' lang='lat' dir='ltr'><strong>quibus</strong></span> <span class='ocrx_word' id='word_1_399' title='bbox 1104 4319 1378 4376; x_wconf 80' lang='lat' dir='ltr'><strong>lucisWachsmuthii</strong></span> 
     </span>
     <span class='ocr_line' id='line_1_45' title="bbox 256 4407 566 4478; baseline 0.003 -16"><span class='ocrx_word' id='word_1_400' title='bbox 256 4423 349 4462; x_wconf 89' lang='lat' dir='ltr'><strong>nomen</strong></span> <span class='ocrx_word' id='word_1_401' title='bbox 369 4407 566 4478; x_wconf 79' lang='lat' dir='ltr'><strong>adscripsimus,</strong></span> 
     </span>
    </p>
   </div>
   <div class='ocr_carea' id='block_1_15' title="bbox 0 0 1580 4996">
    <p class='ocr_par' dir='ltr' id='par_1_16' title="bbox 0 0 1580 4996">
     <span class='ocr_line' id='line_1_46' title="bbox 0 0 1580 4996; baseline 0 4"><span class='ocrx_word' id='word_1_402' title='bbox 0 0 1580 4996; x_wconf 95' lang='lat' dir='ltr'><em> </em></span> 
     </span>
    </p>
   </div>
  </div>
 </body>
</html>
