3140 4990
628 400 755 454 Socrates.
1196 393 1248 454 193

130 562 182 618 Cio.
202 563 234 616 de
253 563 309 616 Fin.
328 563 355 616 11
374 564 402 628 1,
428 563 456 624 h,
474 579 496 616 e.
516 561 694 632 philosophiae
716 559 822 614 moralis
846 575 905 612 cum
929 557 1065 612 dialectica
1087 558 1248 623 coniunctae,¹

129 667 153 708 v,
168 658 211 706 R?
230 654 276 707 aa.
304 651 415 706 Aristot.
434 651 498 706 Met.
517 651 530 704 I
549 653 573 706 6.
592 650 664 706 9871>
679 651 703 703 1.
736 653 897 723 Σωκράτους
915 649 947 702 δὲ
966 652 1028 719 περὶ
1045 649 1098 720 μὲν
1117 650 1151 701 τὰ
1164 651 1248 716 ἠθικὰ

130 747 405 816 πραγματευομένου,
425 745 488 813 περὶ
506 741 537 796 (ie
556 750 602 806 τῆς
616 741 677 807 ὅλης
692 741 799 810 φύσεως
814 738 902 803 οὐδέν,
921 737 952 791 cf.
966 736 1031 790 xm
1048 737 1074 790 4.
1093 737 1181 792 1078b
1200 739 1248 806 17;

130 832 162 885 de
180 832 253 885 Parc.
271 829 358 884 Anin.
377 831 433 884 11.
453 814 524 884 6422
543 829 578 883 28
597 832 644 884 ἐπὶ
662 831 825 900 Σωκράτους
843 827 875 880 δὲ
898 837 979 880 τοῦτο
1002 828 1055 899 μὲν
1078 829 1182 894 ηὐξήθη
1205 829 1249 894 (τὸ

131 924 282 994 ὁρίσασθαι
300 922 348 986 τὴν
368 921 490 986 οὐσίαν),
514 921 545 972 τὸ
564 919 595 973 δὲ
614 921 699 984 ζητεῖν
718 919 753 971 τὰ
772 921 834 988 περὶ
853 919 960 988 φύσεως
978 918 1059 983 ἔληξε.
1096 915 1148 971 Cic.
1167 915 1248 971 Acad.

129 1010 144 1063 I
163 1009 204 1064 15.
241 1009 367 1064 Socrates
384 1009 453 1063 mihi
471 1007 597 1074 ridetur,
621 1007 653 1071 c'd
671 1005 743 1074 ηαοιί
760 1009 868 1060 emutat
885 1005 958 1059 iuter
975 1021 1080 1073 maaca,
1101 1007 1212 1074 primos
1230 1025 1249 1060 α

130 1100 211 1153 retas
229 1099 343 1154 occultis
362 1103 389 1152 et
406 1099 442 1152 ab
459 1098 523 1166 ipsa
540 1103 647 1158 catara
665 1095 810 1161 innotatis,
829 1096 862 1147 iu
879 1095 979 1163 quibos
997 1111 1088 1149 onmes
1106 1101 1170 1149 aute
1187 1112 1249 1150 cam

127 1188 285 1257 philosophi
303 1188 432 1255 occupata¹
449 1187 573 1254 fueraut,
591 1171 745 1240 avocavisse
763 1185 964 1253 philosophiam
982 1190 1009 1238 ct
1026 1185 1065 1238 αιί
1084 1200 1249 1240 communem

130 1277 216 1331 uitam
233 1277 396 1340 adduxisse,
419 1281 451 1329 at
470 1275 503 1328 dc
521 1275 674 1328 virtutibus
691 1279 717 1328 et
734 1273 811 1328 uitiis
829 1273 991 1342 omninoque
1011 1273 1043 1326 dc
1067 1273 1144 1327 bonis
1168 1274 1250 1328 rebus

131 1372 159 1420 ct
177 1367 258 1419 malis
276 1370 425 1434 quaereret,
445 1365 573 1418 coelestio
592 1368 685 1416 cotem
702 1363 744 1416 uel
757 1363 858 1430 procat
876 1377 930 1416 esec
948 1379 967 1414 α
984 1367 1082 1416 uestra
1095 1363 1249 1430 copaitiooc

132 1461 260 1522 censeret,
279 1451 334 1520 och
347 1455 373 1507 si
390 1454 507 1508 ικααίαιι
525 1452 637 1522 copnita
655 1456 750 1518 caecat,
768 1451 838 1504 αι’ίιιί
853 1456 945 1504 ίανκενι
959 1451 997 1504 ad
1011 1451 1075 1505 σοντι
1089 1451 1249 1509 circadam:

132 1543 360 1598 sedv.RP19‘I.
398 1541 519 1595 Archelai
538 1541 681 1611 discipulus
706 1539 793 1592 dictus
812 1555 868 1592 esse
892 1539 996 1593 videtur
1020 1557 1036 1592 a
1059 1541 1249 1594 successionum

132 1631 311 1702 scriptoribus,
329 1649 353 1684 r.
372 1637 415 1684 BP
433 1631 479 1684 4a.
517 1630 666 1687 Aristoxeni
684 1629 749 1682 fides
767 1631 902 1698 suspecta,
927 1629 958 1682 cf.
979 1629 1075 1695 Lucae,
1099 1629 1169 1683 Lect.
1189 1630 1247 1683 Ars.

131 1721 160 1774 11
177 1722 211 1775 27
219 1739 257 1790 sq.

205 1842 231 1883 c.
250 1827 301 1880 Eas
320 1826 387 1879 vidit
404 1825 548 1879 Pausanias
565 1825 579 1877 I
597 1826 640 1891 22,
659 1826 684 1892 8,
704 1825 734 1878 cf.
753 1825 792 1878 IX
810 1824 853 1892 35,
873 1826 898 1878 2.

205 1935 234 1988 (1.
253 1935 293 1986 De
312 1933 450 2003 stipendiis
468 1936 496 1986 et
514 1932 767 2002 peregrinationibus
786 1931 901 1986 Socratis
924 1933 955 1986 of.
975 1932 1043 1986 Plat.
1063 1931 1135 1986 Crito
1155 1951 1180 2002 p.
1200 1933 1249 1999 52;

132 2024 211 2079 Conv,
230 2042 256 2093 p.
275 2024 327 2076 219
346 2021 382 2088 E;
401 2021 520 2076 Antisth.
540 2039 581 2091 ap.
600 2021 697 2075 Athen.
716 2020 740 2072 V
759 2023 824 2086 sla
843 2021 919 2090 Diog.
938 2021 1026 2087 1123,
1046 2021 1098 2074 alii.

204 2144 232 2185 θ.
252 2131 283 2184 Α.
303 2129 364 2184 Chr.
384 2148 409 2183 n.
428 2130 481 2184 468
500 2133 529 2183 et
547 2130 607 2185 399.
645 2129 683 2183 Cf.
702 2129 771 2182 Plat.
790 2129 866 2198 Apol.
886 2130 920 2182 17
939 2129 977 2195 D;
997 2128 1069 2182 Criho
1087 2131 1122 2183 32
1140 2129 1170 2184 Ε.

84 2307 123 2348 189
201 2275 283 2338 Pla‘t.
306 2275 396 2358 Apol.
426 2273 510 2338 Soet.
543 2281 581 2338 21
607 2277 644 2338 A.
682 2259 801 2359 '‘Hpm
829 2273 890 2360 γὰρ
915 2271 1121 2360 (Χαιρεφῶν)
1151 2272 1190 2360 δὴ
1220 2268 1253 2338 εἴ
1281 2265 1391 2306 ⁰¹⁸⁰¹¹¹¹²¹¹¹
1405 2265 1432 2308 ‘¹⁸

1310 2319 1404 2360 Socratis

133 2407 185 2460 τις
208 2380 286 2464 ἐμοῦ
307 2376 357 2468 εἰἠ
381 2381 572 2468 σοφώτερος.
606 2379 726 2444 οίνεῖλεν
749 2375 803 2444 οὖν
826 2375 979 2466 ηΠοθία
993 2377 1115 2466 μηδένα
1139 2380 1249 2468 σοφώ·
1300 2373 1409 2424 ⁸⁸⁹i²¹¹ffi⁸

133 2512 225 2576 τερον
248 2477 341 2554 εἶναι.
388 2487 472 2569 quod
495 2506 683 2570 responsum
706 2489 743 2550 ut
766 2487 884 2552 falsum
908 2505 977 2550 esse
1000 2488 1163 2569 probaret,
1185 2487 1251 2552 iam

135 2615 168 2660 se
194 2597 239 2658 ait
262 2594 408 2659 Socrates
433 2595 574 2678 coepisse
599 2595 822 2677 sapientiorem
847 2613 879 2658 se
903 2594 971 2676 ipso
995 2594 1172 2675 exquirere,
1196 2593 1252 2657 sed

44 2756 48 2762 .
134 2703 263 2766 frustra.
310 2703 460 2766 namuel
483 2720 535 2766 eos
561 2702 671 2782 quiet
695 2701 764 2765 aliis
788 2703 821 2764 et
844 2701 1002 2783 sibiipsis
1027 2700 1252 2783 sapientissimi

134 2809 319 2873 viderentur
341 2827 445 2890 neque
469 2808 567 2872 fuisse
592 2808 750 2890 sapientes
773 2826 877 2888 neque
900 2808 1039 2872 conscios
1055 2807 1252 2888 ignorantiae

136 2932 222 2979 suae.
268 2913 329 2998 ἐγὼ
360 2911 409 2994 δέ,
440 2915 560 2996 inquit,
590 2915 699 3000 ὥσπερ
728 2909 782 2978 οὖν
812 2909 869 2978 οίκ
898 2905 989 2992 οἶδα,
1023 2910 1097 2978 οὐδὲ
1118 2908 1251 2995 οἴομαι.

135 3017 228 3086 ἔοικα
258 3031 331 3105 γοῦν
359 3020 473 3085 τούτου
508 3043 543 3105 ηε
571 3020 698 3106 σμικρῷ
726 3043 789 3085 τινι
821 3017 909 3105 αὐτῷ
937 3018 1040 3104 τούτῳ
1070 3018 1253 3108 σοφώτερος
1280 3029 1407 3081 ignorantia

135 3118 234 3206 εἶναι,
266 3127 318 3191 ὅτι
341 3123 363 3190 ἃ
384 3128 428 3213 μη
453 3119 527 3192 οἶδα
556 3124 630 3192 οὐδὲ
653 3121 766 3208 σ’ίομαι
796 3122 916 3191 εἰδέναι
927 3137 949 3190 ³.
995 3125 1125 3190 taudem
1149 3145 1182 3190 se
1206 3127 1254 3190 in-

135 3234 310 3310 tellexisse,
342 3234 417 3315 quid
447 3234 525 3298 deus
550 3234 774 3315 significasset,
805 3241 845 3298 22
876 3235 902 3296 E
931 3232 982 3296 ὅτι
1011 3233 1030 3320 η
1061 3229 1253 3323 ἀνθρωπίνη

134 3337 239 3427 σοφία
269 3336 376 3424 ὀλίγον
405 3336 598 3418 τινὸς-ἀξία
629 3337 698 3404 ἐστί
721 3337 778 3404 καί
801 3337 942 3416 οὐδενός·
972 3337 1030 3402 καί
1059 3373 1102 3384 -
1131 3375 1173 3384 -
1203 3337 1255 3402 ίίτι

136 3439 228 3523 οὗτος
259 3447 362 3528 ὑμῶν,
397 3443 423 3510 ὦ
455 3445 639 3532 ἀνθρωττοι,
672 3445 864 3534 σοφώτατός
893 3443 995 3525 ἐστιν,
1026 3444 1115 3521 ὅστις
1143 3445 1254 3530 ὥσπερ

137 3551 312 3640 Σωκράτης
335 3549 467 3638 ἔγνωκεν
495 3553 547 3618 ὅτι
575 3551 701 3630 οὐδενὸς
724 3551 815 3631 ίίξιός
838 3551 907 3618 ἐστι
934 3550 975 3639 τῇ
998 3547 1139 3638 ἀληθείᾳ
1171 3551 1255 3637 πρὸς

137 3655 257 3747 σοφίαν
268 3657 290 3723 b.
336 3648 433 3725 ταῦτ’
452 3656 506 3726 οὖν
536 3657 679 3745 ἐγὼμὲν
702 3653 751 3724 ἔτι
774 3656 831 3724 καί
854 3668 907 3723 νῦν
929 3657 1065 3745 περιιὼν
1088 3656 1173 3746 ζητῶ
1197 3654 1255 3721 καὶ

138 3763 252 3850 ἐρευνῶ
275 3767 361 3830 κατὰ
383 3767 438 3832 τὸν
460 3765 548 3848 θεόν,
570 3765 628 3832 καί
651 3779 715 3830 τῶν
738 3764 844 3830 οἰστῶν
863 3763 921 3830 καί
936 3777 1001 3830 τῶν
1016 3763 1113 3844 ξένων
1128 3763 1167 3827 ίίν
1181 3787 1255 3828 τινα

138 3867 261 3954 οἴωμαι
291 3873 393 3960 σοφὸν
419 3864 517 3938 εἶναι’
551 3871 609 3939 καὶ
638 3871 772 3937 ἐπειδάν
804 3897 862 3955 μοι
896 3873 941 3960 μὴ
971 3871 1069 3960 δοκῇ,
1104 3869 1151 3956 τῷ
1185 3869 1256 3953 θεῷ

137 3983 272 4066 βοηθῶν
300 3975 515 4062 ἕνδείκνομαι,
546 3979 597 4044 ὅτι
612 3977 679 4044 οὐκ
702 3974 772 4043 ἔστι
799 3977 909 4066 σοφός.
956 3975 1013 4042 καὶ
1042 3977 1108 4042 ὑπὸ
1136 3975 1256 4063 ταύτης

137 4096 195 4172 της
224 4081 377 4166 ἀσχολίας
406 4083 477 4152 othe
505 4110 538 4151 τι
567 4097 632 4150 τῶν
665 4097 722 4174 της
756 4083 883 4162 πόλεως
912 4080 1040 4171 πρᾶξαί
1068 4105 1126 4165 μοι
1159 4081 1256 4168 σχολὴ

138 4188 263 4276 γέγονεν
286 4191 377 4271 agros
399 4192 494 4278 λόγου
518 4189 590 4258 othe
612 4205 677 4256 τῶν
699 4187 825 4258 οἰκείων
837 4201 857 4272 ⁰,
882 4179 956 4256 ἀλλ’
977 4185 1010 4255 ἓν
1032 4186 1130 4276 πενίᾳ
1152 4183 1254 4276 μυρίη

139 4294 207 4382 εἰμὶ
237 4299 293 4364 διὰ
321 4301 378 4386 τὴν
405 4310 463 4365 τοῦ
484 4304 566 4367 θεοῦ
588 4296 750 4386 λατρείαν.
795 4299 880 4385 πρὸς
909 4295 946 4362 δὲ
974 4296 1100 4374 τούτοις
1131 4291 1162 4361 oi
1191 4292 1258 4360 νέοι

139 4429 197 4486 μοι
220 4404 528 4487 ἐπακολουθοῦντες,
551 4395 601 4484 οἷς
622 4405 767 4489 μάλιστα
791 4403 887 4492 σχολή
904 4402 1001 4483 ἐστιν,
1026 4399 1057 4467 οὶ
1072 4415 1137 4466 τῶν
1153 4401 1257 4467 πλου-

141 4495 326 4594 σιωτάτων,
355 4511 534 4596 αὐτόματοι
558 4509 726 4600 χαίρουσιν
748 4511 917 4588 ἀκούοντες
939 4507 1172 4592 ἐξεταζομένων
1194 4519 1259 4572 τῶν

1282 3659 1359 3694 munus
1374 3662 1387 3690 a
1402 3650 1440 3691 deo

1323 3704 1397 3745 tntum
