3150 4996
195 1721 257 1774 origo

167 4224 272 4280 magistri

496 1349 800 1452 Pythagoras
833 1352 883 1432 et
913 1349 1220 1452 Pythagorei.

307 1713 311 1719 '
370 1695 483 1763 Herod.
505 1695 550 1761 IV
567 1696 663 1762 95in.
707 1690 761 1773 Ὡς
784 1698 818 1764 δὲ
840 1695 898 1780 ὶγώ
921 1691 1120 1781 πυνθάνομαι
1145 1733 1186 1746 -·
1209 1733 1253 1744 -
1276 1693 1331 1764 τόν
1353 1695 1419 1766 Ζά-
1437 1716 1502 1760 uh

300 1807 406 1887 μολξιν
430 1807 551 1886 τοῦτον,
577 1797 664 1869 ἐόντα
687 1799 864 1890 άνθρωαον,
889 1806 1049 1869 δουλεῦσαι
1073 1805 1105 1870 ἐν
1127 1803 1233 1894 Σάμῳ,
1259 1807 1420 1874 δουλεῦσαι

301 1909 335 1975 δὲ
357 1903 533 1996 Πυθαγόρῃ
557 1911 601 1999 τῷ
623 1903 827 1996 Μνησάρχου.
876 1917 915 1976 95
932 1929 973 1974 111.
997 1904 1184 1995 ὁμιλήσαντα
1206 1916 1254 1976 καὶ
1269 1905 1421 1994 Ἑλλήνων

301 2010 337 2081 οὖ
360 2023 405 2104 τῷ
426 2011 637 2106 ἀσθενεστάτῳ
661 2017 795 2104 σοφιστῇ
817 2014 994 2103 Πυθαγόρῃ
1008 2027 1030 2082 “.

367 2157 457 2241 Diog.
482 2158 558 2223 VIII
583 2168 612 2224 1.
650 2157 845 2246 Πυθαγόρας
867 2155 1060 2244 Μνησάρχου
1084 2161 1356 2248 δακτυλιογλύφου,
1379 2161 1422 2241 τός
1439 2196 1503 2236 cru

300 2291 394 2352 φησιν
413 2259 600 2352 Ἕρμιππος,
631 2264 772 2349 §optegi
795 2258 829 2352 γ’γ’,
865 2259 889 2332 ὦ
918 2261 1137 2352 Ἀριστόξενος,
1173 2265 1331 2356 Τυρρηνός
1360 2265 1421 2335 άπὸ

300 2372 372 2455 μιᾶς
401 2372 462 2436 τῶν
491 2367 593 2457 νήσων
620 2369 655 2450 rig
677 2376 827 2452 κατέσχον
847 2367 1006 2456 Ἀθηναῖοι
1033 2369 1210 2459 Τυρρηνοάς
1232 2373 1420 2457 ἐκβαλόντες.

372 2509 401 2548 a.
428 2495 525 2548 Rerum
543 2495 780 2564 Pythagoricorum
799 2495 897 2549 notitia
914 2497 947 2549 ut
966 2498 1092 2564 appareat
1110 2497 1237 2564 quomodo
1256 2514 1272 2552 a
1291 2499 1421 2554 lectorum

301 2583 427 2638 memoria
444 2583 577 2653 paulatim
596 2584 630 2638 ad
649 2583 756 2638 fabulae
774 2585 883 2638 inventa
903 2583 1051 2648 defluxerit,
1080 2585 1194 2653 quinque
1219 2587 1307 2654 placet
1325 2605 1422 2657 genera

301 2674 436 2727 auctorum
455 2673 501 2742 qui
520 2673 550 2727 dc
569 2675 603 2727 iis
622 2673 775 2741 scripserint
793 2671 920 2726 distincta
939 2673 980 2725 vel
994 2675 1083 2726 aetate
1097 2673 1138 2726 vel
1152 2674 1239 2728 animo
1254 2677 1294 2730 vel
1309 2679 1421 2731 scicntia

300 2777 447 2830 proponere.
484 2761 508 2815 I.
537 2761 692 2816 Aristoteles
711 2763 775 2828 περὶ
794 2763 851 2812 τῶν
870 2763 1078 2830 Πυθαγορείων,
1103 2779 1132 2818 π,
1151 2778 1175 2818 τ.
1192 2756 1321 2832 Ἀρχότου
1339 2765 1422 2834 φιλο-

300 2851 398 2919 σοφίας
417 2852 467 2904 cet.
505 2849 701 2918 Theophrastus
725 2849 858 2903 Eudemus
882 2849 1055 2903 Aristoxenus
1080 2851 1255 2905 Dicaearchus
1288 2853 1419 2908 Eudoxus.

300 2937 334 2992 H.
361 2939 521 2993 Heraclides.
560 2938 611 2992 ΠΙ.
631 2939 761 3007 Epicurus
779 2939 902 2992 Timaeus
922 2937 1056 2992 Neanthes
1070 2939 1227 3008 Hermippus
1246 2942 1421 3011 Hieronymus

301 3026 473 3096 Hippobctns.
510 3027 558 3080 IV.
582 3027 738 3096 Apollonius
756 3027 914 3096 Tyanensis‚
934 3026 1097 3091 Moderatus,
1117 3026 1293 3083 Nicomachus
1312 3031 1421 3085 Gerase-

299 3133 358 3171 nus.
395 3117 426 3171 V.
445 3115 613 3186 Porphyrius,
631 3116 802 3170 lamblichus.
889 3167 892 3173 ,

371 3221 402 3278 b.
431 3221 513 3277 Clem.
533 3221 627 3276 Sirom.
647 3221 717 3286 114,
728 3239 753 3290 p.
763 3223 815 3276 352
826 3221 854 3276 P.
891 3219 1101 3290 Πυθαγόρας-
1114 3221 1265 3292 -Σάμιος,
1284 3223 1321 3282 ὥς
1337 3239 1421 3291 φησιν

297 3309 461 3379 demoror,
482 3311 518 3368 οἷς
536 3305 562 3359 d’
572 3308 751 3379 Ἀριστόξενος
770 3308 801 3360 ἐν
818 3313 856 3380 τῷ
870 3303 1036 3378 Πυθαγόρου
1053 3313 1101 3381 βίῳ
1124 3311 1170 3361 καὶ
1184 3306 1355 3382 Ἀρίσταρχος
1374 3313 1421 3364 καὶ

302 3397 476 3470 Θεόπομπος,
496 3395 630 3468 ’Τυῤῥηνός
648 3389 689 3468 ἦν,
709 3393 744 3466 οἷς
764 3397 796 3451 δὲ
815 3397 945 3462 Νεάνθης,
964 3395 1202 3468 ΣόρωςῆΤύριος.
1238 3402 1277 3454 De
1295 3401 1420 3456 Neauthe

299 3489 436 3559 Cyziceno,
456 3488 531 3544 cuius
545 3503 639 3540 nomen
649 3504 694 3556 pro
708 3488 836 3542 Cleanthe
846 3487 1036 3542 restituendum
1046 3505 1087 3557 ap.
1099 3487 1223 3558 Porphyr.
1235 3489 1290 3542 Vit.
1302 3489 1382 3560 Pyth.
1394 3491 1420 3555 1,

300 3594 325 3632 r.
340 3576 401 3631 (iar.
419 3576 539 3640 Mueller,
558 3575 685 3630 EHGIII
699 3577 795 3630 2-11.
832 3577 860 3630 Is
877 3577 963 3646 igitur
981 3576 1165 3631 vocabulorum
1185 3577 1357 3631 similitudine
1376 3577 1421 3631 de·

302 3666 395 3734 ceptus
413 3664 598 3718 Mnesarchum
617 3663 722 3732 Syrium
740 3666 781 3718 vel
796 3665 904 3734 Tyrium
927 3668 1074 3720 vocaverat.
1111 3665 1232 3718 Insulam
1253 3664 1347 3734 Syrum
1366 3665 1420 3720 dici

299 3753 381 3824 putat
399 3751 493 3806 Ritter.
530 3751 661 3806 Proarum
680 3736 848 3822 Pythagorae
867 3754 1014 3822 Hippasum
1037 3753 1163 3807 Phliunte
1183 3753 1290 3806 Samum
1313 3756 1422 3808 commi·

300 3855 391 3910 grasse
409 3841 526 3894 testatur
543 3839 630 3910 Lycus
649 3857 691 3910 ap.
710 3841 806 3910 Porph.
826 3841 851 3896 5.
870 3841 949 3896 Pans.
969 3841 995 3895 11
1015 3843 1056 3906 13,
1076 3843 1100 3895 1.
1121 3843 1146 3895 2.
1166 3842 1243 3910 Diog.
1254 3842 1320 3898 VIII
1335 3845 1365 3913 13
1384 3843 1418 3897 cf.

298 3928 425 3998 Porphyr.
444 3929 461 3984 2
479 3929 507 3982 et
526 3929 568 3983 10.
606 3927 698 3984 Gentis
717 3929 801 3998 igitur
819 3930 966 3998 Tyrrhenae
984 3929 1156 3999 Pelasgorum
1176 3930 1243 3996 fuit,
1263 3931 1326 3985 clim
1345 3931 1421 3985 Phli-

299 4016 372 4072 asiae
390 4019 448 4071 tum
466 4015 583 4084 Samiam
602 4017 634 4072 cf.
655 4017 686 4071 0.
705 4017 822 4080 Mueller,
841 4017 936 4074 Gesch.
956 4019 982 4072 ci.
1002 4019 1096 4075 hellen.
1115 4018 1154 4074 St.
1172 4037 1199 4074 α.
1218 4019 1256 4074 St.
1275 4020 1304 4074 11
1313 4021 1339 4086 b,
1357 4022 1419 4075 393.

368 4176 459 4262 Diog.
483 4175 559 4243 VHI
582 4187 612 4244 2.
656 4170 825 4245 ’'Haovce²
846 4184 903 4261 μὲν
924 4215 966 4226 -
983 4177 1182 4266 Φερεκύδουὶ)
1205 4189 1261 4246 τοῦ
1283 4184 1419 4266 Συρίου·
1469 4205 1504 4244 aa
1550 4175 1551 4184 ¹

298 4283 376 4368 μετὰ
408 4285 443 4351 δὲ
464 4277 520 4369 τὴν
543 4287 655 4351 ἐκείνου
678 4279 820 4370 τελευτὴν
842 4275 910 4370 ἧκεν
939 4291 981 4362 εἷς
1002 4285 1109 4370 Σάμον
1131 4291 1180 4354 καὶ
1202 4285 1328 4373 ἤκουσεν
1350 4280 1421 4373 Ἑρ

297 4389 522 4476 μοδάμαντοςο
544 4398 600 4458 τοῦ
620 4386 771 4479 άπογόνου
793 4387 993 4480 Κρεωφύλου,
1016 4391 1075 4480 ἤδη
1098 4397 1313 4482 πρεσβυτέρου.
