3148 4984
675 340 804 393 Plotinus.
1249 334 1301 395 ὁδί

182 504 270 567 αὐτό,
293 505 308 556 ό
333 503 364 557 δὲ
389 507 536 575 παραρρεῖ’
565 529 599 538 -
628 499 697 554 ὥστε
716 502 805 568 ὀρθῶς
829 501 903 570 ἔχειν
920 504 966 552 καὶ
985 500 1108 552 ἐνταῦθα
1126 502 1215 568 λέγειν
1233 500 1302 559 ὡςὸ

182 593 233 664 ἀὴρ
251 593 281 646 ἐν
299 595 336 660 τῷ
355 595 427 662 φωτὶ
445 595 513 662 ἤπερ
532 592 564 642 τὸ
583 599 641 660 ηως
659 591 688 642 ἐν
707 591 744 658 τῷ
763 591 830 663 ἀέρι.

252 693 279 735 ο.
298 680 368 733 Vera
394 680 478 748 igitur
506 677 657 731 substantia
684 676 797 730 hominis
824 679 867 730 est
894 676 980 729 anima
1008 675 1125 746 superior
1151 673 1206 741 illa,
1234 691 1300 744 quaa
1328 673 1405 768 gip:

181 769 272 822 mundi
294 769 471 837 intelligibilis
494 784 555 838 pars
580 769 622 820 est
639 782 670 820 ex
694 782 775 835 eoque
794 764 918 819 oriunda:
942 771 986 818 ΒΡ
1004 764 1095 830 olea
1122 763 1189 817 Enn.
1207 763 1221 816 Ι
1240 765 1264 830 1,
1284 765 1299 817 7
1357 739 1371 778 ¹²
1394 740 1408 768 ¹

181 861 259 931 ἡμεῖς
278 859 308 912 δὲ
328 861 360 912 τὸ
379 859 506 912 ἐντεῦθεν
523 858 592 922 (ἀπὸ
606 866 660 908 τῶν
674 855 788 922 νοητῶν)
808 859 864 920 ἀνω
878 855 1054 926 ἐφεστηκότες
1072 857 1110 922 τῷ
1129 849 1198 922 ζῴῳ·
1218 881 1251 891 -
1270 855 1303 906 τὸ

182 947 213 1000 δὲ
232 948 358 1001 ἐντεῦθεν
377 949 392 1000 ό
411 951 558 1019 ἅνθρωπος
577 947 592 998 ὁ
611 945 713 1012 ἀληθὴς
732 943 846 1014 σχεδόν·
874 946 962 998 ίαείνα
987 944 1019 997 δὲ
1038 944 1070 996 τὸ
1092 943 1239 1004 λεοντῶδες
1256 946 1302 996 καὶ

181 1038 213 1088 τὸ
232 1039 358 1090 ποικίλον
377 1037 444 1096 δλως
462 1039 561 1108 θηρίον
579 1033 659 1099 (Plat.
677 1033 743 1103 Rap.
761 1033 801 1086 IX
818 1031 923 1098 5880);
942 1031 1008 1086 adde
1025 1031 1053 1084 II
1068 1033 1092 1098 l,
1110 1029 1141 1096 53
1160 1030 1198 1083 IV
1218 1030 1301 1096 7,12;

180 1123 217 1176 VI
236 1124 296 1190 7,5
322 1127 355 1178 ού
379 1126 433 1196 γὰρ
457 1125 599 1186 ἐξίσταται
623 1133 674 1178 τοῦ
697 1131 798 1190 νοητοῦ
815 1123 843 1188 (ἡ
860 1125 989 1194 θειοτέρα
1008 1121 1103 1193 ψυχιῂ,
1129 1121 1197 1173 ἀλλά
1217 1136 1301 1174 συνα-

181 1217 293 1285 ραμένη
312 1207 371 1266 οἷον
389 1215 591 1286 ἐκκρεμαμένην
616 1212 673 1282 ἔχει
691 1213 740 1278 τὴν
757 1213 831 1264 κιίτω
854 1210 979 1277 (animam
996 1210 1152 1276 inferiorem,
1171 1225 1230 1262 oum
1248 1225 1302 1262 oor-

180 1318 241 1370 poro
254 1301 374 1366 mixtam)
394 1305 559 1374 συμμίξασα
573 1301 673 1366 ἑαυτὴν
691 1302 763 1369 λόγῳ
783 1301 851 1372 πρὸς
869 1300 959 1368 λόγον.
986 1297 1111 1368 Sequitur
1129 1301 1161 1351 ut
1179 1314 1301 1352 sensuum

180 1391 357 1460 pereeptiones
376 1392 404 1443 ot
422 1389 502 1444 animi
521 1389 733 1460 perturbationes
758 1405 809 1442 non
828 1389 978 1458 pertineant
1003 1388 1037 1441 ad
1055 1403 1144 1440 verum
1162 1387 1301 1452 hominem,

181 1479 226 1532 sed
249 1479 283 1531 ad
301 1495 394 1548 eorpus
419 1479 460 1532 vel
482 1479 594 1532 mixtum
618 1478 736 1549 illudar
755 1478 842 1531 anima
860 1480 889 1530 et
906 1493 1024 1546 corpore:
1052 1475 1119 1530 Eun.
1137 1476 1151 1529 I
1170 1477 1194 1542 1,
1215 1477 1245 1542 ⁷3
1263 1476 1302 1528 IV

179 1567 205 1633 4,
225 1567 259 1620 18
281 1571 328 1622 καὶ
351 1570 383 1621 τὸ
402 1570 497 1637 ἀλγεῖν
520 1572 566 1622 καὶ
592 1570 623 1620 τό
641 1568 762 1634 ἥδεσθαι
780 1567 813 1620 δὲ
827 1568 887 1626 ,τὰς
905 1576 954 1620 τοῦ
973 1568 1101 1638 σώματος
1118 1565 1221 1632 ἠδονὰς
1239 1567 1302 1638 περὶ

180 1658 212 1710 τὸ
226 1656 336 1710 τοιόνδε
350 1659 433 1728 σῶμό
446 1659 534 1711 ἐστιν·
554 1658 622 1728 ἡμῖν
640 1655 672 1710 δὲ
690 1659 707 1722 ἡ
725 1657 827 1708 τούτου
846 1655 974 1724 ἀλγηδὼν
990 1659 1037 1708 καὶ
1056 1657 1072 1721 ἡ
1090 1656 1203 1720 τοιαύτη
1217 1653 1302 1720 ἡδονὴ

180 1749 218 1806 είς
235 1756 339 1814 γνῶσιν
357 1747 456 1813 ἀπαθῆ
474 1746 588 1818 ἔρχεται.
608 1748 678 1813 λέγω
693 1744 723 1798 δὲ
738 1747 806 1815 ἡμῖν
824 1771 858 1780 -
877 1745 947 1796 κατὰ
967 1745 998 1796 τὸ
1016 1745 1116 1814 κύριον.
1153 1741 1300 1812 Ib.6‚1sq.

179 1833 276 1887 Eodem
299 1834 435 1903 pertinent
457 1833 571 1886 virtutos
597 1836 627 1885 αἱ
649 1833 690 1905 μὴ
709 1834 841 1903 φρονήσει
866 1831 893 1898 (i.
912 1849 934 1884 e.
954 1831 1080 1896 morales,
1105 1831 1137 1884 of.
1157 1835 1200 1882 BP
1219 1831 1301 1895 5210)

179 1921 293 1992 itemque
311 1922 377 1975 vitia
395 1924 423 1975 et
441 1923 547 1992 peecata
564 1923 607 1987 (αἱ
624 1921 736 1985 κακίαι),
756 1921 851 1990 quibus
870 1923 898 1972 et
915 1919 981 1988 ipsis
999 1919 1086 1973 anima
1104 1935 1155 1971 non
1175 1918 1300 1987 superior,

181 2009 226 2062 sed
244 2009 350 2064 inferior
368 2009 499 2063 duntaxat
517 2008 640 2074 affinitur,
659 2008 691 2062 of.
709 2008 776 2061 Enn.
795 2008 848 2074 11,
863 2008 912 2072 113
932 2007 966 2060 12
986 2004 1048 2060 ἀλλ’
1066 2011 1091 2061 εί
1109 2009 1301 2080 ἀναμάρτητος

179 2102 196 2166 ἡ
215 2101 299 2169 ψυχή,
319 2109 377 2159 πῶς
396 2101 426 2152 αἱ
444 2099 534 2164 δίκαις
554 2100 622 2151 ἀλλὰ
641 2099 696 2168 γὰρ
715 2091 794 2158 οὗτος
808 2101 824 2150 ὁ
837 2099 919 2166 λόγος
938 2098 1104 2169 ἀσυμφωνεῖ
1121 2100 1206 2149 παντὶ
1220 2097 1300 2165 λόγῳ,

180 2189 209 2249 ὃς
233 2206 319 2260 φησιν
344 2189 429 2254 αὐτὴν
452 2191 498 2241 καὶ
524 2189 694 2260 ἁμαρτάνειν
711 2187 766 2239 καί
783 2191 941 2256 κατορθοῦν
958 2189 1005 2238 καὶ
1024 2185 1138 2238 διδόναι
1156 2184 1236 2245 δίκας
1254 2190 1300 2238 καὶ

179 2277 209 2330 ἰν
227 2271 299 2346 ᾅδου
317 2280 363 2330 καὶ
380 2281 674 2349 μετενσωματοῦσθαι.
712 2278 883 2348 προσθετέον
904 2275 957 2345 μὲν
977 2270 1025 2325 ούν
1044 2273 1097 2342 ὅτῳ
1116 2293 1156 2334 τις
1173 2275 1301 2340 βούλεται

179 2367 264 2435 λόγῳ·
298 2368 370 2436 τύχα
399 2361 429 2418 δ’
447 2368 482 2417 ἁν
507 2384 547 2425 τις
572 2365 675 2435 ἐξεύροι
699 2367 746 2416 καὶ
765 2363 819 2436 ὅπη
837 2363 877 2434 μὴ
893 2372 1059 2435 μαχοῦνται.
1094 2363 1179 2434 ὁμὲν
1197 2363 1250 2434 γὰρ
1269 2364 1301 2415 τὸ

180 2455 375 2528 ἀναμάρτητον
399 2454 497 2513 διδοὺς
520 2456 552 2526 τῇ
572 2457 648 2526 ψυχῇ
673 2455 755 2521 λόγος
773 2451 802 2505 ἓν
822 2453 929 2505 ἁπλοῦν
947 2454 1037 2523 πάντη
1056 2452 1164 2504 ἐτίθετο
1182 2453 1214 2504 τὸ
1233 2453 1301 2506 αὐτὸ

180 2543 273 2612 ψυχὴν
296 2547 342 2596 καὶ
368 2545 399 2596 τὸ
424 2545 501 2614 ψυχῇ
519 2542 591 2596 εἶναι
609 2545 703 2610 λέγων,
729 2537 791 2594 ὁδ’
811 2543 945 2614 ἁμαρτεῖν
963 2540 1061 2600 διδοὺς
1080 2543 1230 2612 συμπλέκει
1246 2541 1301 2613 μὲν

179 2635 225 2684 καὶ
251 2636 438 2702 προστίθησιν
462 2632 531 2702 αὐτῇ
558 2635 605 2684 καὶ
631 2632 696 2683 ἀλλο
721 2638 812 2700 ψυχῆς
837 2629 911 2689 εἶδος
930 2630 961 2681 τὸ
980 2630 1013 2682 τά
1033 2629 1111 2682 δεινά
1130 2630 1195 2699 ἕχον
1214 2632 1299 2696 πάθη.

179 2718 277 2773 Contra
294 2736 355 2772 vera
373 2720 458 2772 virtus
476 2735 528 2772 non
547 2719 664 2771 cernitur
688 2718 741 2771 nisi
758 2718 787 2772 in
806 2733 866 2770 vera
883 2717 996 2770 hominis
1015 2717 1177 2770 substantia:
1202 2716 1267 2770 Enn.
1286 2717 1300 2770 I

178 2807 204 2873 4,
224 2809 259 2861 14
287 2811 319 2862 τὸ
347 2809 379 2862 δὲ
407 2809 447 2882 μὴ
476 2809 689 2881 συναμφότερον
715 2807 786 2860 εἶναι
811 2809 859 2859 τόν
878 2811 1029 2878 ἄνθρωπον
1046 2810 1092 2859 καὶ
1110 2809 1233 2878 μα’λιστα
1252 2809 1301 2860 τὸν

180 2897 339 2951 σπουδαῖον
355 2903 492 2970 μαρτυρεῖ
508 2900 585 2949 καὶὸ
599 2898 743 2970 χωρισμὸς
762 2899 777 2948 ὁ
796 2897 853 2948 ἀπὸ
871 2905 922 2948 τοῦ
940 2897 1068 2967 σώματος
1086 2898 1132 2948 καὶ
1150 2897 1166 2961 ἦ
1185 2903 1240 2947 τῶν
1257 2898 1299 2949 λε-

178 2990 305 3055 γομένων
324 2987 441 3055 ἀγαθῶν
459 2995 510 3038 τοῦ
524 2987 652 3056 σώματος
669 2986 881 3058 καταφρόνησις,
900 2999 961 3036 nam
977 2999 1038 3036 vera
1051 2983 1138 3036 anima
1156 2984 1209 3036 sive
1223 3000 1300 3036 verus

178 3073 254 3127 horno
273 3090 289 3126 a
306 3090 412 3143 corporo
431 3073 543 3126 solvitur
567 3075 615 3126 aut
633 3075 717 3126 morte
741 3075 789 3126 aut
807 3071 1023 3141 philosophando,
1042 3071 1074 3125 of.
1093 3072 1219 3142 Porphyr.
1239 3072 1300 3126 San·

179 3165 245 3216 tent.
269 3163 285 3216 9
305 3166 321 3215 ὁ
344 3172 414 3232 γοῦν
432 3165 554 3222 θοίνατος
572 3162 689 3222 διπλοῦς
706 3165 761 3215 κτλ.
797 3160 916 3229 Denique
935 3161 1018 3214 omnis
1036 3160 1116 3214 huius
1134 3162 1204 3214 vitae
1222 3161 1300 3216 afflio·

178 3251 246 3304 tatio
271 3267 410 3320 omnesque
434 3268 521 3304 rerum
546 3250 740 3304 vicissitudines
764 3267 816 3303 non
840 3249 975 3318 portinent
999 3249 1050 3303 nisi
1069 3250 1102 3302 ad
1121 3241 1179 3304 oum
1198 3251 1243 3320 qui
1261 3252 1299 3305 in·

178 3339 315 3393 ferioribus
339 3339 393 3393 illis
418 3343 497 3410 atquo
516 3341 631 3393 externis
650 3340 758 3392 nimium
778 3339 888 3392 tribuit:
913 3337 980 3392 Enn.
999 3338 1083 3405 1112,
1104 3339 1137 3392 15
1156 3339 1249 3411 ὥσπερ
1267 3342 1299 3396 δὲ

179 3430 224 3482 ἐπὶ
244 3439 298 3481 τῶν
316 3432 440 3500 θεότρων
459 3436 519 3490 ταῖς
539 3436 657 3496 σκηναῖς,
684 3430 756 3482 οὕτω
770 3430 825 3500 χρὴ
842 3432 888 3481 καὶ
908 3429 972 3488 τοὺς
990 3430 1093 3499 φόνους
1112 3434 1235 3482 θεᾶσθαι
1252 3433 1299 3482 καὶ

179 3521 285 3579 πάντας
308 3521 450 3578 θανὰτους
473 3522 519 3572 καὶ
539 3520 644 3572 πόλεων
672 3521 785 3578 ἁλώσεις
803 3522 849 3572 καὶ
869 3520 1004 3592 ἁρπαγάς,
1023 3521 1188 3590 μεταθέσεις
1206 3521 1299 3572 πάντα

178 3609 224 3659 καὶ
241 3611 496 3678 μετασχηματίσας
513 3611 560 3660 καὶ
578 3609 688 3677 θρήνων
705 3611 752 3660 καὶ
771 3591 900 3679 οἰμωγῶν
920 3609 1089 3678 ὑποκρίσεις
1120 3611 1166 3660 καὶ
1185 3609 1238 3678 γὰρ
1256 3608 1299 3662 ἰν-

179 3699 270 3748 ταῦθα
295 3696 342 3748 uo
361 3705 415 3748 τῶν
433 3696 462 3749 ἐν
481 3698 518 3764 τῳ
538 3699 588 3764 βίῳ
612 3695 734 3748 ἑκάστων
759 3697 810 3765 οὐχ
829 3697 845 3761 ἡ
864 3695 946 3748 ἔνδον
965 3697 1048 3766 ψυχή,
1069 3692 1130 3748 ἀλλ’
1148 3697 1164 3762 ἡ
1182 3695 1232 3757 ἔξω
1251 3697 1299 3748 ἀν-

178 3785 295 3856 θρώπου
322 3785 385 3837 σκιὰ
412 3787 459 3837 καὶ
487 3786 595 3856 οἰμώζει
622 3788 668 3836 καὶ
693 3785 822 3858 ὀδύρεται
846 3787 892 3836 καὶ
912 3786 1004 3836 πάντα
1029 3790 1105 3838 ποιεῖ
1121 3785 1151 3837 ἰν
1170 3788 1253 3858 σκηνῇ
1267 3789 1299 3859 τῇ

180 3871 226 3943 erp
245 3875 280 3945 γῇ
299 3875 442 3944 πολλαχοῦ
460 3874 560 3939 σκηνὰς
574 3877 777 3944 ποιησαμένων.
806 3881 921 3926 τοιαῦτα
940 3873 994 3945 γάρ
1013 3873 1079 3944 ἔργα
1099 3875 1250 3944 ἀνθρώπου
1264 3875 1298 3926 τὰ

178 3962 251 4012 κτίτω
268 3961 367 4014 καὶτὰ
387 3962 438 4022 ἔξω
455 3963 530 4033 μόνα
555 3963 599 4028 ζῆν
618 3961 725 4022 εἰδότος
743 3965 789 4014 καὶ
808 3963 838 4015 ἓν
857 3961 989 4036 δακρύοις
1006 3965 1052 4014 καὶ
1072 3961 1237 4022 σπουδαίοις
1255 3963 1298 4015 ὅτι

178 4051 283 4110 παίζων
309 4051 385 4104 ἐστὶν
412 4052 581 4119 ἠγνοηκότος.
613 4052 691 4122 μόνῳ
719 4053 773 4123 γάρ
801 4053 839 4119 τῷ
868 4050 1015 4119 σπουδαίῳ
1043 4049 1238 4104 σπουδαστέον
1269 4052 1299 4104 ἐν

179 4139 345 4200 σπουδαίοις
369 4145 426 4199 τοῖς
451 4140 552 4209 ἔργοις,
582 4135 645 4192 ὁδ’
664 4141 745 4208 ἄλλος
771 4143 919 4210 ἅνθρωπος
942 4144 1082 4208 παίγνιον.
1119 4137 1156 4192 Cf.
1176 4154 1242 4208 quae
1267 4137 1298 4191 de

178 4243 238 4280 vera
257 4226 382 4281 felicitate
401 4227 572 4297 disputantur
589 4227 603 4280 1
621 4229 646 4295 4,
667 4229 763 4282 1-10.

96 4348 170 4390 om
247 4333 367 4398 Ennl
399 4343 434 4412 2,
458 4342 487 4400 3.
532 4333 651 4419 Λόγων
679 4335 718 4422 δὴ
749 4333 933 4400 δΠλύτων
962 4336 1019 4421 τὴν
1053 4329 1208 4417 ὁμοίωσιν
1228 4335 1298 4422 1τὴν
1325 4343 1430 4386 virtutum

181 4439 265 4524 πρὸς
294 4441 350 4506 τὸν
380 4441 459 4506 θεὸν
480 4441 582 4528 φυγὴν
611 4453 676 4506 τῶν
698 4439 845 4506 ἐντεῦθεν
867 4432 968 4506 εἶναιει
991 4439 1047 4505 καὶ
1070 4443 1145 4518 ταῖς
1168 4439 1299 4527 ἀρεταῖς
1339 4409 1419 4448 aenon
