<?xml version="1.0" encoding="UTF-8"?>
<!DOCTYPE html PUBLIC "-//W3C//DTD XHTML 1.0 Transitional//EN"
    "http://www.w3.org/TR/xhtml1/DTD/xhtml1-transitional.dtd">
<html xmlns="http://www.w3.org/1999/xhtml" xml:lang="en" lang="en">
 <head>
  <title>
</title>
<meta http-equiv="Content-Type" content="text/html;charset=utf-8" />
  <meta name='ocr-system' content='tesseract 3.04.00' />
  <meta name='ocr-capabilities' content='ocr_page ocr_carea ocr_par ocr_line ocrx_word'/>
</head>
<body>
  <div class='ocr_page' id='page_1' title='image "./historiaphiloso00rittgoog_0345.png"; bbox 0 0 3156 4988; ppageno 0'>
   <div class='ocr_carea' id='block_1_1' title="bbox 650 362 1271 432">
    <p class='ocr_par' dir='ltr' id='par_1_1' title="bbox 650 362 1271 432">
     <span class='ocr_line' id='line_1_1' title="bbox 650 362 1271 432; baseline 0.01 -15"><span class='ocrx_word' id='word_1_1' title='bbox 650 364 769 432; x_wconf 78' lang='lat' dir='ltr'><strong>Physica.</strong></span> <span class='ocrx_word' id='word_1_2' title='bbox 1219 362 1271 423; x_wconf 80' lang='grc'><strong><em>337</em></strong></span> 
     </span>
    </p>
   </div>
   <div class='ocr_carea' id='block_1_2' title="bbox 150 521 1290 1485">
    <p class='ocr_par' dir='ltr' id='par_1_2' title="bbox 150 521 1290 1485">
     <span class='ocr_line' id='line_1_2' title="bbox 152 521 1271 598; baseline 0 -20"><span class='ocrx_word' id='word_1_3' title='bbox 152 525 222 578; x_wconf 78' lang='grc' dir='ltr'><strong><em>εἶναι</em></strong></span> <span class='ocrx_word' id='word_1_4' title='bbox 242 526 276 577; x_wconf 84' lang='grc' dir='ltr'><strong><em>τά</em></strong></span> <span class='ocrx_word' id='word_1_5' title='bbox 296 529 450 596; x_wconf 81' lang='grc' dir='ltr'><strong><em>σπέρματα,</em></strong></span> <span class='ocrx_word' id='word_1_6' title='bbox 471 526 502 577; x_wconf 89' lang='grc' dir='ltr'><strong><em>τὸ</em></strong></span> <span class='ocrx_word' id='word_1_7' title='bbox 520 526 692 597; x_wconf 85' lang='grc' dir='ltr'><strong><em>καλούμενον</em></strong></span> <span class='ocrx_word' id='word_1_8' title='bbox 709 527 822 596; x_wconf 72' lang='grc' dir='ltr'><strong><em>θερμόν.</em></strong></span> <span class='ocrx_word' id='word_1_9' title='bbox 861 534 942 578; x_wconf 86' lang='grc' dir='ltr'><strong><em>τοῦτο</em></strong></span> <span class='ocrx_word' id='word_1_10' title='bbox 958 521 987 578; x_wconf 84' lang='grc' dir='ltr'><strong><em>δ’</em></strong></span> <span class='ocrx_word' id='word_1_11' title='bbox 1005 526 1037 577; x_wconf 83' lang='grc' dir='ltr'><strong><em>οὐ</em></strong></span> <span class='ocrx_word' id='word_1_12' title='bbox 1056 535 1112 598; x_wconf 82' lang='grc' dir='ltr'><strong><em>πῦρ</em></strong></span> <span class='ocrx_word' id='word_1_13' title='bbox 1131 525 1196 580; x_wconf 83' lang='grc' dir='ltr'><strong><em>οὐδὲ</em></strong></span> <span class='ocrx_word' id='word_1_14' title='bbox 1215 547 1271 579; x_wconf 88' lang='grc' dir='ltr'><strong><em>τοι·</em></strong></span> 
     </span>
     <span class='ocr_line' id='line_1_3' title="bbox 154 615 1272 688; baseline 0.002 -22"><span class='ocrx_word' id='word_1_15' title='bbox 154 616 222 680; x_wconf 84' lang='grc' dir='ltr'><strong><em>αύτη</em></strong></span> <span class='ocrx_word' id='word_1_16' title='bbox 242 615 363 686; x_wconf 87' lang='grc' dir='ltr'><strong><em>δύναμίς</em></strong></span> <span class='ocrx_word' id='word_1_17' title='bbox 381 615 464 680; x_wconf 75' lang='grc' dir='ltr'><strong><em>ἐστιν,</em></strong></span> <span class='ocrx_word' id='word_1_18' title='bbox 491 615 560 666; x_wconf 82' lang='grc' dir='ltr'><strong><em>ἀλλὰ</em></strong></span> <span class='ocrx_word' id='word_1_19' title='bbox 580 616 611 668; x_wconf 88' lang='grc' dir='ltr'><strong><em>τὸ</em></strong></span> <span class='ocrx_word' id='word_1_20' title='bbox 630 615 944 687; x_wconf 78' lang='grc' dir='ltr'><strong><em>ἐμπεριλαμβανόμενον</em></strong></span> <span class='ocrx_word' id='word_1_21' title='bbox 962 615 992 668; x_wconf 72' lang='grc' dir='ltr'><strong><em>ἐν</em></strong></span> <span class='ocrx_word' id='word_1_22' title='bbox 1011 617 1047 682; x_wconf 74' lang='grc' dir='ltr'><strong><em>τῷ</em></strong></span> <span class='ocrx_word' id='word_1_23' title='bbox 1067 619 1208 688; x_wconf 77' lang='grc' dir='ltr'><strong><em>σπέρματι</em></strong></span> <span class='ocrx_word' id='word_1_24' title='bbox 1225 620 1272 668; x_wconf 81' lang='grc' dir='ltr'><strong><em>καὶ</em></strong></span> 
     </span>
     <span class='ocr_line' id='line_1_4' title="bbox 151 699 1272 776; baseline -0.001 -19"><span class='ocrx_word' id='word_1_25' title='bbox 151 705 182 757; x_wconf 72' lang='grc' dir='ltr'><strong><em>ἐν</em></strong></span> <span class='ocrx_word' id='word_1_26' title='bbox 200 706 238 770; x_wconf 79' lang='grc' dir='ltr'><strong><em>τῷ</em></strong></span> <span class='ocrx_word' id='word_1_27' title='bbox 257 703 380 776; x_wconf 84' lang='grc' dir='ltr'><strong><em>ἀφρώδει</em></strong></span> <span class='ocrx_word' id='word_1_28' title='bbox 400 711 510 774; x_wconf 81' lang='grc' dir='ltr'><strong><em>πνεῦμα</em></strong></span> <span class='ocrx_word' id='word_1_29' title='bbox 529 706 576 754; x_wconf 84' lang='grc' dir='ltr'><strong><em>καὶ</em></strong></span> <span class='ocrx_word' id='word_1_30' title='bbox 594 704 610 767; x_wconf 82' lang='grc' dir='ltr'><em>ἡ</em></span> <span class='ocrx_word' id='word_1_31' title='bbox 628 703 658 754; x_wconf 74' lang='grc' dir='ltr'><strong><em>ἒν</em></strong></span> <span class='ocrx_word' id='word_1_32' title='bbox 677 705 715 772; x_wconf 79' lang='grc' dir='ltr'><strong><em>τῷ</em></strong></span> <span class='ocrx_word' id='word_1_33' title='bbox 734 703 873 773; x_wconf 89' lang='grc' dir='ltr'><strong><em>πνεύματι</em></strong></span> <span class='ocrx_word' id='word_1_34' title='bbox 893 705 977 772; x_wconf 81' lang='grc' dir='ltr'><em>φύσις</em></span> <span class='ocrx_word' id='word_1_35' title='bbox 992 705 1131 770; x_wconf 80' lang='grc' dir='ltr'><strong><em>ἀνάλογον</em></strong></span> <span class='ocrx_word' id='word_1_36' title='bbox 1150 699 1219 756; x_wconf 85' lang='grc' dir='ltr'><strong><em>οὖσα</em></strong></span> <span class='ocrx_word' id='word_1_37' title='bbox 1235 706 1272 772; x_wconf 81' lang='grc' dir='ltr'><strong><em>τῷ</em></strong></span> 
     </span>
     <span class='ocr_line' id='line_1_5' title="bbox 152 789 1272 864; baseline 0 -20"><span class='ocrx_word' id='word_1_38' title='bbox 152 803 207 844; x_wconf 85' lang='grc' dir='ltr'><strong><em>τῶν</em></strong></span> <span class='ocrx_word' id='word_1_39' title='bbox 226 795 334 864; x_wconf 84' lang='grc' dir='ltr'><strong><em>ἀστρων</em></strong></span> <span class='ocrx_word' id='word_1_40' title='bbox 353 797 486 861; x_wconf 82' lang='grc' dir='ltr'><strong><em>στοιχείῳ,</em></strong></span> <span class='ocrx_word' id='word_1_41' title='bbox 507 790 539 844; x_wconf 81' lang='lat' dir='ltr'><strong><em>cf.</em></strong></span> <span class='ocrx_word' id='word_1_42' title='bbox 557 790 692 844; x_wconf 71' lang='lat' dir='ltr'><strong>121³331f.</strong></span> <span class='ocrx_word' id='word_1_43' title='bbox 721 789 802 843; x_wconf 85' lang='lat' dir='ltr'>Cuius</span> <span class='ocrx_word' id='word_1_44' title='bbox 820 789 913 842; x_wconf 86' lang='lat' dir='ltr'>caloris</span> <span class='ocrx_word' id='word_1_45' title='bbox 931 793 963 842; x_wconf 85' lang='lat' dir='ltr'><strong><em>ut</em></strong></span> <span class='ocrx_word' id='word_1_46' title='bbox 981 790 1101 860; x_wconf 83' lang='lat' dir='ltr'>quodque</span> <span class='ocrx_word' id='word_1_47' title='bbox 1120 789 1272 844; x_wconf 78' lang='lat' dir='ltr'>animalium</span> 
     </span>
     <span class='ocr_line' id='line_1_6' title="bbox 151 878 1272 948; baseline 0 -16"><span class='ocrx_word' id='word_1_48' title='bbox 151 897 234 948; x_wconf 81' lang='lat' dir='ltr'>genus</span> <span class='ocrx_word' id='word_1_49' title='bbox 253 882 301 932; x_wconf 80' lang='lat' dir='ltr'><strong><em>aut</em></strong></span> <span class='ocrx_word' id='word_1_50' title='bbox 319 880 443 932; x_wconf 82' lang='lat' dir='ltr'>maiorem</span> <span class='ocrx_word' id='word_1_51' title='bbox 461 882 509 932; x_wconf 81' lang='lat' dir='ltr'><strong><em>aut</em></strong></span> <span class='ocrx_word' id='word_1_52' title='bbox 527 878 653 932; x_wconf 82' lang='lat' dir='ltr'>minorem</span> <span class='ocrx_word' id='word_1_53' title='bbox 676 883 779 948; x_wconf 74' lang='lat' dir='ltr'>partem</span> <span class='ocrx_word' id='word_1_54' title='bbox 798 882 905 932; x_wconf 78' lang='lat' dir='ltr'>nactum</span> <span class='ocrx_word' id='word_1_55' title='bbox 923 883 979 944; x_wconf 82' lang='lat' dir='ltr'><strong>est,</strong></span> <span class='ocrx_word' id='word_1_56' title='bbox 1004 879 1043 931; x_wconf 74' lang='lat' dir='ltr'><strong><em>ita</em></strong></span> <span class='ocrx_word' id='word_1_57' title='bbox 1066 881 1114 931; x_wconf 77' lang='lat' dir='ltr'><strong><em>aut</em></strong></span> <span class='ocrx_word' id='word_1_58' title='bbox 1131 879 1272 948; x_wconf 72' lang='lat' dir='ltr'>perfectius</span> 
     </span>
     <span class='ocr_line' id='line_1_7' title="bbox 150 965 1272 1038; baseline -0.002 -16"><span class='ocrx_word' id='word_1_59' title='bbox 150 971 192 1022; x_wconf 77' lang='lat' dir='ltr'><strong><em>est</em></strong></span> <span class='ocrx_word' id='word_1_60' title='bbox 219 971 267 1021; x_wconf 80' lang='lat' dir='ltr'><strong><em>aut</em></strong></span> <span class='ocrx_word' id='word_1_61' title='bbox 293 969 379 1022; x_wconf 81' lang='lat' dir='ltr'>minus</span> <span class='ocrx_word' id='word_1_62' title='bbox 406 968 562 1038; x_wconf 75' lang='lat' dir='ltr'><strong>perfectum:</strong></span> <span class='ocrx_word' id='word_1_63' title='bbox 594 968 633 1022; x_wconf 82' lang='lat' dir='ltr'><strong><em>De</em></strong></span> <span class='ocrx_word' id='word_1_64' title='bbox 662 965 725 1021; x_wconf 84' lang='lat' dir='ltr'>Gen.</span> <span class='ocrx_word' id='word_1_65' title='bbox 753 966 803 1021; x_wconf 84' lang='lat' dir='ltr'><strong><em>An.</em></strong></span> <span class='ocrx_word' id='word_1_66' title='bbox 831 967 859 1020; x_wconf 90' lang='lat'><strong><em>11</em></strong></span> <span class='ocrx_word' id='word_1_67' title='bbox 882 970 906 1022; x_wconf 90' lang='lat'><strong><em>1.</em></strong></span> <span class='ocrx_word' id='word_1_68' title='bbox 936 967 1006 1020; x_wconf 70' lang='lat'><strong>733²</strong></span> <span class='ocrx_word' id='word_1_69' title='bbox 1026 968 1069 1020; x_wconf 78' lang='grc'><strong><em>32.</em></strong></span> <span class='ocrx_word' id='word_1_70' title='bbox 1090 997 1123 1005; x_wconf 89' lang='grc'><strong>-</strong></span> <span class='ocrx_word' id='word_1_71' title='bbox 1149 966 1272 1021; x_wconf 83' lang='lat' dir='ltr'>Ceterum</span> 
     </span>
     <span class='ocr_line' id='line_1_8' title="bbox 150 1055 1271 1122; baseline -0.002 -12"><span class='ocrx_word' id='word_1_72' title='bbox 150 1061 247 1111; x_wconf 81' lang='lat' dir='ltr'><strong>natura</strong></span> <span class='ocrx_word' id='word_1_73' title='bbox 265 1058 293 1110; x_wconf 88' lang='lat' dir='ltr'><strong><em>in</em></strong></span> <span class='ocrx_word' id='word_1_74' title='bbox 311 1057 487 1110; x_wconf 72' lang='lat' dir='ltr'>creationibus</span> <span class='ocrx_word' id='word_1_75' title='bbox 506 1057 561 1110; x_wconf 82' lang='lat' dir='ltr'>suis</span> <span class='ocrx_word' id='word_1_76' title='bbox 580 1057 707 1111; x_wconf 78' lang='lat' dir='ltr'>continua</span> <span class='ocrx_word' id='word_1_77' title='bbox 725 1057 792 1110; x_wconf 79' lang='lat' dir='ltr'>serio</span> <span class='ocrx_word' id='word_1_78' title='bbox 815 1056 848 1108; x_wconf 85' lang='lat' dir='ltr'><strong><em>ab</em></strong></span> <span class='ocrx_word' id='word_1_79' title='bbox 867 1057 945 1109; x_wconf 78' lang='lat' dir='ltr'>rebus</span> <span class='ocrx_word' id='word_1_80' title='bbox 968 1055 1119 1109; x_wconf 70' lang='lat' dir='ltr'>inanimatis</span> <span class='ocrx_word' id='word_1_81' title='bbox 1137 1055 1271 1122; x_wconf 74' lang='lat' dir='ltr'>gradatim</span> 
     </span>
     <span class='ocr_line' id='line_1_9' title="bbox 151 1143 1290 1214; baseline 0 -16"><span class='ocrx_word' id='word_1_82' title='bbox 151 1145 185 1198; x_wconf 77' lang='lat' dir='ltr'><strong><em>ad</em></strong></span> <span class='ocrx_word' id='word_1_83' title='bbox 216 1145 361 1198; x_wconf 77' lang='lat' dir='ltr'><strong>animantia</strong></span> <span class='ocrx_word' id='word_1_84' title='bbox 400 1148 428 1198; x_wconf 75' lang='lat' dir='ltr'><strong><em>ei</em></strong></span> <span class='ocrx_word' id='word_1_85' title='bbox 465 1145 599 1214; x_wconf 81' lang='lat' dir='ltr'>superiora</span> <span class='ocrx_word' id='word_1_86' title='bbox 636 1145 787 1198; x_wconf 75' lang='lat' dir='ltr'>animalium</span> <span class='ocrx_word' id='word_1_87' title='bbox 818 1160 914 1212; x_wconf 78' lang='lat' dir='ltr'>genera</span> <span class='ocrx_word' id='word_1_88' title='bbox 949 1143 1075 1197; x_wconf 78' lang='lat' dir='ltr'>enititur:</span> <span class='ocrx_word' id='word_1_89' title='bbox 1111 1145 1184 1198; x_wconf 79' lang='lat' dir='ltr'>Part.</span> <span class='ocrx_word' id='word_1_90' title='bbox 1220 1144 1290 1198; x_wconf 91' lang='lat' dir='ltr'><strong>An.·</strong></span> 
     </span>
     <span class='ocr_line' id='line_1_10' title="bbox 151 1233 1272 1306; baseline -0.002 -19"><span class='ocrx_word' id='word_1_91' title='bbox 151 1233 190 1286; x_wconf 87' lang='lat' dir='ltr'><strong><em>IV</em></strong></span> <span class='ocrx_word' id='word_1_92' title='bbox 208 1233 234 1287; x_wconf 83' lang='lat'><strong><em>5.</em></strong></span> <span class='ocrx_word' id='word_1_93' title='bbox 255 1233 327 1287; x_wconf 66' lang='grc' dir='ltr'><strong><em>681ι</em></strong></span> <span class='ocrx_word' id='word_1_94' title='bbox 348 1234 382 1286; x_wconf 79' lang='lat'><strong><em>12</em></strong></span> <span class='ocrx_word' id='word_1_95' title='bbox 399 1237 416 1300; x_wconf 82' lang='grc' dir='ltr'><strong><em>ἡ</em></strong></span> <span class='ocrx_word' id='word_1_96' title='bbox 433 1235 488 1306; x_wconf 84' lang='grc' dir='ltr'><strong><em>γάρ</em></strong></span> <span class='ocrx_word' id='word_1_97' title='bbox 515 1237 600 1306; x_wconf 85' lang='grc' dir='ltr'><strong><em>φύσις</em></strong></span> <span class='ocrx_word' id='word_1_98' title='bbox 623 1239 785 1306; x_wconf 76' lang='grc' dir='ltr'><strong><em>μεταβαίνει</em></strong></span> <span class='ocrx_word' id='word_1_99' title='bbox 809 1244 930 1304; x_wconf 85' lang='grc' dir='ltr'><strong><em>συνεχῶς</em></strong></span> <span class='ocrx_word' id='word_1_100' title='bbox 948 1235 1006 1286; x_wconf 88' lang='grc' dir='ltr'><strong><em>ἀπὸ</em></strong></span> <span class='ocrx_word' id='word_1_101' title='bbox 1023 1245 1078 1286; x_wconf 86' lang='grc' dir='ltr'><strong><em>τῶν</em></strong></span> <span class='ocrx_word' id='word_1_102' title='bbox 1097 1235 1215 1304; x_wconf 76' lang='grc' dir='ltr'><strong><em>ἀψύχων</em></strong></span> <span class='ocrx_word' id='word_1_103' title='bbox 1234 1238 1272 1293; x_wconf 80' lang='grc' dir='ltr'><strong><em>εἰς</em></strong></span> 
     </span>
     <span class='ocr_line' id='line_1_11' title="bbox 152 1318 1272 1395; baseline -0.002 -19"><span class='ocrx_word' id='word_1_104' title='bbox 152 1325 186 1376; x_wconf 88' lang='grc' dir='ltr'><strong><em>τά</em></strong></span> <span class='ocrx_word' id='word_1_105' title='bbox 212 1325 265 1390; x_wconf 78' lang='grc' dir='ltr'><strong><em>ζῷα</em></strong></span> <span class='ocrx_word' id='word_1_106' title='bbox 291 1323 340 1375; x_wconf 91' lang='grc' dir='ltr'><strong><em>διά</em></strong></span> <span class='ocrx_word' id='word_1_107' title='bbox 359 1334 414 1374; x_wconf 85' lang='grc' dir='ltr'><strong><em>τῶν</em></strong></span> <span class='ocrx_word' id='word_1_108' title='bbox 432 1326 537 1384; x_wconf 81' lang='grc' dir='ltr'><strong><em>ζώντων</em></strong></span> <span class='ocrx_word' id='word_1_109' title='bbox 559 1324 613 1395; x_wconf 84' lang='grc' dir='ltr'><strong><em>μὲν</em></strong></span> <span class='ocrx_word' id='word_1_110' title='bbox 632 1325 680 1376; x_wconf 86' lang='grc' dir='ltr'><strong><em>οὐκ</em></strong></span> <span class='ocrx_word' id='word_1_111' title='bbox 699 1322 835 1375; x_wconf 78' lang='grc' dir='ltr'><strong><em>ὄντωνδὲ</em></strong></span> <span class='ocrx_word' id='word_1_112' title='bbox 855 1318 938 1391; x_wconf 81' lang='grc' dir='ltr'><strong><em>ζῴων,</em></strong></span> <span class='ocrx_word' id='word_1_113' title='bbox 969 1324 1053 1383; x_wconf 78' lang='grc' dir='ltr'><strong><em>οὕτως</em></strong></span> <span class='ocrx_word' id='word_1_114' title='bbox 1081 1322 1151 1377; x_wconf 84' lang='grc' dir='ltr'><strong><em>ὥστε</em></strong></span> <span class='ocrx_word' id='word_1_115' title='bbox 1179 1324 1272 1376; x_wconf 86' lang='grc' dir='ltr'><strong><em>δοκεῖν</em></strong></span> 
     </span>
     <span class='ocr_line' id='line_1_12' title="bbox 151 1412 1192 1485; baseline -0.001 -21"><span class='ocrx_word' id='word_1_116' title='bbox 151 1414 276 1484; x_wconf 78' lang='grc' dir='ltr'><strong><em>πάμπαν</em></strong></span> <span class='ocrx_word' id='word_1_117' title='bbox 292 1413 392 1484; x_wconf 85' lang='grc' dir='ltr'><strong><em>μικρὸν</em></strong></span> <span class='ocrx_word' id='word_1_118' title='bbox 411 1412 554 1485; x_wconf 74' lang='grc' dir='ltr'><strong><em>διαφέρειν</em></strong></span> <span class='ocrx_word' id='word_1_119' title='bbox 572 1415 693 1482; x_wconf 76' lang='grc' dir='ltr'><strong><em>θατέρου</em></strong></span> <span class='ocrx_word' id='word_1_120' title='bbox 710 1415 830 1483; x_wconf 69' lang='grc' dir='ltr'><strong><em>θάτερον</em></strong></span> <span class='ocrx_word' id='word_1_121' title='bbox 848 1415 886 1480; x_wconf 84' lang='grc' dir='ltr'><strong><em>τῷ</em></strong></span> <span class='ocrx_word' id='word_1_122' title='bbox 906 1413 1040 1480; x_wconf 87' lang='grc' dir='ltr'><strong><em>σύνεγγυς</em></strong></span> <span class='ocrx_word' id='word_1_123' title='bbox 1059 1413 1192 1478; x_wconf 76' lang='grc' dir='ltr'><strong><em>ἀλλήλοις.</em></strong></span> 
     </span>
    </p>
   </div>
   <div class='ocr_carea' id='block_1_3' title="bbox 37 1635 1422 2259">
    <p class='ocr_par' dir='ltr' id='par_1_3' title="bbox 37 1635 1422 2248">
     <span class='ocr_line' id='line_1_13' title="bbox 62 1635 1422 1742; baseline 0.007 -48"><span class='ocrx_word' id='word_1_124' title='bbox 62 1654 140 1696; x_wconf 72' lang='grc' dir='ltr'><strong><em>τετε</em></strong></span> <span class='ocrx_word' id='word_1_125' title='bbox 219 1642 265 1705; x_wconf 84' lang='lat' dir='ltr'><strong><em>De</em></strong></span> <span class='ocrx_word' id='word_1_126' title='bbox 288 1641 375 1705; x_wconf 79' lang='lat' dir='ltr'>Part.</span> <span class='ocrx_word' id='word_1_127' title='bbox 398 1644 456 1705; x_wconf 86' lang='lat' dir='ltr'><strong><em>An.</em></strong></span> <span class='ocrx_word' id='word_1_128' title='bbox 479 1641 514 1705; x_wconf 90' lang='lat' dir='ltr'><strong>H</strong></span> <span class='ocrx_word' id='word_1_129' title='bbox 539 1649 590 1706; x_wconf 89' lang='lat'><strong><em>10.</em></strong></span> <span class='ocrx_word' id='word_1_130' title='bbox 608 1637 691 1706; x_wconf 79' lang='lat' dir='ltr'><strong><em>655b</em></strong></span> <span class='ocrx_word' id='word_1_131' title='bbox 709 1649 759 1706; x_wconf 77' lang='lat'><strong><em>29.</em></strong></span> <span class='ocrx_word' id='word_1_132' title='bbox 805 1645 897 1706; x_wconf 82' lang='grc' dir='ltr'><strong><em>Πάσι</em></strong></span> <span class='ocrx_word' id='word_1_133' title='bbox 920 1641 981 1727; x_wconf 84' lang='grc' dir='ltr'><strong><em>γὰρ</em></strong></span> <span class='ocrx_word' id='word_1_134' title='bbox 1004 1643 1075 1718; x_wconf 88' lang='grc' dir='ltr'><strong><em>τοῖς</em></strong></span> <span class='ocrx_word' id='word_1_135' title='bbox 1098 1635 1195 1726; x_wconf 72' lang='grc' dir='ltr'><strong><em>ζῴοις</em></strong></span> <span class='ocrx_word' id='word_1_136' title='bbox 1210 1638 1268 1705; x_wconf 85' lang='grc' dir='ltr'><strong><em>καὶ</em></strong></span> <span class='ocrx_word' id='word_1_137' title='bbox 1295 1637 1422 1742; x_wconf 50' lang='lat' dir='ltr'><strong><em>mmm</em></strong></span> 
     </span>
     <span class='ocr_line' id='line_1_14' title="bbox 37 1729 1271 1875; baseline -0.002 -63"><span class='ocrx_word' id='word_1_138' title='bbox 37 1827 41 1835; x_wconf 30' lang='grc' dir='ltr'>Ι</span> <span class='ocrx_word' id='word_1_139' title='bbox 149 1744 302 1824; x_wconf 47' lang='grc' dir='ltr'><strong><em>τελειόιςῧι</em></strong></span> <span class='ocrx_word' id='word_1_140' title='bbox 324 1747 381 1812; x_wconf 88' lang='grc' dir='ltr'><strong><em>δύο</em></strong></span> <span class='ocrx_word' id='word_1_141' title='bbox 412 1747 454 1811; x_wconf 84' lang='grc' dir='ltr'><strong><em>τά</em></strong></span> <span class='ocrx_word' id='word_1_142' title='bbox 482 1745 727 1829; x_wconf 76' lang='grc' dir='ltr'><strong><em>ἀναγκαιότατα</em></strong></span> <span class='ocrx_word' id='word_1_143' title='bbox 756 1743 857 1832; x_wconf 88' lang='grc' dir='ltr'><strong><em>μόριά</em></strong></span> <span class='ocrx_word' id='word_1_144' title='bbox 887 1743 989 1824; x_wconf 77' lang='grc' dir='ltr'><strong><em>ἐστιν,</em></strong></span> <span class='ocrx_word' id='word_1_145' title='bbox 1020 1729 1056 1875; x_wconf 61' lang='grc' dir='ltr'><strong><em>ᾗ1</em></strong></span> <span class='ocrx_word' id='word_1_146' title='bbox 1065 1769 1101 1811; x_wconf 89' lang='grc' dir='ltr'><strong><em>τε</em></strong></span> <span class='ocrx_word' id='word_1_147' title='bbox 1123 1743 1271 1826; x_wconf 88' lang='grc' dir='ltr'><strong><em>δέχονται</em></strong></span> 
     </span>
     <span class='ocr_line' id='line_1_15' title="bbox 149 1836 1270 1984; baseline -0.002 -66"><span class='ocrx_word' id='word_1_148' title='bbox 149 1855 207 1984; x_wconf 73' lang='grc' dir='ltr'><strong><em>τὺγν</em></strong></span> <span class='ocrx_word' id='word_1_149' title='bbox 230 1854 353 1941; x_wconf 78' lang='grc' dir='ltr'><strong><em>τροφὴν</em></strong></span> <span class='ocrx_word' id='word_1_150' title='bbox 375 1851 433 1918; x_wconf 80' lang='grc' dir='ltr'><strong><em>καὶ</em></strong></span> <span class='ocrx_word' id='word_1_151' title='bbox 456 1836 478 1940; x_wconf 78' lang='grc' dir='ltr'><em>ᾗ</em></span> <span class='ocrx_word' id='word_1_152' title='bbox 501 1853 540 1918; x_wconf 86' lang='grc' dir='ltr'><strong><em>τὸ</em></strong></span> <span class='ocrx_word' id='word_1_153' title='bbox 562 1849 755 1939; x_wconf 86' lang='grc' dir='ltr'><strong><em>περίττωμα</em></strong></span> <span class='ocrx_word' id='word_1_154' title='bbox 778 1851 973 1940; x_wconf 79' lang='grc' dir='ltr'><strong><em>ἀφήσουσιν·</em></strong></span> <span class='ocrx_word' id='word_1_155' title='bbox 1019 1849 1091 1916; x_wconf 87' lang='grc' dir='ltr'><strong><em>ούτε</em></strong></span> <span class='ocrx_word' id='word_1_156' title='bbox 1114 1853 1175 1938; x_wconf 90' lang='grc' dir='ltr'><strong><em>γαρ</em></strong></span> <span class='ocrx_word' id='word_1_157' title='bbox 1187 1875 1270 1917; x_wconf 91' lang='grc' dir='ltr'><strong><em>ειναι</em></strong></span> 
     </span>
     <span class='ocr_line' id='line_1_16' title="bbox 150 1954 1270 2052; baseline -0.002 -27"><span class='ocrx_word' id='word_1_158' title='bbox 150 1957 223 2025; x_wconf 89' lang='grc' dir='ltr'><strong><em>ούτε</em></strong></span> <span class='ocrx_word' id='word_1_159' title='bbox 246 1957 447 2038; x_wconf 72' lang='grc' dir='ltr'><strong><em>αὐξάνεσθαι</em></strong></span> <span class='ocrx_word' id='word_1_160' title='bbox 471 1957 679 2040; x_wconf 79' lang='grc' dir='ltr'><strong><em>ἐνδέχεται”</em></strong></span> <span class='ocrx_word' id='word_1_161' title='bbox 656 1981 729 2023; x_wconf 91' lang='grc' dir='ltr'><strong><em>ανευ</em></strong></span> <span class='ocrx_word' id='word_1_162' title='bbox 752 1970 953 2045; x_wconf 72' lang='grc' dir='ltr'><strong><em>τροφῆς-</em></strong></span> <span class='ocrx_word' id='word_1_163' title='bbox 982 1954 1090 2052; x_wconf 90' lang='grc' dir='ltr'><strong><em>τρίτον</em></strong></span> <span class='ocrx_word' id='word_1_164' title='bbox 1113 1956 1150 2020; x_wconf 79' lang='grc' dir='ltr'><strong><em>δὲ</em></strong></span> <span class='ocrx_word' id='word_1_165' title='bbox 1171 1955 1270 2044; x_wconf 81' lang='grc' dir='ltr'><strong><em>μέρος</em></strong></span> 
     </span>
     <span class='ocr_line' id='line_1_17' title="bbox 150 2046 1270 2150; baseline -0.004 -20"><span class='ocrx_word' id='word_1_166' title='bbox 150 2064 184 2130; x_wconf 86' lang='grc' dir='ltr'><strong><em>έν</em></strong></span> <span class='ocrx_word' id='word_1_167' title='bbox 206 2062 310 2130; x_wconf 83' lang='grc' dir='ltr'><strong><em>πᾶσίν</em></strong></span> <span class='ocrx_word' id='word_1_168' title='bbox 337 2060 407 2130; x_wconf 76' lang='grc' dir='ltr'><strong><em>ἐστι</em></strong></span> <span class='ocrx_word' id='word_1_169' title='bbox 438 2066 476 2130; x_wconf 89' lang='grc' dir='ltr'><strong><em>τὸ</em></strong></span> <span class='ocrx_word' id='word_1_170' title='bbox 499 2065 621 2130; x_wconf 88' lang='grc' dir='ltr'><strong><em>τούτιυν</em></strong></span> <span class='ocrx_word' id='word_1_171' title='bbox 649 2063 763 2146; x_wconf 86' lang='grc' dir='ltr'><strong><em>μέσον,</em></strong></span> <span class='ocrx_word' id='word_1_172' title='bbox 794 2062 827 2128; x_wconf 83' lang='grc' dir='ltr'><strong><em>έν</em></strong></span> <span class='ocrx_word' id='word_1_173' title='bbox 851 2088 877 2150; x_wconf 91' lang='grc' dir='ltr'><strong><em>ω</em></strong></span> <span class='ocrx_word' id='word_1_174' title='bbox 864 2046 969 2150; x_wconf 64' lang='grc' dir='ltr'><strong><em>ιγ’</em></strong></span> <span class='ocrx_word' id='word_1_175' title='bbox 948 2063 1028 2150; x_wconf 79' lang='grc' dir='ltr'><strong><em>αρχή</em></strong></span> <span class='ocrx_word' id='word_1_176' title='bbox 1059 2060 1147 2127; x_wconf 77' lang='grc' dir='ltr'><strong><em>ἐστιν</em></strong></span> <span class='ocrx_word' id='word_1_177' title='bbox 1170 2065 1189 2150; x_wconf 73' lang='grc' dir='ltr'><em>ἡ</em></span> <span class='ocrx_word' id='word_1_178' title='bbox 1212 2075 1270 2150; x_wconf 75' lang='grc' dir='ltr'><strong><em>τῆς</em></strong></span> 
     </span>
     <span class='ocr_line' id='line_1_18' title="bbox 150 2170 242 2259; baseline -0.048 -21"><span class='ocrx_word' id='word_1_179' title='bbox 150 2170 242 2259; x_wconf 75' lang='grc' dir='ltr'><strong><em>ζωῆς.</em></strong></span> 
     </span>
    </p>
   </div>
   <div class='ocr_carea' id='block_1_4' title="bbox 2 2343 1418 4535">
    <p class='ocr_par' dir='ltr' id='par_1_4' title="bbox 2 2343 1418 4535">
     <span class='ocr_line' id='line_1_19' title="bbox 62 2343 1267 2434; baseline 0 -22"><span class='ocrx_word' id='word_1_180' title='bbox 62 2361 140 2405; x_wconf 72' lang='lat' dir='ltr'><strong><em>3³⁴ss</em></strong></span> <span class='ocrx_word' id='word_1_181' title='bbox 217 2349 264 2412; x_wconf 79' lang='grc' dir='ltr'><strong><em>Π).</em></strong></span> <span class='ocrx_word' id='word_1_182' title='bbox 287 2349 339 2412; x_wconf 84' lang='lat' dir='ltr'><strong><em>III</em></strong></span> <span class='ocrx_word' id='word_1_183' title='bbox 368 2358 398 2412; x_wconf 91' lang='grc'><strong><em>4.</em></strong></span> <span class='ocrx_word' id='word_1_184' title='bbox 431 2348 513 2414; x_wconf 79' lang='lat' dir='ltr'><strong><em>665b</em></strong></span> <span class='ocrx_word' id='word_1_185' title='bbox 538 2357 566 2414; x_wconf 88' lang='grc'><strong><em>9.</em></strong></span> <span class='ocrx_word' id='word_1_186' title='bbox 619 2345 753 2434; x_wconf 87' lang='grc' dir='ltr'><strong><em>Καρδία</em></strong></span> <span class='ocrx_word' id='word_1_187' title='bbox 786 2345 846 2429; x_wconf 78' lang='grc' dir='ltr'><strong><em>μὲν</em></strong></span> <span class='ocrx_word' id='word_1_188' title='bbox 880 2343 934 2412; x_wconf 84' lang='grc' dir='ltr'><strong><em>οὑν</em></strong></span> <span class='ocrx_word' id='word_1_189' title='bbox 969 2348 1096 2412; x_wconf 73' lang='grc' dir='ltr'><strong><em>ἅπασιν</em></strong></span> <span class='ocrx_word' id='word_1_190' title='bbox 1130 2345 1267 2431; x_wconf 79' lang='grc' dir='ltr'><strong><em>ὑπάρχει</em></strong></span> 
     </span>
     <span class='ocr_line' id='line_1_20' title="bbox 2 2445 1269 2588; baseline -0.002 -69"><span class='ocrx_word' id='word_1_191' title='bbox 2 2485 4 2588; x_wconf 63' lang='grc' dir='ltr'><strong><em>ρ</em></strong></span> <span class='ocrx_word' id='word_1_192' title='bbox 149 2457 220 2531; x_wconf 88' lang='grc' dir='ltr'><strong><em>τοῖς</em></strong></span> <span class='ocrx_word' id='word_1_193' title='bbox 243 2451 405 2536; x_wconf 72' lang='grc' dir='ltr'><strong><em>ἀναίμοις·</em></strong></span> <span class='ocrx_word' id='word_1_194' title='bbox 437 2492 479 2502; x_wconf 89' lang='lat'><em>-</em></span> <span class='ocrx_word' id='word_1_195' title='bbox 509 2445 593 2536; x_wconf 86' lang='grc' dir='ltr'><strong><em>αἷμα</em></strong></span> <span class='ocrx_word' id='word_1_196' title='bbox 624 2453 684 2537; x_wconf 84' lang='grc' dir='ltr'><strong><em>μέν</em></strong></span> <span class='ocrx_word' id='word_1_197' title='bbox 714 2455 774 2539; x_wconf 86' lang='grc' dir='ltr'><strong><em>γὰρ</em></strong></span> <span class='ocrx_word' id='word_1_198' title='bbox 799 2449 881 2534; x_wconf 71' lang='grc' dir='ltr'><strong><em>ἔχειν</em></strong></span> <span class='ocrx_word' id='word_1_199' title='bbox 911 2457 981 2531; x_wconf 88' lang='grc' dir='ltr'><strong><em>τοῖς</em></strong></span> <span class='ocrx_word' id='word_1_200' title='bbox 1005 2449 1150 2536; x_wconf 86' lang='grc' dir='ltr'><strong><em>έναίμοις</em></strong></span> <span class='ocrx_word' id='word_1_201' title='bbox 1173 2453 1269 2541; x_wconf 78' lang='grc' dir='ltr'><strong><em>δῆλον</em></strong></span> 
     </span>
     <span class='ocr_line' id='line_1_21' title="bbox 3 2549 1269 2647; baseline 0.002 -27"><span class='ocrx_word' id='word_1_202' title='bbox 3 2591 5 2620; x_wconf 67' lang='grc' dir='ltr'><strong><em>ι</em></strong></span> <span class='ocrx_word' id='word_1_203' title='bbox 149 2560 195 2638; x_wconf 87' lang='grc' dir='ltr'><strong><em>ὡς</em></strong></span> <span class='ocrx_word' id='word_1_204' title='bbox 218 2559 409 2645; x_wconf 88' lang='grc' dir='ltr'><strong><em>ἀναγκαῖον·</em></strong></span> <span class='ocrx_word' id='word_1_205' title='bbox 433 2561 529 2647; x_wconf 87' lang='grc' dir='ltr'><strong><em>ὑγροῦ</em></strong></span> <span class='ocrx_word' id='word_1_206' title='bbox 551 2549 583 2624; x_wconf 70' lang='grc' dir='ltr'><strong><em>δ’</em></strong></span> <span class='ocrx_word' id='word_1_207' title='bbox 601 2557 693 2638; x_wconf 71' lang='grc' dir='ltr'><strong><em>ὄντος</em></strong></span> <span class='ocrx_word' id='word_1_208' title='bbox 715 2571 773 2625; x_wconf 84' lang='grc' dir='ltr'><strong><em>τοῦ</em></strong></span> <span class='ocrx_word' id='word_1_209' title='bbox 796 2561 937 2642; x_wconf 83' lang='grc' dir='ltr'><strong><em>αἵματος</em></strong></span> <span class='ocrx_word' id='word_1_210' title='bbox 952 2559 1127 2644; x_wconf 88' lang='grc' dir='ltr'><strong><em>ἀναγκαῖον</em></strong></span> <span class='ocrx_word' id='word_1_211' title='bbox 1142 2559 1269 2644; x_wconf 91' lang='grc' dir='ltr'><strong><em>ἀγγεῖον</em></strong></span> 
     </span>
     <span class='ocr_line' id='line_1_22' title="bbox 3 2651 1268 2754; baseline -0.002 -23"><span class='ocrx_word' id='word_1_212' title='bbox 3 2651 5 2680; x_wconf 55' lang='grc'><strong>“</strong></span> <span class='ocrx_word' id='word_1_213' title='bbox 149 2667 320 2752; x_wconf 83' lang='grc' dir='ltr'><strong><em>ὑπάρχειν,</em></strong></span> <span class='ocrx_word' id='word_1_214' title='bbox 351 2657 443 2753; x_wconf 75' lang='grc' dir='ltr'><strong><em>ἐφ’ὃ</em></strong></span> <span class='ocrx_word' id='word_1_215' title='bbox 466 2667 505 2754; x_wconf 80' lang='grc' dir='ltr'><strong><em>δὴ</em></strong></span> <span class='ocrx_word' id='word_1_216' title='bbox 528 2664 586 2731; x_wconf 79' lang='grc' dir='ltr'><strong><em>καὶ</em></strong></span> <span class='ocrx_word' id='word_1_217' title='bbox 609 2664 763 2754; x_wconf 82' lang='grc' dir='ltr'><strong><em>φαίνεται</em></strong></span> <span class='ocrx_word' id='word_1_218' title='bbox 785 2671 1037 2753; x_wconf 78' lang='grc' dir='ltr'><strong><em>μεμηχανῆσθαι</em></strong></span> <span class='ocrx_word' id='word_1_219' title='bbox 1059 2667 1120 2742; x_wconf 82' lang='grc' dir='ltr'><strong><em>τὰς</em></strong></span> <span class='ocrx_word' id='word_1_220' title='bbox 1143 2663 1268 2752; x_wconf 78' lang='grc' dir='ltr'><strong><em>φλέβας</em></strong></span> 
     </span>
     <span class='ocr_line' id='line_1_23' title="bbox 3 2747 1268 2862; baseline -0.002 -25"><span class='ocrx_word' id='word_1_221' title='bbox 3 2747 5 2862; x_wconf 61' lang='grc' dir='ltr'><strong><em>ί</em></strong></span> <span class='ocrx_word' id='word_1_222' title='bbox 149 2774 300 2859; x_wconf 78' lang='grc' dir='ltr'><strong><em>ἡφύσις.</em></strong></span> <span class='ocrx_word' id='word_1_223' title='bbox 347 2772 444 2860; x_wconf 77' lang='grc' dir='ltr'><strong><em>ἀρχὴν</em></strong></span> <span class='ocrx_word' id='word_1_224' title='bbox 467 2772 503 2838; x_wconf 84' lang='grc' dir='ltr'><strong><em>δὲ</em></strong></span> <span class='ocrx_word' id='word_1_225' title='bbox 525 2774 647 2838; x_wconf 90' lang='grc' dir='ltr'><strong><em>τούτων</em></strong></span> <span class='ocrx_word' id='word_1_226' title='bbox 669 2772 845 2858; x_wconf 87' lang='grc' dir='ltr'><strong><em>ἀναγκαῖον</em></strong></span> <span class='ocrx_word' id='word_1_227' title='bbox 867 2765 951 2837; x_wconf 80' lang='grc' dir='ltr'><strong><em>εἶναι</em></strong></span> <span class='ocrx_word' id='word_1_228' title='bbox 973 2769 1065 2854; x_wconf 90' lang='grc' dir='ltr'><strong><em>μίαν·</em></strong></span> <span class='ocrx_word' id='word_1_229' title='bbox 1101 2771 1186 2836; x_wconf 80' lang='grc' dir='ltr'><strong><em>ὅπου</em></strong></span> <span class='ocrx_word' id='word_1_230' title='bbox 1207 2773 1268 2857; x_wconf 83' lang='grc' dir='ltr'><strong><em>γάρ</em></strong></span> 
     </span>
     <span class='ocr_line' id='line_1_24' title="bbox 4 2875 1269 2966; baseline -0.002 -23.002"><span class='ocrx_word' id='word_1_231' title='bbox 4 2925 6 2966; x_wconf 46' lang='grc' dir='ltr'><strong><em>χ</em></strong></span> <span class='ocrx_word' id='word_1_232' title='bbox 149 2877 323 2959; x_wconf 78' lang='grc' dir='ltr'><strong><em>ἐνδέχεται,</em></strong></span> <span class='ocrx_word' id='word_1_233' title='bbox 346 2875 427 2960; x_wconf 91' lang='grc' dir='ltr'><strong><em>μίαν</em></strong></span> <span class='ocrx_word' id='word_1_234' title='bbox 449 2877 578 2962; x_wconf 85' lang='grc' dir='ltr'><strong><em>βέλτιον</em></strong></span> <span class='ocrx_word' id='word_1_235' title='bbox 599 2880 620 2966; x_wconf 78' lang='grc' dir='ltr'>ἢ</span> <span class='ocrx_word' id='word_1_236' title='bbox 642 2879 778 2956; x_wconf 87' lang='grc' dir='ltr'><strong><em>πολλάς.</em></strong></span> <span class='ocrx_word' id='word_1_237' title='bbox 810 2880 830 2964; x_wconf 75' lang='grc' dir='ltr'><em>ἡ</em></span> <span class='ocrx_word' id='word_1_238' title='bbox 854 2877 890 2943; x_wconf 85' lang='grc' dir='ltr'><strong><em>δὲ</em></strong></span> <span class='ocrx_word' id='word_1_239' title='bbox 912 2875 1031 2964; x_wconf 79' lang='grc' dir='ltr'><strong><em>καρδία</em></strong></span> <span class='ocrx_word' id='word_1_240' title='bbox 1054 2890 1119 2941; x_wconf 89' lang='grc' dir='ltr'><strong><em>τῶν</em></strong></span> <span class='ocrx_word' id='word_1_241' title='bbox 1140 2877 1269 2965; x_wconf 79' lang='grc' dir='ltr'><strong><em>φλεβῶν</em></strong></span> 
     </span>
     <span class='ocr_line' id='line_1_25' title="bbox 4 2981 1268 3076; baseline 0 -28"><span class='ocrx_word' id='word_1_242' title='bbox 4 2987 6 3076; x_wconf 53' lang='grc' dir='ltr'><strong>ᾖ</strong></span> <span class='ocrx_word' id='word_1_243' title='bbox 149 2983 244 3071; x_wconf 83' lang='grc' dir='ltr'><strong><em>ἀρχή·</em></strong></span> <span class='ocrx_word' id='word_1_244' title='bbox 291 2981 465 3073; x_wconf 90' lang='grc' dir='ltr'><strong><em>φαίνονται</em></strong></span> <span class='ocrx_word' id='word_1_245' title='bbox 495 2986 555 3071; x_wconf 84' lang='grc' dir='ltr'><strong><em>γὰρ</em></strong></span> <span class='ocrx_word' id='word_1_246' title='bbox 587 2983 625 3050; x_wconf 78' lang='grc' dir='ltr'><strong><em>ἐκ</em></strong></span> <span class='ocrx_word' id='word_1_247' title='bbox 653 2985 774 3072; x_wconf 79' lang='grc' dir='ltr'><strong><em>ταύτης</em></strong></span> <span class='ocrx_word' id='word_1_248' title='bbox 797 2981 892 3049; x_wconf 84' lang='grc' dir='ltr'><strong><em>οὑσαι</em></strong></span> <span class='ocrx_word' id='word_1_249' title='bbox 919 2982 977 3048; x_wconf 83' lang='grc' dir='ltr'><strong><em>καί</em></strong></span> <span class='ocrx_word' id='word_1_250' title='bbox 1001 2983 1037 3050; x_wconf 88' lang='grc' dir='ltr'><strong><em>οά</em></strong></span> <span class='ocrx_word' id='word_1_251' title='bbox 1060 2984 1116 3049; x_wconf 89' lang='grc' dir='ltr'><strong><em>διά</em></strong></span> <span class='ocrx_word' id='word_1_252' title='bbox 1139 2985 1268 3072; x_wconf 80' lang='grc' dir='ltr'><strong><em>ταύτης,</em></strong></span> 
     </span>
     <span class='ocr_line' id='line_1_26' title="bbox 4 3085 1269 3178; baseline -0.001 -23"><span class='ocrx_word' id='word_1_253' title='bbox 4 3093 6 3166; x_wconf 72' lang='grc' dir='ltr'><strong>ξ</strong></span> <span class='ocrx_word' id='word_1_254' title='bbox 114 3143 117 3149; x_wconf 90' lang='grc'><strong><em>.</em></strong></span> <span class='ocrx_word' id='word_1_255' title='bbox 148 3089 207 3156; x_wconf 82' lang='grc' dir='ltr'><strong><em>καὶ</em></strong></span> <span class='ocrx_word' id='word_1_256' title='bbox 231 3093 250 3178; x_wconf 78' lang='grc' dir='ltr'><em>ἡ</em></span> <span class='ocrx_word' id='word_1_257' title='bbox 274 3091 372 3178; x_wconf 88' lang='grc' dir='ltr'><strong><em>φύσις</em></strong></span> <span class='ocrx_word' id='word_1_258' title='bbox 395 3089 494 3178; x_wconf 79' lang='grc' dir='ltr'><strong><em>αὐτῆς</em></strong></span> <span class='ocrx_word' id='word_1_259' title='bbox 517 3091 687 3178; x_wconf 83' lang='grc' dir='ltr'><strong><em>φλεβώδης</em></strong></span> <span class='ocrx_word' id='word_1_260' title='bbox 717 3091 761 3168; x_wconf 86' lang='grc' dir='ltr'><strong><em>ὡς</em></strong></span> <span class='ocrx_word' id='word_1_261' title='bbox 785 3091 955 3176; x_wconf 77' lang='grc' dir='ltr'><strong><em>ὁμογενοῦς</em></strong></span> <span class='ocrx_word' id='word_1_262' title='bbox 976 3088 1099 3178; x_wconf 50' lang='grc' dir='ltr'><strong><em>ούσηςδ.</em></strong></span> <span class='ocrx_word' id='word_1_263' title='bbox 1147 3085 1211 3171; x_wconf 74' lang='grc' dir='ltr'><strong><em>ἔχει</em></strong></span> <span class='ocrx_word' id='word_1_264' title='bbox 1233 3089 1269 3154; x_wconf 80' lang='grc' dir='ltr'><strong><em>δέ</em></strong></span> 
     </span>
     <span class='ocr_line' id='line_1_27' title="bbox 4 3173 1270 3312; baseline -0.002 -51"><span class='ocrx_word' id='word_1_265' title='bbox 4 3173 7 3312; x_wconf 51' lang='grc' dir='ltr'>ἰ</span> <span class='ocrx_word' id='word_1_266' title='bbox 148 3195 207 3262; x_wconf 78' lang='grc' dir='ltr'><strong><em>καὶ</em></strong></span> <span class='ocrx_word' id='word_1_267' title='bbox 230 3194 361 3283; x_wconf 76' lang='grc' dir='ltr'><strong><em>ἡθέσις</em></strong></span> <span class='ocrx_word' id='word_1_268' title='bbox 385 3195 483 3284; x_wconf 75' lang='grc' dir='ltr'><strong><em>αὑτῆς</em></strong></span> <span class='ocrx_word' id='word_1_269' title='bbox 506 3196 639 3284; x_wconf 81' lang='grc' dir='ltr'><strong><em>ἀρχικὴν</em></strong></span> <span class='ocrx_word' id='word_1_270' title='bbox 660 3198 784 3283; x_wconf 86' lang='grc' dir='ltr'><strong><em>χώραν·</em></strong></span> <span class='ocrx_word' id='word_1_271' title='bbox 831 3195 908 3284; x_wconf 86' lang='grc' dir='ltr'><strong><em>περὶ</em></strong></span> <span class='ocrx_word' id='word_1_272' title='bbox 930 3193 1027 3279; x_wconf 80' lang='grc' dir='ltr'><strong><em>μέσον</em></strong></span> <span class='ocrx_word' id='word_1_273' title='bbox 1051 3196 1121 3284; x_wconf 89' lang='grc' dir='ltr'><strong><em>γάρ,</em></strong></span> <span class='ocrx_word' id='word_1_274' title='bbox 1145 3196 1270 3279; x_wconf 81' lang='grc' dir='ltr'><strong><em>μᾶλλον</em></strong></span> 
     </span>
     <span class='ocr_line' id='line_1_28' title="bbox 149 3291 1269 3390; baseline -0.003 -23"><span class='ocrx_word' id='word_1_275' title='bbox 149 3291 181 3367; x_wconf 72' lang='grc' dir='ltr'><strong><em>δ’</em></strong></span> <span class='ocrx_word' id='word_1_276' title='bbox 198 3301 232 3366; x_wconf 83' lang='grc' dir='ltr'><strong><em>έν</em></strong></span> <span class='ocrx_word' id='word_1_277' title='bbox 254 3303 302 3387; x_wconf 74' lang='grc' dir='ltr'><strong><em>τῷ</em></strong></span> <span class='ocrx_word' id='word_1_278' title='bbox 317 3302 383 3367; x_wconf 84' lang='grc' dir='ltr'><strong><em>ἀνω</em></strong></span> <span class='ocrx_word' id='word_1_279' title='bbox 406 3303 531 3390; x_wconf 75' lang='grc' dir='ltr'><strong><em>ἢκάτω</em></strong></span> <span class='ocrx_word' id='word_1_280' title='bbox 546 3301 604 3367; x_wconf 80' lang='grc' dir='ltr'><strong><em>καὶ</em></strong></span> <span class='ocrx_word' id='word_1_281' title='bbox 628 3299 817 3389; x_wconf 73' lang='grc' dir='ltr'><strong><em>ἔμπροσθεν</em></strong></span> <span class='ocrx_word' id='word_1_282' title='bbox 838 3299 1030 3389; x_wconf 72' lang='grc' dir='ltr'><strong><em>ἢὺττισθεν·</em></strong></span> <span class='ocrx_word' id='word_1_283' title='bbox 1060 3296 1094 3366; x_wconf 72' lang='grc' dir='ltr'><strong><em>ἓν</em></strong></span> <span class='ocrx_word' id='word_1_284' title='bbox 1116 3305 1186 3378; x_wconf 91' lang='grc' dir='ltr'><strong><em>τοῖς</em></strong></span> <span class='ocrx_word' id='word_1_285' title='bbox 1208 3303 1269 3386; x_wconf 79' lang='grc' dir='ltr'><strong><em>γάρ</em></strong></span> 
     </span>
     <span class='ocr_line' id='line_1_29' title="bbox 149 3402 1269 3536; baseline -0.003 -64"><span class='ocrx_word' id='word_1_286' title='bbox 149 3407 358 3492; x_wconf 82' lang='grc' dir='ltr'><strong><em>τιμιωτέροις</em></strong></span> <span class='ocrx_word' id='word_1_287' title='bbox 392 3411 430 3474; x_wconf 87' lang='grc' dir='ltr'><strong><em>τὸ</em></strong></span> <span class='ocrx_word' id='word_1_288' title='bbox 464 3410 657 3496; x_wconf 89' lang='grc' dir='ltr'><strong><em>τιμιώτερον</em></strong></span> <span class='ocrx_word' id='word_1_289' title='bbox 689 3406 889 3536; x_wconf 71' lang='grc' dir='ltr'><strong><em>καθίδρρκεν</em></strong></span> <span class='ocrx_word' id='word_1_290' title='bbox 912 3411 931 3494; x_wconf 77' lang='grc' dir='ltr'><strong><em>ἡ</em></strong></span> <span class='ocrx_word' id='word_1_291' title='bbox 954 3409 1065 3496; x_wconf 88' lang='grc' dir='ltr'><strong><em>φύσις,</em></strong></span> <span class='ocrx_word' id='word_1_292' title='bbox 1101 3402 1140 3472; x_wconf 85' lang='grc' dir='ltr'><strong><em>οὑ</em></strong></span> <span class='ocrx_word' id='word_1_293' title='bbox 1165 3407 1210 3532; x_wconf 84' lang='grc' dir='ltr'><strong><em>μή</em></strong></span> <span class='ocrx_word' id='word_1_294' title='bbox 1234 3430 1269 3470; x_wconf 91' lang='grc' dir='ltr'><strong><em>τι</em></strong></span> 
     </span>
     <span class='ocr_line' id='line_1_30' title="bbox 148 3509 1270 3602; baseline -0.003 -23.995"><span class='ocrx_word' id='word_1_295' title='bbox 148 3513 267 3578; x_wconf 82' lang='grc' dir='ltr'><strong><em>κωλύει</em></strong></span> <span class='ocrx_word' id='word_1_296' title='bbox 289 3513 409 3596; x_wconf 84' lang='grc' dir='ltr'><strong><em>μεῖζον.</em></strong></span> <span class='ocrx_word' id='word_1_297' title='bbox 457 3513 701 3602; x_wconf 78' lang='grc' dir='ltr'><strong><em>ε’μφανέστατον</em></strong></span> <span class='ocrx_word' id='word_1_298' title='bbox 730 3513 767 3579; x_wconf 79' lang='grc' dir='ltr'><strong><em>δὲ</em></strong></span> <span class='ocrx_word' id='word_1_299' title='bbox 795 3515 833 3579; x_wconf 85' lang='grc' dir='ltr'><strong><em>τὸ</em></strong></span> <span class='ocrx_word' id='word_1_300' title='bbox 863 3511 1022 3594; x_wconf 74' lang='grc' dir='ltr'><strong><em>λεχθέν</em></strong></span> <span class='ocrx_word' id='word_1_301' title='bbox 1006 3533 1094 3578; x_wconf 85' lang='grc' dir='ltr'><strong><em>εστιν</em></strong></span> <span class='ocrx_word' id='word_1_302' title='bbox 1123 3509 1181 3577; x_wconf 83' lang='grc' dir='ltr'><strong><em>ε’ττι</em></strong></span> <span class='ocrx_word' id='word_1_303' title='bbox 1204 3524 1270 3576; x_wconf 88' lang='grc' dir='ltr'><strong><em>τῶν</em></strong></span> 
     </span>
     <span class='ocr_line' id='line_1_31' title="bbox 149 3616 1270 3746; baseline -0.003 -62"><span class='ocrx_word' id='word_1_304' title='bbox 149 3618 355 3746; x_wconf 61' lang='grc' dir='ltr'><strong><em>ἀνθρώπων,</em></strong></span> <span class='ocrx_word' id='word_1_305' title='bbox 390 3621 541 3703; x_wconf 89' lang='grc' dir='ltr'><strong><em>βούλεται</em></strong></span> <span class='ocrx_word' id='word_1_306' title='bbox 575 3619 612 3685; x_wconf 82' lang='grc' dir='ltr'><strong><em>δὲ</em></strong></span> <span class='ocrx_word' id='word_1_307' title='bbox 645 3645 703 3685; x_wconf 90' lang='grc' dir='ltr'><strong><em>και</em></strong></span> <span class='ocrx_word' id='word_1_308' title='bbox 737 3645 770 3685; x_wconf 91' lang='grc' dir='ltr'><strong><em>εν</em></strong></span> <span class='ocrx_word' id='word_1_309' title='bbox 805 3623 875 3696; x_wconf 87' lang='grc' dir='ltr'><strong><em>τοῖς</em></strong></span> <span class='ocrx_word' id='word_1_310' title='bbox 909 3618 1021 3696; x_wconf 88' lang='grc' dir='ltr'><strong><em>ἀλλοις</em></strong></span> <span class='ocrx_word' id='word_1_311' title='bbox 1050 3616 1252 3744; x_wconf 82' lang='grc' dir='ltr'><strong><em>ὁμολόγως</em></strong></span> <span class='ocrx_word' id='word_1_312' title='bbox 1236 3641 1270 3682; x_wconf 90' lang='grc' dir='ltr'><strong><em>εν</em></strong></span> 
     </span>
     <span class='ocr_line' id='line_1_32' title="bbox 148 3722 1266 3810; baseline -0.002 -21"><span class='ocrx_word' id='word_1_313' title='bbox 148 3723 239 3809; x_wconf 82' lang='grc' dir='ltr'><strong><em>μέσῳ</em></strong></span> <span class='ocrx_word' id='word_1_314' title='bbox 263 3729 401 3790; x_wconf 76' lang='grc' dir='ltr'><strong><em>κεῖσθαι</em></strong></span> <span class='ocrx_word' id='word_1_315' title='bbox 430 3737 488 3789; x_wconf 85' lang='grc' dir='ltr'><strong><em>τοὺ</em></strong></span> <span class='ocrx_word' id='word_1_316' title='bbox 510 3723 690 3810; x_wconf 88' lang='grc' dir='ltr'><strong><em>ἀναγκαίου</em></strong></span> <span class='ocrx_word' id='word_1_317' title='bbox 713 3727 875 3808; x_wconf 87' lang='grc' dir='ltr'><strong><em>σώματος.</em></strong></span> <span class='ocrx_word' id='word_1_318' title='bbox 921 3725 1035 3789; x_wconf 91' lang='grc' dir='ltr'><strong><em>τούτου</em></strong></span> <span class='ocrx_word' id='word_1_319' title='bbox 1059 3722 1096 3788; x_wconf 80' lang='grc' dir='ltr'><strong><em>δὲ</em></strong></span> <span class='ocrx_word' id='word_1_320' title='bbox 1119 3722 1224 3809; x_wconf 86' lang='grc' dir='ltr'><strong><em>πέρας</em></strong></span> <span class='ocrx_word' id='word_1_321' title='bbox 1246 3749 1266 3810; x_wconf 81' lang='grc' dir='ltr'><strong><em>ιγ</em></strong></span> 
     </span>
     <span class='ocr_line' id='line_1_33' title="bbox 148 3827 1269 3920; baseline -0.003 -26"><span class='ocrx_word' id='word_1_322' title='bbox 148 3832 191 3894; x_wconf 83' lang='grc' dir='ltr'><strong><em>τὰ</em></strong></span> <span class='ocrx_word' id='word_1_323' title='bbox 214 3831 451 3915; x_wconf 84' lang='grc' dir='ltr'><strong><em>περιττώματα</em></strong></span> <span class='ocrx_word' id='word_1_324' title='bbox 475 3830 706 3920; x_wconf 89' lang='grc' dir='ltr'><strong><em>ἀποκρίνεται·</em></strong></span> <span class='ocrx_word' id='word_1_325' title='bbox 751 3833 793 3896; x_wconf 87' lang='grc' dir='ltr'><strong><em>τὰ</em></strong></span> <span class='ocrx_word' id='word_1_326' title='bbox 817 3830 854 3896; x_wconf 81' lang='grc' dir='ltr'><strong><em>δὲ</em></strong></span> <span class='ocrx_word' id='word_1_327' title='bbox 876 3831 966 3895; x_wconf 89' lang='grc' dir='ltr'><strong><em>κῶλα</em></strong></span> <span class='ocrx_word' id='word_1_328' title='bbox 990 3828 1135 3916; x_wconf 84' lang='grc' dir='ltr'><strong><em>πέφυκεν</em></strong></span> <span class='ocrx_word' id='word_1_329' title='bbox 1157 3827 1269 3905; x_wconf 86' lang='grc' dir='ltr'><strong><em>ἀλλοις</em></strong></span> 
     </span>
     <span class='ocr_line' id='line_1_34' title="bbox 148 3931 1269 4024; baseline -0.002 -25"><span class='ocrx_word' id='word_1_330' title='bbox 148 3934 272 4016; x_wconf 87' lang='grc' dir='ltr'><strong><em>ἀλλως,</em></strong></span> <span class='ocrx_word' id='word_1_331' title='bbox 308 3934 365 4000; x_wconf 83' lang='grc' dir='ltr'><strong><em>καὶ</em></strong></span> <span class='ocrx_word' id='word_1_332' title='bbox 388 3935 446 4001; x_wconf 86' lang='grc' dir='ltr'><strong><em>οὑκ</em></strong></span> <span class='ocrx_word' id='word_1_333' title='bbox 469 3933 540 4002; x_wconf 70' lang='grc' dir='ltr'><strong><em>ἔστι</em></strong></span> <span class='ocrx_word' id='word_1_334' title='bbox 562 3951 627 4001; x_wconf 91' lang='grc' dir='ltr'><strong><em>τῶν</em></strong></span> <span class='ocrx_word' id='word_1_335' title='bbox 651 3939 735 4022; x_wconf 86' lang='grc' dir='ltr'><strong><em>πρὸς</em></strong></span> <span class='ocrx_word' id='word_1_336' title='bbox 758 3939 796 4004; x_wconf 89' lang='grc' dir='ltr'><strong><em>τὸ</em></strong></span> <span class='ocrx_word' id='word_1_337' title='bbox 819 3936 875 4024; x_wconf 78' lang='grc' dir='ltr'><strong><em>ζῆν</em></strong></span> <span class='ocrx_word' id='word_1_338' title='bbox 899 3933 1100 4021; x_wconf 86' lang='grc' dir='ltr'><strong><em>ἀναγκαίων,</em></strong></span> <span class='ocrx_word' id='word_1_339' title='bbox 1136 3934 1188 3999; x_wconf 87' lang='grc' dir='ltr'><strong><em>διὸ</em></strong></span> <span class='ocrx_word' id='word_1_340' title='bbox 1211 3931 1269 3997; x_wconf 82' lang='grc' dir='ltr'><strong><em>καὶ</em></strong></span> 
     </span>
     <span class='ocr_line' id='line_1_35' title="bbox 149 4039 525 4128; baseline 0.003 -23"><span class='ocrx_word' id='word_1_341' title='bbox 149 4039 397 4128; x_wconf 86' lang='grc' dir='ltr'><strong><em>ἀφαιρουμένων</em></strong></span> <span class='ocrx_word' id='word_1_342' title='bbox 419 4043 525 4122; x_wconf 85' lang='grc' dir='ltr'><strong><em>ζῶσιν.</em></strong></span> 
     </span>
     <span class='ocr_line' id='line_1_36' title="bbox 7 4226 1418 4324; baseline -0.001 -24"><span class='ocrx_word' id='word_1_343' title='bbox 7 4231 9 4320; x_wconf 60' lang='lat' dir='ltr'>i</span> <span class='ocrx_word' id='word_1_344' title='bbox 63 4246 139 4290; x_wconf 71' lang='lat'><strong><em>³³⁴0</em></strong></span> <span class='ocrx_word' id='word_1_345' title='bbox 216 4235 263 4300; x_wconf 89' lang='lat' dir='ltr'><strong><em>Ib.</em></strong></span> <span class='ocrx_word' id='word_1_346' title='bbox 286 4235 335 4298; x_wconf 85' lang='lat' dir='ltr'><strong><em>IV</em></strong></span> <span class='ocrx_word' id='word_1_347' title='bbox 361 4247 411 4302; x_wconf 85' lang='lat'><strong><em>10.</em></strong></span> <span class='ocrx_word' id='word_1_348' title='bbox 436 4246 520 4303; x_wconf 70' lang='lat'><strong><em>686²</em></strong></span> <span class='ocrx_word' id='word_1_349' title='bbox 537 4245 588 4303; x_wconf 78' lang='lat'><strong><em>25.</em></strong></span> <span class='ocrx_word' id='word_1_350' title='bbox 632 4226 752 4319; x_wconf 82' lang='grc' dir='ltr'><strong><em>Ὁμὲν</em></strong></span> <span class='ocrx_word' id='word_1_351' title='bbox 775 4233 829 4302; x_wconf 83' lang='grc' dir='ltr'><strong><em>οὑν</em></strong></span> <span class='ocrx_word' id='word_1_352' title='bbox 852 4235 1031 4320; x_wconf 74' lang='grc' dir='ltr'><strong><em>ἅνθρωπος</em></strong></span> <span class='ocrx_word' id='word_1_353' title='bbox 1054 4231 1125 4298; x_wconf 83' lang='grc' dir='ltr'><strong><em>ἀντὶ</em></strong></span> <span class='ocrx_word' id='word_1_354' title='bbox 1148 4233 1269 4299; x_wconf 79' lang='grc' dir='ltr'><strong><em>σκελῶν</em></strong></span> <span class='ocrx_word' id='word_1_355' title='bbox 1300 4239 1418 4324; x_wconf 53' lang='lat' dir='ltr'><strong><em>imm</em></strong></span> 
     </span>
     <span class='ocr_line' id='line_1_37' title="bbox 7 4329 1268 4470; baseline 0 -65"><span class='ocrx_word' id='word_1_356' title='bbox 7 4329 10 4420; x_wconf 62' lang='lat' dir='ltr'><strong><em>&#39;i</em></strong></span> <span class='ocrx_word' id='word_1_357' title='bbox 149 4338 207 4405; x_wconf 83' lang='grc' dir='ltr'><strong><em>καί</em></strong></span> <span class='ocrx_word' id='word_1_358' title='bbox 240 4340 355 4406; x_wconf 81' lang='grc' dir='ltr'><strong><em>ποδῶν</em></strong></span> <span class='ocrx_word' id='word_1_359' title='bbox 388 4354 454 4407; x_wconf 89' lang='grc' dir='ltr'><strong><em>τῶν</em></strong></span> <span class='ocrx_word' id='word_1_360' title='bbox 486 4340 661 4430; x_wconf 74' lang='grc' dir='ltr'><strong><em>προσθίαν</em></strong></span> <span class='ocrx_word' id='word_1_361' title='bbox 687 4339 863 4470; x_wconf 76' lang='grc' dir='ltr'><strong><em>βραχίονας</em></strong></span> <span class='ocrx_word' id='word_1_362' title='bbox 892 4365 950 4406; x_wconf 89' lang='grc' dir='ltr'><strong><em>και</em></strong></span> <span class='ocrx_word' id='word_1_363' title='bbox 980 4341 1039 4417; x_wconf 83' lang='grc' dir='ltr'><strong><em>τὰς</em></strong></span> <span class='ocrx_word' id='word_1_364' title='bbox 1067 4338 1268 4422; x_wconf 86' lang='grc' dir='ltr'><strong><em>καλουμένας</em></strong></span> 
     </span>
     <span class='ocr_line' id='line_1_38' title="bbox 8 4421 1267 4535; baseline 0.001 -26"><span class='ocrx_word' id='word_1_365' title='bbox 8 4421 10 4454; x_wconf 68' lang='lat'><strong>¹</strong></span> <span class='ocrx_word' id='word_1_366' title='bbox 150 4468 214 4524; x_wconf 85' lang='grc' dir='ltr'><strong><em>εχει</em></strong></span> <span class='ocrx_word' id='word_1_367' title='bbox 234 4449 356 4533; x_wconf 87' lang='grc' dir='ltr'><strong><em>χεῖρας.</em></strong></span> <span class='ocrx_word' id='word_1_368' title='bbox 402 4445 503 4534; x_wconf 74' lang='grc' dir='ltr'><strong><em>ὀρθὸν</em></strong></span> <span class='ocrx_word' id='word_1_369' title='bbox 532 4447 591 4532; x_wconf 84' lang='grc' dir='ltr'><strong><em>μὲν</em></strong></span> <span class='ocrx_word' id='word_1_370' title='bbox 620 4448 682 4535; x_wconf 91' lang='grc' dir='ltr'><strong><em>γάρ</em></strong></span> <span class='ocrx_word' id='word_1_371' title='bbox 711 4446 781 4513; x_wconf 80' lang='grc' dir='ltr'><strong><em>ἐστι</em></strong></span> <span class='ocrx_word' id='word_1_372' title='bbox 809 4447 907 4530; x_wconf 89' lang='grc' dir='ltr'><strong><em>μόνον</em></strong></span> <span class='ocrx_word' id='word_1_373' title='bbox 936 4458 1000 4511; x_wconf 90' lang='grc' dir='ltr'><strong><em>τῶν</em></strong></span> <span class='ocrx_word' id='word_1_374' title='bbox 1029 4439 1121 4532; x_wconf 76' lang='grc' dir='ltr'><strong><em>ζῴων</em></strong></span> <span class='ocrx_word' id='word_1_375' title='bbox 1150 4446 1206 4511; x_wconf 87' lang='grc' dir='ltr'><strong><em>διά</em></strong></span> <span class='ocrx_word' id='word_1_376' title='bbox 1228 4447 1267 4511; x_wconf 90' lang='grc' dir='ltr'><strong><em>τὸ</em></strong></span> 
     </span>
    </p>
   </div>
   <div class='ocr_carea' id='block_1_5' title="bbox 0 0 1582 4988">
    <p class='ocr_par' dir='ltr' id='par_1_5' title="bbox 0 0 1582 4988">
     <span class='ocr_line' id='line_1_39' title="bbox 0 0 1582 4988; baseline 0 0"><span class='ocrx_word' id='word_1_377' title='bbox 0 0 1582 4988; x_wconf 95' lang='lat' dir='ltr'><strong><em> </em></strong></span> 
     </span>
    </p>
   </div>
  </div>
 </body>
</html>
