3146 4982
674 316 771 372 Cicero.
1230 313 1284 378 465

233 491 262 531 a.
281 476 318 530 M.
336 476 394 530 Iun.
413 476 527 544 Brutus,
554 475 600 547 qui
619 475 738 530 ediderat
765 477 862 530 librum
890 476 921 530 de
949 477 1048 530 virtute
1076 476 1110 528 ad
1135 475 1283 532 Ciceronem

161 565 285 632 missum,
311 565 421 618 maxime
446 567 559 618 veterem
579 563 745 618 Academiam
769 566 942 636 sequebatur,
960 565 988 619 in
1006 565 1098 619 morali
1117 567 1206 618 autem
1224 582 1283 618 cum

162 653 257 708 Stoicis
276 653 389 708 faciebat
408 653 487 706 sicuti
504 651 665 707 Anfioobus:
684 653 756 708 Plut.
776 653 853 708 Brut.
872 655 903 722 25
922 659 965 706 BP
984 653 1068 708 4461).

232 759 263 816 b.
283 757 348 814 Cato
367 757 500 814 Uticensis
525 763 554 813 et
577 760 609 812 ab
633 759 749 814 eiusdem
774 763 803 813 et
827 761 860 813 ab
885 759 1015 814 inferioris
1038 760 1135 814 aetatis
1158 759 1283 814 Romanis

160 847 309 902 habebatur
332 849 517 919 perfectissimi
541 848 622 902 Stoici
648 849 792 920 exemplar,
821 849 852 902 ef.
872 847 925 904 Cic.
948 849 1111 914 Brut.118;
1138 849 1232 902 Parad.
1251 850 1283 915 2;

161 936 250 990 Senes.
269 936 372 991 Provid.
391 936 418 989 11
436 937 462 992 9.

234 1055 261 1096 c.
281 1041 370 1097 Cicero
395 1042 446 1096 etsi
464 1043 492 1096 in
509 1041 603 1097 morali
622 1043 741 1097 doctrina
760 1046 792 1096 ut
809 1041 952 1113 Epicurum
970 1043 1094 1096 acerrime
1112 1043 1284 1113 impugnabat

161 1131 202 1184 ita
219 1131 315 1186 Stoicis
339 1132 380 1186 vel
402 1132 513 1186 maxime
536 1132 655 1199 favebat,
684 1135 773 1186 tamen
797 1149 880 1202 neque
899 1131 1013 1186 audebat
1037 1132 1098 1186 illos
1122 1133 1179 1186 toto
1197 1133 1283 1188 animo

163 1221 237 1290 sequi
261 1237 344 1290 neque
369 1220 401 1274 de
430 1222 516 1274 vetere
534 1219 675 1274 Academia
699 1223 728 1274 et
745 1220 928 1290 Peripateticis
946 1220 1065 1274 iudicans
1083 1221 1207 1291 sibiipsa
1225 1238 1284 1276 con·

162 1310 265 1375 stabat,
291 1309 322 1362 of.
342 1309 418 1364 Tuse.
436 1309 461 1360 V
480 1309 528 1376 753
556 1307 593 1362 IV
611 1309 660 1378 38;
680 1309 859 1376 Ac11135;
886 1309 980 1364 Parad.
1001 1311 1081 1379 lsq.;
1108 1309 1165 1364 uin,
1183 1309 1221 1362 IV
1240 1311 1282 1365 21.

161 1399 205 1452 42.
225 1398 273 1464 52;
293 1397 425 1452 offlam
444 1397 486 1452 14.
506 1397 643 1463 33;Lae1.
665 1399 706 1454 18.

109 1585 152 1625 aa
229 1559 277 1623 Do
300 1560 368 1623 Fin.
390 1557 424 1622 11
448 1566 499 1624 45.
544 1559 724 1624 Honestum
753 1561 853 1641 igitur
881 1559 914 1624 id
936 1559 1166 1640 intellegimus,
1197 1559 1281 1642 quod
1308 1572 1425 1614 honestum

162 1667 227 1730 tale
251 1668 301 1730 est
323 1667 361 1730 ut
384 1665 528 1730 detracta
552 1666 638 1730 omni
661 1667 803 1730 utilitate
827 1667 894 1732 sine
918 1666 993 1730 ullis
1009 1666 1158 1750 praemiis
1173 1664 1284 1730 frueti-

162 1773 262 1836 busve
285 1791 341 1856 per
365 1791 399 1836 se
422 1773 529 1856 ipsum
552 1773 654 1855 possit
677 1774 746 1838 inre
762 1773 895 1838 laudari.
942 1772 1034 1852 Quod
1053 1774 1146 1854 quale
1163 1773 1284 1836 sitnon

162 1881 231 1942 tam
255 1878 451 1956 definitione,
476 1898 634 1960 quaeum
658 1900 753 1958 usne,
776 1881 919 1962 intellegi
941 1881 1063 1963 potest,
1087 1898 1283 1962 quamquam

162 1985 365 2067 aliquantum
387 1988 502 2070 potest,
526 2005 624 2068 quam
648 1987 810 2051 communi
827 1987 969 2050 omnium
985 1985 1100 2050 indicio
1124 1988 1157 2050 et
1172 1986 1284 2070 optimi

161 2091 317 2174 omneque
347 2093 462 2156 studiis
494 2095 591 2174 atque
621 2092 730 2170 factis,
766 2094 822 2174 qui
843 2093 1005 2176 permulta
1028 2093 1066 2156 ob
1090 2110 1162 2156 eam
1185 2110 1283 2156 unam

162 2217 294 2264 causam
317 2197 448 2276 faciunt,
472 2199 662 2280 quieceret,
687 2200 763 2281 quia
786 2202 918 2276 rectum,
943 2199 1018 2282 quia
1038 2199 1208 2264 honestum
1225 2200 1283 2276 est,

162 2306 224 2370 etsi
246 2307 372 2370 nullam
396 2307 643 2370 consecuturum
666 2305 918 2370 emolumentum
941 2304 1078 2369 vidente

234 2427 416 2482 aruval
444 2429 494 2482 boc
521 2433 614 2482 catera
641 2429 699 2483 loco
728 2433 839 2482 tauram
863 2428 1040 2496 explicemus,
1068 2427 1135 2482 baec
1158 2427 1282 2493 boareto,

163 2535 233 2586 qaae
252 2517 323 2583 dico,
338 2522 534 2586 praeterquam
547 2517 620 2585 qaod
637 2523 740 2572 aosowt
757 2517 830 2586 ipsos
845 2517 1003 2586 diligamus,
1019 2522 1167 2586 marronea
1184 2520 1283 2586 suapte

161 2612 268 2660 aalma
283 2621 336 2673 per
352 2621 380 2660 se
398 2621 453 2660 csse
471 2604 628 2665 eaaeicada.
665 2605 796 2660 iudicarat
812 2606 908 2672 paeri,
933 2605 965 2659 ia
990 2605 1089 2674 quibas
1111 2610 1144 2658 at
1167 2605 1200 2658 ia
1224 2621 1282 2671 apc-

162 2696 235 2750 calis
251 2700 358 2748 aataara
377 2693 507 2748 canitia.
527 2723 561 2732 -
580 2693 623 2748 62.
642 2694 691 2748 aad
710 2693 776 2749 baec
793 2695 826 2748 ia
839 2694 953 2763 pacrie;
973 2709 1100 2762 capraea
1117 2709 1180 2748 acro
1200 2692 1233 2746 ia
1246 2692 1283 2746 iic

163 2783 308 2851 mattam,
333 2799 404 2851 qaae
421 2783 479 2838 iam
496 2783 675 2850 confirmatae
692 2789 767 2838 caat.
794 2785 856 2852 qais
873 2789 912 2838 est
931 2789 988 2838 tam
1006 2782 1152 2838 absimilia
1168 2781 1282 2848 lambri,

162 2873 212 2942 qai
235 2889 293 2926 aaa
316 2878 456 2928 moratur
479 2878 505 2926 et
528 2871 679 2938 offensione
704 2872 895 2941 turpitudinis
919 2878 944 2928 et
962 2872 1184 2941 comprobatione
1202 2871 1283 2925 boae·

162 2958 263 3016 statas?
281 2961 342 3030 qais
356 2966 395 3016 eat
410 2961 458 3031 qui
471 2978 529 3016 aaa
554 2961 644 3018 oderit
664 2961 851 3028 libidinosam,
866 2967 1029 3029 protervam
1049 2956 1284 3016 adulescentiam?

163 3051 224 3120 qaia
252 3056 348 3106 eoarra
371 3050 403 3104 ia
427 3051 480 3104 illa
504 3055 595 3104 aetate
609 3050 759 3120 pudorem,
788 3051 985 3118 coastaatiara,
1014 3049 1123 3104 etiamsi
1141 3066 1194 3103 aaa
1211 3049 1285 3102 albii
1449 3119 1453 3127 Ι

162 3139 283 3204 intersit,
301 3153 359 3192 aaa
377 3143 470 3192 tomara
488 3136 611 3207 diligat?
631 3169 664 3176 -
684 3137 800 3192 Gloriam
814 3137 880 3192 dicit
897 3139 1005 3192 formam
1024 3138 1119 3190 babere
1136 3137 1284 3190 honestatis
1311 3148 1381 3200 gloria

162 3229 191 3280 et
209 3225 408 3280 similitudinem
426 3243 510 3295 neque
528 3243 588 3280 vero
614 3243 673 3280 cam
691 3227 749 3296 ipso
767 3227 878 3280 honesto
904 3241 961 3280 esse
979 3225 1200 3280 confundendam:
1225 3223 1283 3278 un.

162 3315 187 3366 V
205 3316 249 3370 69.
268 3314 312 3368 65.
331 3315 378 3379 60;
396 3314 424 3368 11
442 3315 491 3380 49;
510 3313 584 3370 Offia.
602 3316 617 3368 1
636 3317 678 3370 14.

112 3479 153 3519 aa
229 3457 278 3520 De
303 3454 362 3521 off.
385 3455 402 3520 I
427 3465 477 3522 93.
525 3457 677 3540 Sequitur
706 3459 806 3522 atde
830 3457 1045 3540 unareliqua'
1071 3458 1163 3540 parte
1186 3455 1283 3519 hone·
1310 3485 1412 3526 ream

164 3563 257 3628 statis
284 3561 464 3646 ,dicendum
494 3563 551 3640 sit,
585 3564 619 3626 in
649 3583 711 3646 qua
744 3563 933 3628 verecundia
963 3565 996 3627 et
1028 3563 1121 3644 quasi
1152 3561 1283 3642 quidam

164 3671 295 3734 ornatus
331 3669 430 3746 vitae,
464 3671 676 3752 temperantia
712 3673 744 3734 et
773 3669 930 3734 modestia
961 3669 1126 3750 omnisque
1162 3667 1283 3732 sedatio

163 3775 442 3857 perturbationum
472 3777 570 3840 animi
600 3779 633 3840 et
656 3795 764 3840 rerum
791 3775 905 3840 modus
930 3776 1078 3840 cernitur.
1123 3773 1193 3838 Hoc
1216 3774 1283 3838 loco

162 3882 346 3946 continetur
368 3881 400 3946 id
418 3883 502 3964 quod
525 3883 586 3948 dici
601 3883 717 3947 Latine
742 3883 892 3947 decorum
915 3883 1038 3965 potest;
1063 3881 1183 3946 Graece
1199 3879 1284 3944 enim

163 3985 293 4073 πρέπον
316 3988 441 4053 dicitur.
487 3989 592 4054 Huius
618 3990 664 4054 vis
689 4009 726 4054 ea
750 3991 800 4053 est
822 3993 860 4053 ut
884 3990 924 4054 ab
947 3989 1081 4052 honesto
1103 4006 1168 4050 non
1186 3987 1284 4067 queat

163 4095 321 4178 separari;
343 4098 468 4160 namet
485 4096 568 4178 quod
585 4095 675 4160 decet
690 4097 861 4160 honestum
877 4097 927 4160 est
950 4099 983 4159 et
1007 4093 1090 4176 quod
1112 4093 1284 4156 honestum

164 4204 213 4265 est
236 4201 343 4276 deuet3
380 4203 483 4283 qualis
508 4206 616 4267 autem
640 4201 818 4267 differentia
842 4203 884 4266 sit
906 4202 1031 4266 honesti
1055 4203 1088 4264 et
1110 4198 1215 4263 decori
1238 4198 1285 4262 ta·

164 4309 256 4373 cilius
280 4308 422 4390 intellegi
446 4327 542 4391 quam
566 4309 729 4392 explanari
751 4309 865 4390 potest.
889 4343 931 4353 -
962 4315 1012 4372 98.
1035 4306 1082 4371 Ut
1105 4304 1190 4368 enim
1213 4305 1284 4387 pnl-

163 4415 309 4480 chritudo
333 4415 471 4498 corporis
488 4417 563 4498 apta
579 4414 805 4498 compositione
820 4414 1039 4478 membrorum
1053 4413 1160 4476 movet
1176 4411 1283 4475 oculos
