3148 4984
312 338 367 398 008
604 339 733 394 Platonici
751 344 779 393 et
796 339 966 408 Pythagorici
985 339 1148 394 recentiores.

313 499 407 554 monii:
431 500 471 552 Da
489 505 526 554 El
550 516 591 570 ap.
610 499 705 570 Delph.
732 501 797 569 lsq.
817 517 843 569 p.
863 501 917 554 384
926 516 965 569 sq.
1002 499 1034 554 In
1058 499 1152 554 ceteris
1171 499 1309 552 Platonem
1331 501 1360 552 et
1378 495 1435 551 Ari-
1467 571 1469 575 ¹

314 588 438 642 stotalam
456 587 601 658 promiscue
621 588 750 660 sequitur.

380 764 429 829 De
451 765 494 829 IS.
519 766 552 829 at
575 764 628 830 Os.
652 771 693 830 45
717 784 747 848 p.
774 773 847 830 369.
897 761 979 830 Oliva
1001 764 1061 850 γὰρ
1085 761 1118 828 έν
1140 762 1281 850 ἀψύχοις
1304 765 1480 846 σώμασινντ
1551 753 1553 824 f

313 873 373 948 τὰς
394 880 454 936 τοῦ
468 871 593 948 παντὸς
610 869 708 957 ἀρχὰς
723 868 846 951 θετέον,
871 870 915 947 ὡς
933 869 1138 958 Δημόκριτος
1160 868 1218 935 καὶ
1232 858 1433 956 Ἐπίκουρος,

312 965 384 1042 σῖτ’
403 973 524 1043 ἀποίου
554 977 747 1066 δημιουργὸν
777 977 853 1064 ύλης
883 975 939 1042 ἕνα
963 974 1135 1061 λόγονκαὶ
1165 973 1246 1059 μίαν
1268 976 1433 1064 πρόνοιαν,

312 1085 357 1161 ὡς
379 1079 410 1149 οῖ
434 1080 584 1164 Στωϊκοί,
608 1079 854 1170 περιγινομένην
877 1081 1112 1148 ἁπάντωνκαὶ
1135 1093 1332 1170 κρατοῦσαν·
1357 1083 1434 1148 ἀδύ-

311 1213 408 1256 νατον
430 1191 492 1276 γάρ
515 1190 536 1278 ἢ
559 1190 703 1278 φλαῦρον
726 1189 843 1270 ὁτιοῦν,
867 1189 951 1255 ὅπου
975 1188 1116 1270 πάντων,
1139 1189 1160 1278 ἢ
1180 1190 1325 1277 χρηστόν,
1349 1191 1433 1256 ὅπου

311 1297 447 1382 μηδενὸς
471 1295 489 1361 δ
511 1297 591 1376 θεὸς
615 1290 729 1377 α’ίτιος,
754 1293 952 1381 ἐγγενέσθαι.
982 1333 1024 1342 -
1057 1293 1189 1361 διὸκαὶ
1212 1294 1436 1378 παμπάλαιος

313 1406 393 1491 αύτη
423 1402 569 1469 κάτεισιν
597 1401 634 1468 ἐκ
664 1401 830 1486 θεολόγων
859 1400 917 1468 καὶ
947 1406 1135 1484 νομοθετῶν
1164 1397 1212 1479 ε’ίς
1234 1425 1270 1466 τε
1293 1403 1437 1488 ποιητὰς

313 1507 369 1574 καί
393 1508 592 1597 φιλοσόφους
616 1506 705 1588 δόξα,
739 1508 797 1596 τὴν
828 1506 926 1595 ἀρχὴν
948 1506 1132 1574 ἀδέσποτον
1154 1503 1287 1589 έηουσα,
1318 1509 1376 1594 τὴν
1399 1505 1435 1572 δέ

313 1611 427 1680 πίστιν
450 1611 581 1702 ἰσχυράν
605 1612 662 1680 καί
686 1613 945 1694 δυσεξάλειπτον,
975 1611 1089 1680 ούκέν
1111 1613 1219 1698 λόγοις
1241 1613 1338 1696 μόνον
1362 1611 1435 1679 οὐδὲ

313 1719 346 1785 έν
369 1721 504 1808 φήμαις,
528 1708 656 1786 ἀλλ’έν
679 1744 714 1785 τε
736 1721 882 1798 τελεταῖς
905 1715 939 1786 έν
954 1744 989 1785 τε
1012 1717 1150 1798 θυσίαις
1173 1719 1230 1786 καί
1253 1719 1437 1808 βαρβάροις
1551 1765 1553 1770 κ

312 1826 370 1892 καί
394 1814 534 1914 Ἕλλησι
562 1825 731 1908 πολλαχοῦ
760 1825 1042 1914 περιφερομένην,
1084 1827 1128 1904 ὡς
1157 1815 1229 1892 oiic'
1254 1825 1348 1892 ύνουν
1378 1825 1435 1891 καί

313 1931 428 2019 άλογον
460 1931 519 1998 καί
553 1931 767 2020 ἀκυβέρνητον
802 1929 974 2020 αἰωρεῖται
1008 1931 1056 2018 τῷ
1086 1931 1260 2020 αὐτομάτῳ
1290 1933 1328 1998 τὸ
1358 1943 1437 2013 πᾶν,

313 2038 385 2107 oliva
407 2029 453 2117 είς
475 2038 563 2105 ἐστιν
585 2039 746 2126 ἀκρατῶν
768 2037 826 2104 καὶ
843 2039 1051 2104 κατευθύνων
1066 2041 1178 2126 ὥσπερ
1203 2035 1309 2118 οἴαξιν
1332 2037 1435 2126 ἤτισι

314 2143 503 2235 πειθηνίοις
524 2145 669 2227 χαλινοῖς
692 2143 795 2229 λόγος,
819 2144 902 2210 ἀλλά
925 2145 1036 2210 πολλά
1050 2143 1108 2210 καί
1123 2143 1304 2230 μεμιγμένα
1320 2148 1437 2222 κακοῖς

313 2251 370 2318 καὶ
392 2251 560 2338 ἀγαθοῖς·
599 2251 724 2334 μᾶλλον
751 2250 788 2316 δέ
816 2250 916 2339 μηδὲν
948 2252 992 2329 ὡς
1015 2251 1131 2329 ἁπλῶς
1160 2248 1265 2318 εἰπεῖν
1293 2250 1438 2338 δίκροτον

314 2355 458 2425 ἐνταῦθα
486 2370 544 2446 τῆς
574 2358 700 2446 φύσεως
729 2357 902 2446 φερούσης,
935 2356 971 2423 ού
995 2358 1085 2423 δυοῖν
1106 2355 1222 2422 πίθων
1244 2347 1290 2434 εἷς
1312 2354 1437 2440 ταμίας

314 2468 425 2552 ὥσπερ
455 2463 585 2547 νάματα
617 2465 659 2530 τὰ
688 2463 878 2552 πράγματα.
902 2464 1096 2552 καπηλικῶς
1126 2461 1285 2546 διανέμων
1319 2461 1436 2529 ἀνακε-

314 2571 462 2658 ράννυσιν
484 2572 569 2658 ἡμῖν,
593 2559 670 2635 ἀλλ>
687 2569 757 2636 ἀπὸ
780 2570 869 2636 δυοῖν
893 2567 1044 2636 ἐναντίων
1066 2569 1171 2657 ἀρχῶν
1193 2568 1251 2636 καί
1274 2570 1365 2636 δυοῖν
1380 2569 1435 2634 ἀν-

313 2677 463 2742 τιπάλων
486 2675 664 2760 δυνάμεων,
700 2689 758 2763 τῆς
780 2673 839 2760 μέν
868 2674 927 2742 ἐπὶ
950 2677 992 2741 τὰ
1015 2675 1106 2755 δεξιὰ
1128 2675 1187 2742 καὶ
1209 2665 1285 2742 κατ’
1304 2675 1439 2742 εὐθεῖαν

313 2781 541 2872 ὑφηγουμένης,
572 2795 629 2870 της
652 2770 687 2846 δ’
705 2777 851 2865 έμπαλιν
873 2782 1135 2870 ἀναστρεφούσης
1157 2781 1214 2848 καὶ
1237 2782 1436 2872 ἀνακλώσης,

314 2889 332 2954 δ’
354 2913 390 2954 τε
411 2887 484 2972 βίος
505 2889 621 2972 μικτὸς
644 2889 663 2954 ό
684 2913 719 2954 τε
742 2888 872 2972 κόσμος,
904 2885 933 2954 εί
956 2887 1013 2954 καί
1036 2891 1080 2978 μὴ
1105 2900 1173 2966 πάς
1196 2877 1272 2953 ἀλλ’
1298 2890 1316 2955 δ
1339 2887 1435 2976 περί-

314 3018 399 3080 γειος
423 2989 515 3072 ούτος
537 2993 595 3060 καί
617 2996 699 3077 μετὰ
714 2994 884 3083 σελήνηνῖ,
900 2995 1072 3078 ἀνώμαλος
1087 2993 1145 3061 καὶ
1160 2992 1314 3072 ποικίλος
1329 2993 1438 3080 γέγονε

313 3099 370 3166 καὶ
393 3101 578 3184 μεταβολὰς
601 3099 714 3178 πάσας
737 3101 912 3182 δεχόμενος.
936 3097 965 3166 εί
987 3103 1048 3188 γάρ
1072 3099 1171 3168 ούθὲν
1194 3097 1350 3178 ἀναιτίως
1373 3101 1434 3167 πέ-

314 3231 396 3296 φυκε
418 3204 584 3292 γενέσθαι,
616 3203 726 3272 αἰτίαν
755 3204 791 3272 δέ
813 3217 917 3273 κακοῦ
939 3205 1086 3292 τάγαθὸν
1113 3205 1171 3273 ούκ
1195 3207 1234 3272 ἀν
1257 3207 1434 3295 παράσχοι,

314 3314 364 3380 δεῖ
393 3311 512 3399 γένεσιν
541 3308 629 3378 ίδίαν
657 3310 714 3377 καί
744 3311 840 3402 ἀρχὴν
870 3315 980 3401 ὥσπερ
1012 3313 1143 3398 ἀγαθοῦ
1171 3311 1228 3378 καί
1252 3324 1357 3378 κακοῦ
1378 3315 1436 3401 τὴν

314 3419 413 3508 φύσιν
435 3413 541 3500 ilicum.

183 3587 290 3620 sacrorum
389 3575 417 3616 a.
436 3559 548 3630 Antiqui
572 3561 689 3629 theologi
713 3561 855 3615 Plutarcho
884 3563 948 3615 sunt
970 3577 1018 3630 pro
1042 3560 1234 3630 antiquissimis
1256 3561 1436 3630 philosophis:

199 3631 274 3673 mm
313 3649 353 3703 De
371 3648 457 3703 Anim.
473 3649 560 3703 Procr.
580 3649 654 3716 33‚7
674 3666 698 3719 p.
715 3651 786 3704 1030
806 3654 834 3704 ολ
851 3670 879 3704 τε
899 3653 988 3704 πάλαι
1004 3651 1136 3718 θεολόγοι
1151 3651 1336 3722 πρεσβύτατοι
1355 3653 1435 3721 φιλο·

316 3740 413 3810 σόφυν
430 3741 512 3798 ὅντες.
549 3736 637 3790 Etiam
660 3738 777 3807 patrium
801 3737 909 3792 deorum
928 3739 1030 3792 cultum
1050 3737 1199 3808 antiquitus
1221 3739 1356 3806 receptum
1374 3738 1435 3792 reti·

314 3826 429 3880 nendum
447 3842 504 3879 essa
522 3828 626 3880 censet:
645 3824 734 3880 Amat.
754 3827 797 3891 13,
818 3827 836 3880 3
854 3844 879 3896 p.
901 3827 953 3881 756
978 3829 1056 3901 ἀρκεῖ
1071 3828 1128 3898 γάρ
1145 3829 1162 3892 ἡ
1179 3829 1297 3898 πάτριος
1313 3831 1361 3879 καὶ
1381 3847 1434 3880 πα·

313 3918 379 3970 λαιά
394 3919 495 3980 πίστις,
510 3909 541 3982 ἧς
556 3917 604 3968 οὐκ
618 3916 693 3970 ἔστιν
707 3920 796 3970 εἰπεῖν
810 3912 875 3969 οὐδ’
893 3917 1018 3988 ἀνευρεῖν
1031 3917 1176 3988 τεκμήριον
1186 3916 1389 3988 ἐναργέστερον.
1401 3943 1434 3952 -

314 4007 362 4058 loia
387 3999 434 4076 ἐφ’
452 4004 512 4064 ἑνὸς
536 4007 703 4075 ταράττηται
730 4007 776 4057 καὶ
806 4007 953 4071 σαλεύηται
981 4005 1012 4056 τὸ
1039 4008 1150 4072 βέβαιον
1177 4004 1259 4070 αὐτῆς
1285 4007 1333 4056 καὶ
1359 4022 1434 4057 νενο-
1534 4035 1537 4042 ·

313 4098 464 4166 μισμένον,
489 4093 645 4164 ἐπισφαλὴς
670 4097 777 4161 γίνεται
803 4103 874 4147 πᾶσι
899 4097 946 4146 καλ
966 4093 1097 4152 ὕποπτος.
1133 4090 1217 4146 Simul
1236 4093 1326 4144 tamen
1343 4091 1377 4144 ad
1396 4107 1435 4145 sa·

314 4198 417 4235 crorum
440 4181 648 4235 commixtionem
671 4181 792 4250 proclivis
816 4184 859 4234 est
875 4181 924 4235 illa
941 4183 1029 4234 aetate
1047 4179 1270 4248 vulgatissimam:
1294 4179 1335 4232 De
1352 4180 1388 4234 Is.
1406 4182 1434 4234 et

314 4268 358 4324 Os.
378 4271 411 4324 67
435 4287 461 4340 p.
480 4269 533 4324 378
561 4271 643 4330 θεοὺς
667 4271 838 4343 ἐνομίσαμεν
862 4272 913 4340 οὐχ
938 4271 1045 4341 ἑτέρους
1069 4266 1140 4340 παρ’
1162 4270 1261 4342 ἑτέροις
1286 4269 1351 4323 οὐδὲ
1369 4277 1432 4340 βαρ-

313 4361 414 4429 βάρους
437 4361 484 4412 xci
497 4353 627 4425 Ἓλληνας
652 4358 717 4412 οὐδὲ
742 4365 850 4420 νοτίους
874 4363 922 4413 καὶ
940 4364 1076 4434 βορείους
1105 4353 1167 4410 ἀλλ’
1185 4356 1278 4428 ὥσπερ
1297 4359 1371 4424 ἣλιος
1388 4360 1433 4411 καὶ

317 4448 413 4514 σελήνη
436 4451 483 4500 καὶ
509 4450 623 4519 οὐρανὸς
645 4451 693 4502 καὶ
717 4457 753 4518 γῆ
776 4451 824 4502 καὶ
841 4451 974 4504 θάλασσα
999 4451 1077 4502 κοινὰ
1097 4459 1192 4514 πᾶσιν,
1218 4448 1383 4520 ὀνομάζεται
1400 4441 1430 4500 δ’
