3156 4988
314 319 370 384 324
791 320 957 378 Aristoteles.

316 479 451 560 ἐλπίδες
485 479 521 548 δὲ
554 479 611 548 καί
644 492 775 569 μνῆμαι1
803 480 859 546 διὰ
887 479 1021 562 cancul.
1068 479 1147 568 ἡδὲ
1173 480 1282 570 νόησις
1304 481 1325 568 ἡ
1346 468 1434 546 καθ’·

316 589 417 676 αὑτὴν
438 598 496 653 τοῦ
518 578 602 653 καθ’
628 587 708 653 αὑτὸ
731 583 874 674 ἀρίστου,
903 585 962 652 καὶ
984 588 1004 674 η
1026 586 1171 670 μάλιστα
1194 598 1253 653 τοῦ
1273 586 1437 671 μάλιστα·

316 695 415 759 αὑτὸν
447 691 484 759 δὲ
511 697 578 760 νοεῖ
600 691 618 758 ὑ
640 701 713 770 νοῦς
741 693 827 757 κατά
856 691 1042 780 μετάληψιν
1069 703 1127 760 τοῦ
1148 704 1279 782 νοητοῦ·
1323 693 1438 782 νοητὸς

318 801 379 888 γάρ
402 795 545 886 γίγνεται
567 797 731 885 θιγγάνων
753 796 812 864 καὶ
834 811 924 878 νοῶν,
948 801 1031 865 ὥστε
1045 798 1163 864 ταύτὸν
1185 809 1258 877 νοῦς
1280 797 1339 865 καί
1360 823 1437 887 νοη-

316 905 390 974 τόν·
434 906 473 972 τὸ
506 906 567 992 γάρ
603 905 749 970 δεκτικὸν
782 914 840 969 τοῦ
873 915 987 992 νοητοῦ
1020 903 1077 970 καὶ
1106 917 1163 993 της
1192 901 1305 983 οὐσίας
1331 914 1437 982 νοῦςΰ.

317 1011 437 1100 ἐνεργεῖ
459 1008 496 1078 δὲ
518 1006 605 1093 ἐγων.
651 998 733 1075 ὥστ’
759 1005 861 1076 ἐκεῖνο
883 1010 1008 1093 μᾶλλον
1035 1010 1149 1077 τοῦτον
1172 1007 1190 1076 ὃ
1214 1011 1303 1077 δοκεῖ
1326 1010 1343 1076 ὁ
1365 1021 1439 1088 νοῦς

316 1123 413 1186 θεῖον
435 1113 531 1200 tiata,
561 1114 619 1182 καὶ
641 1115 661 1204 η
682 1113 809 1204 θεωρία
838 1116 876 1181 τὸ
905 1117 1036 1205 ἥδιστον
1063 1115 1121 1182 καί
1144 1116 1285 1202 άριστον.
1330 1114 1360 1183 εἰ
1382 1113 1439 1183 οὖν

318 1225 421 1303 οὑτως
443 1221 477 1290 εὖ
499 1219 563 1306 ittet
587 1223 630 1300 ὡς
652 1223 744 1311 ὑμεῖς
767 1221 851 1290 ποτὲ
874 1223 891 1288 ὑ
914 1224 993 1300 θεὸς
1016 1220 1076 1304 αἐί,
1099 1223 1310 1307 θαυμαστόν·
1355 1219 1385 1290 εὶ
1399 1221 1439 1290 δὲ

316 1331 458 1415 μᾶλλον,
489 1325 539 1396 ἔτι
561 1329 848 1415 θαυμασιώτερον·
895 1324 958 1410 {iper
981 1328 1018 1394 δὲ
1040 1326 1129 1394 aeli.
1174 1328 1231 1395 καὶ
1255 1329 1320 1418 ζωὴ
1344 1327 1380 1394 δέ
1400 1352 1438 1414 γε

319 1435 475 1523 ὑπάρχει·
520 1434 540 1523 η
569 1435 630 1522 γάρ
659 1445 715 1501 νοῦ
744 1433 885 1522 ἐνέργεια
915 1434 998 1523 ζωή,
1032 1433 1151 1513 ἐκεῖνος
1179 1433 1215 1502 δὲ
1237 1438 1257 1524 ἡ
1280 1433 1438 1521 ἐνέργεια·

320 1540 461 1628 ἐνέργεια
491 1539 528 1606 δὲ
555 1542 575 1628 η
603 1530 687 1606 καθ’
707 1541 805 1628 αὑτὴν
834 1536 954 1608 ἐκείνου
984 1540 1050 1629 ζωὴ
1081 1539 1196 1630 ἀρίστη
1228 1540 1288 1608 καὶ
1322 1539 1438 1618 ἀίδιος.

319 1645 429 1736 φαμὲν
452 1645 488 1713 ὑὲ
510 1647 566 1712 τὸν
587 1647 667 1712 θεὸν
688 1638 773 1712 εἶναι
796 1645 879 1733 ζηῖον
901 1644 1006 1712 άίὺιον
1030 1646 1168 1734 ίίριοτον,
1193 1649 1277 1713 ὥστε
1299 1647 1364 1735 ζωὴ
1379 1645 1440 1712 καὶ
1554 1631 1555 1694 ί

320 1749 403 1818 αἰὼν
434 1753 561 1840 συνεχὴς
595 1750 653 1817 καὶ
685 1749 792 1830 άίὺιος
825 1752 964 1840 ὑπάρχει
997 1751 1045 1840 τῷ
1074 1753 1161 1840 θεῷ·
1205 1764 1301 1820 τοῦτο
1330 1754 1390 1841 γάρ
1420 1752 1439 1818 ὑ

318 1858 426 1936 eecce

392 2032 421 2073 a.
442 2019 575 2088 Διαγωγὴ
593 2017 666 2087 quid.
682 2019 719 2071 sit
736 2035 759 2072 v.
779 2023 822 2070 m?
840 2018 907 2083 3003
932 2017 1036 2084 Bonita,
1060 2017 1123 2071 Met.
1149 2017 1238 2073 1145.
1258 2045 1293 2056 -
1318 2017 1355 2073 Cf.
1374 2017 1439 2074 mn.

319 2105 379 2161 Nic.
397 2107 423 2159 X
442 2107 467 2160 7.
487 2105 576 2160 11771)
595 2107 630 2160 26
651 2109 666 2159 ὁ
685 2106 716 2160 ὑὲ
736 2115 861 2167 τοιοῦτος
880 2109 914 2159 (lv
932 2111 972 2173 εῖη
990 2111 1050 2175 βίος
1067 2111 1195 2178 κρείττων
1219 2110 1235 2173 ἢ
1252 2102 1313 2160 κατ’
1331 2111 1440 2178 άνῦρω-
1555 2095 1557 2152 ἶ

321 2210 388 2250 πον’
426 2196 459 2248 οὐ
476 2196 531 2267 γάρ
548 2183 565 2267 ἧ
584 2196 732 2269 ίίνθρωπός
758 2197 834 2248 ἔστιν
862 2196 933 2247 οὑτω
960 2197 1103 2263 βιώσεται,
1132 2183 1227 2268 ἀλλ’ἢ
1249 2197 1329 2249 θεῖόν
1356 2216 1382 2248 τι
1408 2197 1442 2250 ἐν

320 2285 396 2351 αὐτῷ
416 2285 540 2352 ὑπάρχει.
560 2312 594 2320 -
614 2288 639 2337 el
656 2282 692 2349 άὴ
710 2289 789 2336 θεῖον
807 2286 823 2336 ὁ
841 2293 904 2344 νοῦς
923 2285 991 2350 πρὸς
1009 2285 1058 2342 ,τὸν
1077 2287 1240 2354 ἄνθρωπον,
1264 2287 1311 2337 καὶ
1336 2286 1441 2338 ὁκατά

321 2381 421 2424 τσῖτον
447 2376 505 2439 βίος
532 2377 609 2431 θεῖος
636 2373 704 2445 πρὸς
731 2373 780 2424 τὸν
804 2373 982 2442 ἀνθρώπινον
1005 2376 1074 2439 βίον.
1113 2374 1145 2424 οὐ
1159 2373 1214 2443 χρὴ
1237 2372 1357 2425 δίκαιά
1376 2374 1442 2434 τοὺς

323 2469 527 2530 παραινοῦντας
554 2458 643 2525 (Rhet.
661 2458 689 2512 Π
707 2458 750 2512 21.
778 2457 867 2513 13944)
886 2459 931 2524 24)
960 2461 1122 2533 ἀνθρώπινα
1150 2466 1263 2532 φρονεῖν
1291 2464 1443 2534 ίίνῦρωπον

321 2551 390 2600 ὄντα
419 2547 484 2601 οὐδὲ
510 2550 599 2614 θνητά
627 2549 676 2600 τὸν
703 2549 814 2614 θνητόν,
843 2544 904 2600 ἀλλ’
926 2545 973 2618 ἐφ’
996 2549 1063 2602 ὅσον
1090 2549 1231 2618 ἐνδέχεται
1256 2549 1441 2610 ἀθανατίζειν.

322 2635 388 2688 Ibid.
408 2651 430 2689 c.
449 2636 466 2689 8
490 2635 519 2688 in
543 2635 621 2688 deum
644 2635 744 2688 nullam
763 2635 892 2688 actionem
910 2636 1033 2710 (πρᾶξιν)
1050 2637 1186 2690 convenire
1203 2639 1308 2706 praeter
1326 2640 1443 2690 contam-

322 2723 465 2793 plationem
483 2723 624 2797 (θεωρίαν)
642 2723 749 2776 uberius
767 2723 971 2778 demonstratur.
1008 2724 1048 2777 De
1067 2723 1143 2779 Caelo
1161 2725 1189 2777 H
1207 2725 1249 2779 12.
1272 2724 1344 2779 2921)
1362 2725 1381 2778 4
1402 2729 1442 2795 τῷ

323 2809 352 2865 ‹5'
371 2815 406 2873 ὡς
425 2815 523 2884 ίίριστα
543 2813 634 2882 ἔχοντι
654 2813 738 2866 οὐθὲν
756 2812 801 2865 άεῑ
818 2815 951 2886 πράξεως·
988 2813 1047 2866 ἔστι
1071 2815 1126 2886 γάρ
1149 2815 1218 2866 αὐτὸ
1242 2815 1274 2866 τὸ
1300 2806 1334 2866 οὑ
1355 2813 1441 2868 ἕνεκα.

321 2899 385 2953 Eth.
404 2900 462 2954 Nic.
481 2899 532 2952 VH
551 2899 593 2953 15.
612 2898 700 2953 1154δ
720 2899 755 2953 24
773 2902 834 2954 ἐπεὶ
852 2905 945 2954 elren
962 2903 1077 2972 ἡφύσις
1101 2903 1175 2969 άπῖη
1193 2907 1247 2969 εἴη,
1276 2904 1319 2956 ἀεὶ
1337 2905 1354 2968 ἡ
1373 2904 1442 2968 αὐτὴ

323 2993 424 3062 πρᾶξις
452 2988 549 3055 ηάίστη
575 2990 661 3042 ἔσται.
698 2988 745 3042 άιὸ
765 2991 781 3041 ὁ
800 2991 864 3050 θεὸς
889 2991 932 3043 ἀεὶ
954 2995 1026 3060 μίαν
1044 2994 1090 3043 καὶ
1110 2992 1199 3056 ἁπλῆν
1213 2995 1307 3064 χαίρει
1325 2991 1440 3057 ἡδονήν·

324 3079 358 3129 οὐ
376 3079 431 3149 γάρ
447 3078 535 3149 μόνον
552 3078 680 3142 κινήσεώς
698 3078 775 3130 ἐστιν
792 3077 927 3150 ἐνέργεια,
956 3079 1090 3130 ἀλλὰκαὶ
1109 3079 1261 3145 ἀκινησίας,
1286 3081 1334 3132 καὶ
1356 3079 1442 3145 ἡδονὴ

322 3168 432 3237 μᾶλλον
450 3166 479 3219 ἐν
497 3166 595 3236 ἠρεμίᾳ
614 3165 690 3218 ἐστὶν
709 3168 725 3230 ἢ
743 3167 773 3220 ἐν
789 3167 901 3231 κινήσει,
920 3170 963 3218 m’
982 3166 1042 3220 339.

395 3287 425 3343 b.
445 3287 602 3342 Hominibus
620 3287 784 3358 voluptatem
802 3287 916 3342 afferunt
934 3287 1020 3342 variae
1034 3287 1134 3342 animae
1148 3287 1263 3342 actiones
1281 3290 1309 3342 et
1327 3305 1393 3358 quae
1406 3289 1441 3342 ad

322 3393 368 3431 eae
387 3375 476 3430 referri
494 3377 614 3446 possunt.

395 3513 422 3555 ο.
443 3499 614 3566 „Intellectio
633 3515 734 3552 summa
752 3501 780 3552 et
798 3499 920 3552 absoluta
937 3515 1065 3552 summam
1083 3501 1276 3570 contemplatur
1292 3502 1321 3554 et
1338 3500 1442 3554 absulu-

324 3591 381 3642 tam
409 3587 600 3654 substantiam,
628 3603 656 3640 se
683 3587 768 3655 igitur
795 3587 881 3657 ipsum
915 3588 1109 3656 contemplatur
1136 3605 1253 3641 summus
1280 3587 1440 3642 intellectus.

324 3675 391 3730 Cum
409 3675 478 3728 enim
496 3674 694 3744 comprehendit
717 3677 744 3728 et
763 3675 838 3744 quasi
856 3675 971 3742 attingit
988 3675 1015 3728 id
1034 3675 1103 3745 quod
1122 3679 1164 3728 est
1181 3675 1362 3744 intelligibile,
1390 3675 1441 3728 sibi

324 3764 381 3834 ipse
399 3762 431 3816 fit
449 3763 639 3831 intelligibilis,
667 3765 699 3816 ut
716 3763 786 3816 idem
805 3763 842 3816 sit
859 3763 1010 3817 intellectus
1028 3767 1057 3816 et
1074 3764 1249 3832 intelligibile.
1285 3763 1441 3817 Intellectus

324 3851 395 3905 enim
419 3853 513 3922 suapte
536 3853 633 3904 natura
656 3853 736 3921 aptus
760 3853 803 3903 eat
821 3850 854 3903 ad
873 3851 1095 3921 recipiendumid
1113 3852 1183 3922 quod
1202 3855 1244 3906 est
1263 3851 1440 3920 intelligibile,

324 3941 368 3994 est
385 3941 473 3992 autem
492 3937 526 3992 ad
544 3939 717 4008 recipiendam
736 3939 938 3992 substantiam.“
974 3939 1068 3993 Bonitz
1087 3957 1112 4009 p.
1131 3941 1192 3994 501.

397 4058 565 4136 (1.Ἐνεργεῖ
581 4063 614 4117 δὲ
632 4064 702 4134 ἔχων
719 4064 762 4130 (τὸ
780 4064 888 4130 νοητόν)
906 4063 923 4117 i.
938 4080 960 4117 e.
979 4063 1036 4134 ipse
1053 4063 1082 4117 in
1100 4081 1127 4117 se
1141 4081 1224 4134 neque
1238 4066 1312 4118 extra
1325 4063 1441 4134 pesitum

324 4151 407 4204 habet
425 4153 456 4204 τὸ
474 4153 579 4218 νοητόν,
597 4153 737 4221 propterea
754 4167 806 4204 non
825 4150 909 4204 solum
927 4151 1039 4204 facultas
1054 4151 1100 4205 sed
1117 4152 1174 4222 ipse
1187 4153 1262 4205 actus
1280 4154 1323 4205 eet
1340 4151 1442 4204 intelle-

325 4237 412 4306 gendi.
447 4237 535 4308 Atque
553 4237 577 4292 si
594 4241 683 4292 actum
700 4239 821 4309 potentia
837 4239 966 4309 potiorem
983 4256 1041 4293 ecee
1059 4243 1165 4293 constat
1181 4239 1224 4306 (εί.
1239 4239 1279 4293 IX
1297 4239 1332 4306 8),
1351 4239 1380 4292 in
1392 4240 1442 4293 hoc

325 4325 496 4393 intellegendi
514 4328 576 4380 actu
594 4328 701 4394 (ἐκεῖνο)
718 4326 808 4396 potius
827 4343 906 4396 qnam
922 4326 952 4380 in
969 4327 1089 4398 petentia
1106 4330 1224 4401 (μᾶλλον
1242 4327 1354 4392 τοῦτον)
1378 4326 1442 4380 divt-

325 4428 387 4467 nam
405 4412 460 4466 eius
478 4416 601 4468 naturam
615 4414 685 4469 cerni
703 4416 821 4484 apparet,
839 4430 920 4484 eaque
934 4415 1127 4486 suimetipsius
1141 4415 1326 4485 contemplatio
1340 4431 1442 4470 aumma
