3148 4984
163 3191 240 3233 munli

130 3245 271 3298 pulchritudo

177 4183 271 4224 mundus

183 4237 266 4278 animal

291 317 346 380 [184
762 323 950 394 Naoplatonici.

293 481 425 569 τρόπῳ,
456 478 535 564 ἔχων
564 484 670 570 ψυχὴν
699 481 757 565 οδχ
786 483 886 550 αὑτοῦ
907 472 984 549 άλλ’
1003 483 1105 571 αὑτῷ,
1141 485 1356 572 κρατούμενος
1378 484 1415 550 οδ

294 600 431 675 κρατῶν,
455 587 514 654 καῖ
538 587 685 673 ἐχόμενος
707 577 785 656 ἀλλ’
803 588 861 656 οὐκ
882 585 970 673 ticos.
994 594 1102 658 κεῖται
1125 593 1186 678 γὰρ
1210 591 1244 658 ὲν
1265 591 1309 680 τῇ
1324 590 1415 680 ψυχῇ

294 695 445 784 ἀνεχούσῃ
475 693 584 777 αάτόν,
613 694 673 762 καὶ
702 694 795 764 οὐδὲν
823 696 959 785 δίμοιρόν
981 696 1070 764 ἐστιν
1093 696 1218 786 αὐτηςθ,
1254 699 1299 776 ὡς
1321 699 1360 764 δν
1383 697 1416 764 ἐν

293 802 391 869 όδασι
413 800 545 868 δίκτυον
567 802 754 888 τεγγόμενον
777 797 859 892 ζῴη,
888 801 925 870 οδ
948 805 1124 888 δυνάμενον
1154 803 1191 872 δὲ
1213 805 1314 871 αὑτοῦ
1335 828 1415 870 ποι-

294 912 409 975 εῖσθαι
439 907 473 975 ἐν
502 892 529 996 ᾧ
560 908 657 976 ἐστιν.
704 909 787 974 ἀλλὰ
809 911 848 976 τδ
876 908 937 994 μὲν
959 908 1089 978 δίκτυον
1112 909 1333 1000 ἐκτεινομένης
1355 910 1415 1000 ἤδη

293 1027 352 1104 της
386 1015 560 1105 θαλάσσης
599 1015 828 1082 συνεκτέταται
867 1015 943 1084 ὅσον
977 1016 1057 1084 αὐτὸ
1091 1017 1244 1084 δύναται·
1283 1016 1320 1084 οδ
1355 1019 1415 1104 γὰρ

294 1121 430 1189 δόναται
453 1122 617 1206 ἀλλαχόθι
640 1121 779 1190 ἕκαστον
801 1136 866 1189 τῶν
887 1121 1010 1212 μορίων
1032 1125 1052 1213 ἢ
1075 1123 1159 1191 ὅπου
1189 1129 1297 1191 κεῖται
1319 1117 1414 1190 εἶναι.

294 1228 374 1318 ἡδὲ
395 1230 537 1318 τοσαάτη
560 1229 631 1296 ἐστὶ
653 1232 711 1319 τὴν
734 1231 845 1318 φύσιν,
876 1231 928 1298 ὅτι
950 1233 996 1320 μὴ
1019 1232 1149 1321 τοσήδε,
1180 1233 1263 1298 ὥστε
1287 1241 1356 1295 πᾶν
1378 1232 1415 1296 τὸ

294 1349 390 1420 σῶμα
414 1337 678 1422 καταλαμβάνειν
700 1335 749 1424 τῷ
772 1336 870 1424 αὐτῷ,
898 1337 957 1404 καὶ
980 1339 1064 1406 ὅπου
1090 1339 1129 1404 δν
1151 1337 1281 1425 tatuini
1303 1334 1414 1418 ἐκεῖνο,

295 1441 362 1509 ἐκεῖ
385 1441 483 1509 ἐστι’.

367 1600 395 1640 11.
415 1584 511 1640 Consot
533 1585 659 1640 mundum
686 1586 874 1656 sempiternum
899 1603 956 1641 osso
975 1603 1058 1656 noque
1077 1603 1193 1657 unquam
1210 1586 1333 1652 interire,
1358 1601 1416 1654 pro·

295 1677 386 1745 ptores
410 1674 479 1744 quod
503 1689 545 1728 ras
563 1691 697 1744 nunquam
715 1692 767 1728 non
785 1675 929 1745 procedant
947 1693 978 1729 ox
995 1675 1132 1746 principiis
1150 1675 1211 1728 istis
1230 1691 1296 1745 quaa
1317 1675 1416 1727 statuo·

295 1762 488 1818 bataotamis:
507 1759 573 1818 111111.
592 1762 663 1830 111,
683 1765 763 1834 lsq.;
782 1763 867 1834 1111,
887 1765 973 1832 1;lv
992 1767 1018 1832 8,
1038 1767 1062 1820 6.

366 1887 397 1945 11.
416 1887 529 1942 Materia
553 1889 633 1942 aliam
657 1888 720 1942 alibi
745 1905 805 1943 cum
830 1889 944 1958 caligine
962 1891 1129 1960 comparatur
1146 1889 1220 1942 volut
1237 1887 1303 1942 Enn.
1322 1887 1337 1940 I
1355 1887 1380 1952 8,
1398 1886 1415 1940 4

294 1977 427 2048 (ἡψυχὴ)
453 1978 553 2031 σκότον
578 1979 629 2051 δρᾷ
652 1982 699 2031 καὶ
725 1979 781 2048 ἔχει
805 1978 858 2045 ἤδη
877 1980 948 2046 ὕλην.
985 1977 1063 2034 Ib.5
1086 1980 1205 2046 ἔλλειψις
1229 1987 1279 2031 τοῦ
1303 1979 1417 2046 ἀγαθοῦ

297 2071 372 2120 cirta
391 2075 442 2120 τοῦ
459 2069 527 2140 ὁρᾶν
545 2070 592 2120 καὶ
611 2072 735 2120 συνεῖναι
753 2069 791 2136 τῷ
810 2069 907 2122 σκότει.

367 2186 394 2231 ο.
412 2173 501 2226 Verba
527 2173 709 2243 implicatiora.
757 2171 872 2227 Videtur
899 2174 964 2228 hacc
993 2174 1091 2228 dicero:
1129 2173 1202 2227 naias
1233 2174 1292 2226 orat
1323 2187 1416 2241 corpus

296 2262 398 2316 animao
416 2262 530 2316 vicinum
548 2262 659 2316 rationis
677 2277 769 2332 sipara
787 2279 857 2316 csso:
885 2262 955 2332 quod
975 2261 998 2316 si
1017 2265 1088 2316 essct
1106 2261 1173 2329 talo,
1192 2265 1276 2328 assat,
1301 2259 1372 2330 quod
1389 2260 1417 2313 in

297 2351 462 2422 proverbium
490 2350 570 2418 abiit,
598 2351 736 2405 obscurum
763 2351 792 2404 in
822 2351 931 2405 obscuro
958 2352 976 2406 1.
995 2368 1017 2406 ο.
1046 2367 1121 2405 casca
1148 2351 1234 2405 anima
1258 2350 1286 2404 in
1311 2365 1417 2419 corporo

296 2457 378 2495 caeco.

367 2545 397 2602 t.
417 2545 587 2615 significatur
610 2547 697 2600 anima
719 2547 766 2601 illa
789 2548 874 2618 prior,
903 2565 969 2619 quaa
993 2547 1028 2602 ad
1055 2547 1218 2602 intollootum
1246 2545 1346 2614 vergit,
1373 2551 1418 2598 aa

297 2637 389 2703 515c;
417 2637 503 2690 51611.
547 2633 710 2706 Quamquam
735 2635 796 2690 aliis
819 2635 884 2690 locis
912 2637 1024 2691 animam
1052 2637 1204 2690 creatricem
1230 2637 1333 2706 lapsam
1360 2651 1418 2688 assa

296 2725 401 2780 omnino
419 2728 501 2794 nogat
518 2725 593 2779 volut
610 2724 676 2779 Eun.
691 2724 756 2792 119,
776 2725 794 2778 4
820 2727 900 2798 ἡμεῖς
918 2726 950 2780 δὲ
970 2728 1003 2778 οὐ
1021 2731 1114 2781 νεῦσίν
1133 2743 1227 2797 φαμεν
1244 2726 1302 2792 (τῆς
1316 2725 1419 2795 ψυχῆς)

296 2817 345 2882 τὴν
363 2825 503 2870 ποιοῦσαν
519 2815 579 2880 (τόν
596 2814 727 2886 κόσμον),
757 2815 826 2868 ἀλλὰ
843 2817 951 2886 μᾶλλον
974 2816 1015 2886 μὴ
1033 2825 1134 2870 νεῦσιν.
1167 2819 1192 2868 εἰ
1210 2814 1242 2868 δὲ
1260 2815 1360 2877 ἔνευσε,
1381 2815 1418 2882 τῷ

296 2905 475 2971 ἐπιλελῆσθαι
494 2902 622 2970 δηλονότι
636 2912 690 2956 τῶν
703 2903 769 2956 ἐκεῖ·
788 2907 814 2956 al
827 2902 859 2958 tl
873 2904 1034 2969 ἐπελάθετο,
1053 2913 1110 2964 πῶς
1124 2903 1308 2975 δημιουργεῖ,·
1328 2903 1420 2955 πόθεν

296 2994 351 3066 γάρ
369 2998 446 3046 ποιεῖ
463 2995 479 3057 ἢ
497 2992 526 3054 ἐξ
545 2985 583 3044 ὧν
601 2991 675 3046 εἶδεν
693 2992 760 3056 exam
780 2994 805 3045 al
819 2991 851 3045 δὲ
865 2993 975 3046 ἐκείνων
987 2997 1149 3065 μεμνημένη
1163 2998 1246 3056 ποιεῖ,
1266 2991 1332 3044 οὐδὲ
1350 2991 1420 3052 ὅλως

297 3083 411 3135 ἔνευσεν.
455 3078 493 3134 cf.
512 3078 564 3133 511
576 3097 590 3133 o
609 3079 654 3134 fin.

370 3200 397 3242 a.
417 3185 486 3240 Nam
505 3202 673 3256 quaecunque
693 3185 801 3240 suntin
819 3185 869 3240 hoc
887 3185 992 3252 mundo,
1012 3186 1125 3240 animam
1142 3185 1242 3239 habont
1265 3189 1294 3240 at
1311 3185 1364 3238 vim
1382 3184 1419 3238 vi·

298 3277 378 3331 talem
397 3279 425 3330 at
444 3278 508 3330 sunt
526 3275 599 3329 volut
616 3275 744 3343 imagines
762 3291 859 3342 corum,
879 3292 945 3346 quac
970 3275 1061 3344 vigent
1079 3278 1186 3328 καίει-οε
1203 3275 1232 3329 in
1256 3273 1353 3328 mundo
1371 3273 1418 3327 illo

296 3365 473 3435 intelligibili:
492 3363 559 3420 Ean.
578 3363 706 3430 V17,11.
743 3363 795 3418 Sed
813 3359 893 3418 otiam
911 3364 955 3417 hic
972 3364 1086 3418 mundus
1103 3364 1295 3435 pulcherrimus
1313 3366 1357 3416 ast
1373 3379 1417 3418 na·

297 3473 347 3527 qua
372 3454 516 3526 vituperari
540 3456 630 3524 potcst
648 3452 700 3507 nisi
718 3469 734 3506 a
753 3452 860 3508 stultis:
878 3451 951 3520 119,
970 3453 988 3506 4
1017 3453 1082 3508 οὐδὲ
1107 3456 1138 3506 τὸ
1162 3463 1250 3514 κακῶς
1273 3457 1419 3522 γεγονέναι

297 3545 378 3600 τόνδε
397 3547 446 3598 τὸν
463 3545 571 3616 κόσμον
588 3543 688 3597 δοτέον
706 3545 743 3611 τῷ
762 3543 852 3596 πολλὰ
871 3542 942 3596 εἶναι
960 3543 991 3596 έν
1009 3543 1083 3612 αὐτῷ
1097 3541 1230 3616 δυσχερῆ·
1259 3551 1343 3596 τοῦτο
1364 3543 1420 3611 γάρ

298 3636 407 3703 ἀξίωμα
430 3633 525 3705 μεῖζόν
542 3634 602 3686 ἔστι
620 3635 819 3703 περιτιθέντων
837 3631 925 3700 αὐτῷ,
950 3635 975 3684 εἰ
993 3632 1102 3692 ἀξιοῦσι
1121 3633 1169 3684 τὸν
1188 3632 1273 3684 αὐτόν
1290 3630 1362 3684 εἶναι
1381 3631 1418 3698 τῷ

297 3724 393 3791 νοητῷ,
413 3722 482 3774 ἀλλὰ
496 3722 537 3793 μὴ
552 3722 644 3774 εἰκόνα
658 3721 769 3774 ἐκείνου.
797 3717 888 3788 Ipsum
906 3719 1013 3785 malum,
1032 3717 1102 3788 quod
1119 3718 1147 3772 in
1165 3717 1263 3772 mundo
1281 3721 1331 3785 ost,
1349 3717 1419 3772 bono

297 3809 420 3864 inservit:
444 3807 511 3862 Enn.
530 3807 571 3861 ΠΙ
590 3807 615 3874 2,
634 3807 651 3861 5
676 3809 692 3874 ἡ
711 3807 743 3861 δὲ
766 3813 848 3861 κακία
873 3809 1023 3881 ε1ργάσοιτό
1047 3827 1074 3861 τι
1088 3809 1229 3882 χρήσιμον
1246 3811 1286 3868 εἰς
1303 3809 1335 3860 τδ
1353 3808 1420 3859 ὅλον

298 3899 480 3974 παράδειγμα
509 3897 586 3964 δίκης
613 3901 747 3970 γενομένη
774 3901 821 3950 καῖ
848 3899 938 3951 πολλὰ
966 3897 995 3958 ἐξ
1023 3898 1106 3964 αὐτῆς
1125 3897 1254 3970 χρήσιμα
1273 3912 1418 3966 παρασχο·

296 3994 373 4061 μένη.
399 4015 433 4026 -··
459 3997 541 4040 τοῦτο
564 3983 599 4041 δὲ
618 3987 763 4058 δυνάμεως
785 3990 920 4058 μεγίστης
936 3988 1025 4046 καλῶς
1042 3989 1089 4040 καὶ
1107 3991 1165 4046 τοῖς
1181 3990 1277 4046 κακοῖς
1290 3990 1419 4056 χρῆσθαι

298 4077 447 4132 δύνασθαι.

370 4183 394 4238 i.
413 4183 483 4236 Nam
499 4181 613 4236 mundus
632 4185 759 4251 tanquam
777 4181 873 4236 animal
891 4184 948 4249 cst,
974 4180 1042 4251 quod
1062 4183 1149 4234 totum
1167 4179 1233 4233 vivit
1251 4183 1280 4234 at
1297 4180 1418 4234 omnibus

298 4272 421 4326 membris
444 4271 472 4324 in
495 4287 577 4324 unum
600 4271 671 4324 vitae
689 4269 767 4324 finem
792 4287 822 4324 ao
841 4287 946 4324 sonsum
969 4269 1118 4341 conspirat,
1146 4269 1177 4324 ci.
1195 4267 1262 4322 Enn.
1283 4267 1321 4322 [V
1339 4270 1364 4336 4,
1383 4269 1419 4324 32

299 4371 410 4430 πρῶτον
428 4365 522 4414 τοίνυν
539 4365 635 4414 θετέον
658 4363 725 4430 ζῷον
749 4359 779 4414 ἓν
797 4363 889 4413 πάντα
909 4362 943 4412 τὰ
963 4362 1015 4429 ζῷα
1040 4361 1074 4413 τά
1092 4360 1168 4420 έντδς
1187 4359 1274 4412 αὐτοῦ
1291 4363 1420 4430 περιέχον

301 4449 365 4502 τόδε
384 4450 416 4501 τὸ
434 4458 492 4501 πᾶν
510 4448 587 4514 εῖναι,
614 4450 707 4520 ψυχὴν
724 4455 795 4520 μίαν
819 4449 885 4519 ἔχον
907 4453 945 4510 είς
964 4451 1056 4502 πάντα
1076 4449 1162 4501 αὐτοῦ
1178 4451 1255 4520 μέρη.
1284 4473 1318 4485 ·-
1347 4463 1418 4518 συμ-
