3156 4988
563 339 675 409 Sceptiei
694 339 862 408 antiquiores.
1219 338 1271 398 371

152 519 245 563 νυσιν
274 511 332 586 τῆς
365 497 694 584 ἀπροπτιοσίας,
730 501 774 576 ὡς
809 496 838 565 ελ
873 498 930 564 καὶ
965 500 1137 577 νεύσαντας
1175 511 1271 566 τοῦτο

152 602 309 686 ἐνεδέχετο
340 605 494 693 δηλῶσαι.
542 605 597 670 διά
627 618 684 694 της
714 603 768 670 οὖν
794 604 894 672 Οὐδὲν
925 602 1073 691 ὁρίζομεν
1102 619 1210 694 φωνης
1233 609 1272 672 τὸ

152 725 209 800 τῆς
240 709 444 799 ἀρρεψίας
476 712 592 790 πάθος
622 713 795 801 δηλοῦται·
833 709 954 796 ὁμοίιος
983 711 1019 777 δὲ
1049 711 1106 778 καί
1135 713 1272 801 διάτῆς

155 817 256 885 Ούδὲν
278 819 401 901 μᾶλλον
424 817 481 884 καὶ
504 831 561 907 της
576 817 685 884 Παντὶ
708 819 793 905 λόγῳ
817 820 911 904 λόγος
934 815 1112 885 ἀντίκειται
1136 817 1272 884 καὶτῶν

152 923 282 1008 ὁμοίων.
318 965 359 972 -
397 934 448 990 76.
484 924 653 1013 ἀναιροῦσι
685 915 716 990 δ’
735 922 766 991 οῖ
791 924 969 991 Σκεπτικοῖ
999 923 1056 990 καὶ
1085 923 1182 1012 αὐτὴν
1214 926 1272 1013 τὴν

155 1031 257 1098 Οὐδὲν
285 1032 410 1114 μᾶλλον
439 1033 567 1120 φωνήν·
602 1033 647 1109 ὡς
676 1034 737 1118 γάρ
768 1030 804 1096 ού
832 1031 955 1114 μᾶλλόν
985 1029 1054 1097 ἐστι
1089 1031 1227 1117 πρόνοια
1251 1032 1272 1120 ἢ

152 1136 210 1204 ούκ
233 1135 330 1218 ἔστιν,
356 1140 439 1203 ούτω
462 1136 518 1202 καί
536 1139 573 1203 τὸ
593 1136 692 1204 Ούδὲν
714 1138 839 1222 μᾶλλον
864 1136 901 1203 ού
922 1137 1046 1221 μᾶλλόν
1069 1135 1156 1202 ἐστιν
1179 1135 1271 1225 ἢούκ

151 1240 230 1311 ἔστι.
278 1241 427 1333 σημαίνει
456 1240 510 1309 οὖν
540 1245 689 1333 ἡφωνη,
720 1244 813 1309 καθά
837 1265 918 1334 φησι
949 1241 1007 1308 καί
1034 1240 1145 1326 Τίμων
1169 1241 1201 1308 έν
1224 1241 1271 1329 ve*

150 1352 307 1430 Πύθωνι,
337 1351 375 1416 τὸ
403 1347 503 1438 μηδὲν
533 1347 659 1438 ὁρίζειν,
685 1340 760 1416 ἀλλ’
779 1350 1014 1437 ἀπροσθετεῖν·
1060 1348 1139 1438 ἡδὲ
1162 1347 1271 1416 Παντῖ
1359 1343 1368 1362 ’

151 1457 235 1543 λόγῳ
269 1458 359 1544 φωνὴ
389 1455 446 1521 καί
474 1455 556 1544 αύτὴ
587 1456 718 1542 συνάγει
747 1459 804 1546 την
833 1457 996 1544 ἐποχήν·
1041 1454 1187 1539 τωνμέν
1210 1456 1271 1542 γάρ

151 1561 355 1649 πραγμάτιον
393 1562 657 1649 διαφωνούντων,
702 1577 766 1628 τῶν
804 1561 840 1628 δὲ
879 1563 980 1648 λόγων
1018 1557 1272 1628 ῖσοσθενούντων

150 1666 295 1754 ἀγνωσία
317 1683 375 1757 της
398 1667 557 1758 ἀληθείας
580 1669 818 1736 ἐπακολουθεῖ·
849 1669 907 1735 καῖ
931 1668 1020 1755 αύτῷ
1043 1667 1079 1734 δὲ
1101 1669 1205 1754 τούτῳ
1224 1666 1272 1754 τηῖ

151 1775 236 1862 λόγῳ
261 1775 354 1861 λόγος
377 1773 574 1855 ἀντίκειται,
604 1773 640 1854 ὃς
668 1775 725 1841 καὶ
749 1775 847 1854 αύτὸς
876 1777 959 1860 μετὰ
988 1777 1026 1841 τὸ
1049 1775 1172 1840 ἀνελεῖν
1195 1776 1269 1852 τοὺς

151 1873 269 1960 ἀλλους
287 1871 355 1970 ,ὑφ’
376 1879 492 1948 ἑαυτοῦ
520 1882 737 1971 περιτραπεὶς
765 1883 968 1962 ἀπόλλυται,
1004 1879 1082 1947 κατ’
1100 1878 1172 1947 ἴσον
1191 1884 1272 1960 Ιτοῖς

151 1993 387 2076 καθαρτικοῖς,
423 1987 523 2077 ἀτην
546 1990 623 2077 ύλην
646 1987 904 2076 προεκκρίναντα
928 1987 985 2053 καὶ
1009 1987 1092 2053 αύτά
1115 1985 1272 2073 ὑπεκκρί-

151 2118 240 2159 νεται
263 2094 320 2160 καῖ
344 2094 595 2174 ἑξαπόλλυται“.

222 2285 251 2325 s.
276 2271 315 2324 De
334 2273 456 2325 extremis
475 2273 506 2326 ef.
525 2272 649 2326 Aristoni.
668 2274 686 2326 1.
705 2273 723 2326 l.
743 2273 774 2326 21
796 2275 824 2325 et
842 2272 912 2335 Sext,
936 2272 1030 2340 Pyrrh.
1048 2271 1147 2336 120&
1166 2271 1193 2323 H
1211 2271 1272 2326 188.

149 2359 234 2413 Math.
254 2359 318 2412 VIII
336 2361 396 2415 480.
434 2361 473 2414 De
492 2362 649 2415 dictionibus
668 2363 795 2433 (φωναῖς)
814 2360 991 2430 Sceptieorum
1009 2378 1032 2414 v.
1052 2360 1122 2413 Sext.
1148 2359 1240 2428 Pyrrh.
1259 2359 1273 2411 I

152 2448 301 2502 187-208.

5 2757 7 2810 ἡ
101 2748 143 2788 ³64
221 2733 306 2796 sext.
329 2733 442 2815 Pyrrh.
466 2734 483 2797 Ι
507 2743 557 2800 29.
605 2732 674 2798 Καὶ
706 2730 736 2799 οῖ
761 2731 939 2798 Σκεπτικοῖ
968 2728 1023 2797 ούν
1045 2730 1183 2818 ἤλπιζον
1210 2729 1271 2812 μὲν
1297 2729 1447 2824 efflei..

151 2839 208 2925 τὴν
231 2835 464 2924 ἀταραξίαν
486 2838 722 2926 ἀναλήψεσθαι
753 2840 810 2904 διὰ
832 2849 890 2904 τοῦ
911 2840 969 2926 τὴν
991 2834 1179 2919 ἀνωμαλίαν
1207 2849 1272 2901 τῶν

152 2943 367 3031 φαινομένων·
385 2969 420 3010 τε
449 2944 506 3010 καὶ
529 2944 708 3028 νοουμένων
730 2945 917 3032 ἐπικρῖναι,
952 2946 997 3031 μὴ
1021 2941 1212 3031 δυνηθέντες
1235 2941 1271 3008 δὲ

152 3062 292 3138 ποιησαι
323 3060 419 3115 τοῦτο
449 3048 600 3132 ἐπέσχον·
647 3049 816 3133 ἐπισχούσι
846 3050 882 3116 δὲ
906 3049 1016 3128 αὐτοῖς
1046 3041 1113 3115 οἷον
1135 3063 1273 3130 τυχικῶς

152 3158 171 3243 ἡ
206 3154 371 3245 ἀταραξία
410 3158 719 3246 παρηκολούθησεν,
761 3159 805 3235 ὡς
841 3159 919 3223 σκιά
955 3159 1093 3239 σώματι.
1145 3155 1181 3224 ού
1209 3159 1273 3244 μὴν

152 3261 308 3350 ἀόχλητον
331 3263 439 3352 πάντη
463 3265 519 3328 τὸν
544 3266 725 3329 Σκεπτικὸν
748 3256 832 3328 εῖναι
855 3260 1039 3346 νομίζομεν,
1075 3252 1149 3328 ἀλλ’
1168 3261 1271 3344 ὀχλεῖ-

152 3367 237 3434 σθαί
270 3393 377 3456 φαμεν
411 3370 476 3434 ὑπὸ
510 3383 575 3434 τῶν
608 3368 936 3458 κατηναγκασμένων·
982 3369 1039 3434 καὶ
1073 3371 1133 3455 γάρ
1165 3373 1272 3455 ῥιγοῦν

151 3474 235 3540 ποτὲ
259 3475 477 3559 ὁμολογοῦμεν
500 3473 557 3540 καῖ
581 3476 684 3562 διψῆν
706 3475 764 3541 καὶ
779 3475 1019 3562 τοιουτότροπά
1034 3500 1108 3540 τινα
1124 3474 1271 3555 πάσχειν.
1321 3457 1328 3469 ’

153 3591 203 3647 30.
227 3580 313 3646 ἀλλά
337 3580 394 3646 καὶ
425 3579 458 3647 ἐν
480 3582 609 3658 τούτοις
639 3579 670 3647 οἱ
693 3581 753 3665 μὲν
776 3579 908 3647 ἰδιῶται
932 3579 1271 3662 δισσαῖςσυνέχονται

151 3686 394 3771 περιστάσεσιν,
417 3687 483 3752 ύπό
507 3701 629 3752 τετῶν
652 3693 777 3752 παθῶν
801 3687 906 3753 αὐτῶν
928 3687 986 3753 καὶ
1009 3687 1065 3769 ούχ
1086 3683 1182 3776 ἦττον
1205 3688 1271 3752 ὑπὸ

64 3825 68 3834 ·
150 3803 208 3858 τοῦ
230 3795 291 3870 τάς
314 3793 523 3880 περιστάσεις
545 3794 669 3870 ταύτας
690 3797 795 3872 κακὰς
818 3787 901 3860 εἶναι
925 3795 1021 3882 φύσει
1044 3795 1166 3859 δοκεῖν·
1201 3791 1272 3858 δδὲ

151 3899 335 3976 Σκεπτικὸς
363 3901 402 3965 τὸ
425 3898 661 3986 προσδοξάζειν
691 3901 742 3965 ὅτι
773 3897 843 3966 ἐστὶ
866 3902 968 3966 κακδν
990 3900 1113 3966 τούτιον
1135 3898 1271 3964 ἕκαστον

151 4005 194 4082 ὡς
224 4005 309 4090 πρὸς
338 4006 394 4092 την
423 4005 521 4092 φύσιν
552 4019 732 4091 περιαιρῶν
760 4007 976 4094 μετριώτερον
1003 4005 1064 4072 καὶ
1087 4005 1120 4071 ἐν
1143 4004 1271 4081 τούτοις

150 4109 367 4176 ἀπαλλάσσει
399 4111 455 4176 διὰ
470 4121 568 4176 τοῦτο
593 4107 647 4176 οὗν
670 4110 703 4176 ἐν
724 4111 785 4194 μὲν
807 4116 877 4190 τοῖς
893 4112 1066 4192 δοξαστοῖς
1088 4107 1271 4198 ἀταραξίαν

149 4214 241 4294 τέλος
271 4208 356 4282 εἶναί
384 4240 491 4305 φαμεν
526 4227 585 4282 τοῦ
608 4222 805 4298 Σκεπτικοῢ,
841 4214 875 4283 ἐν
898 4217 935 4283 δὲ
963 4223 1034 4296 τοῖς
1063 4239 1270 4304 κατηναγκα-

149 4321 278 4410 σμένοις
299 4323 644 4410 μετριοπάθειαν.
679 4323 764 4402 τινὲς
787 4323 824 4389 δὲ
838 4337 903 4389 τῶν
918 4321 1061 4408 δοκίμων
1076 4329 1266 4390 Σκεπτικῶν
1294 4319 1412 4415 ffigssss

148 4427 363 4518 προσέθηκαν
385 4429 513 4508 τούτοις
537 4428 595 4496 καὶ
618 4431 674 4518 τὴν
698 4427 731 4496 ἒν
752 4435 827 4510 ταῖς
850 4431 1017 4521 ζητήσεσιν
1040 4429 1189 4534 ἐποχήν.
