3148 4984
644 389 777 444 Plotinus.
1218 388 1271 450 521

151 545 240 600 Theol.
264 545 379 602 Arithm.
399 548 416 600 2
440 565 466 617 p.
487 548 521 602 10
546 551 640 622 πρώτη
668 551 721 622 γάρ
748 551 764 616 ἦ
792 549 862 612 ὁυάς
880 550 1040 622 διεχώρισεν
1059 552 1143 618 αὐτὴν
1170 554 1199 606 έκ
1227 561 1272 621 τῆς

150 635 293 708 μονάὸος,
319 636 385 690 ὅθεν
408 642 455 690 καὶ
479 639 568 709 τόλμα
592 639 722 692 καλεῖται.
758 637 880 692 ΡΙοῒίυυε
904 639 984 694 etiam
1008 640 1036 694 in
1059 639 1160 710 plantis
1187 641 1272 696 inesse

152 723 217 776 dicit
235 726 267 776 τὸ
285 725 491 798 τολμηρότατον
504 729 551 778 καὶ
565 727 773 800 ἀφρονέστατον
790 731 874 801 μέρος
892 737 939 796 τῆς
958 739 1048 800 ψυχῆς
1066 728 1143 796 (Eun.
1158 729 1183 780 V
1196 730 1221 797 2,
1235 729 1271 795 2).

222 845 252 904 b.
273 843 410 922 Ἑτερότης
428 848 545 918 pertinet
563 849 598 902 ad
616 860 682 904 νοῦν
705 853 760 918 (m'
779 851 857 919 512),
882 852 928 922 qui
952 851 1050 906 dieitur
1068 852 1135 906 Eun.
1154 851 1192 904 VI
1211 853 1236 920 9,
1255 852 1272 906 ὁ

153 937 311 1004 ἀποστῆναί
329 956 388 999 πως
407 945 457 992 τοῦ
475 938 535 999 ἑνὸς
554 941 700 1011 τολμήσας.

223 1073 250 1114 α.
269 1059 393 1114 Liberum
411 1061 551 1114 arbitrium
569 1078 626 1116 esse
644 1062 737 1132 utique
751 1062 895 1130 contendit,
915 1063 961 1117 sed
979 1069 1060 1132 negat
1078 1080 1165 1118 veram
1184 1064 1272 1118 volun·

152 1147 218 1200 tatis
236 1148 389 1202 libertatem
407 1148 521 1218 positam
539 1166 595 1203 εεεε
613 1149 642 1203 in
660 1167 699 1218 εο,
723 1153 756 1204 ut
773 1151 904 1221 possimus
924 1152 1044 1222 opposita
1061 1155 1181 1222 patrare:
1205 1151 1271 1206 Enn.

151 1235 233 1303 V18,
252 1237 286 1290 21
312 1242 360 1291 καὶ
383 1239 438 1310 γάρ
462 1240 494 1291 τὸ
519 1240 553 1292 τὰ
577 1239 753 1312 ἀντικείμενα
779 1240 923 1294 ὁιίνασθαι
942 1241 1104 1314 ἀδυναμίας
1122 1243 1188 1296 έστί.
1225 1239 1273 1294 Ait

152 1341 208 1378 eam
227 1328 332 1379 tantum
349 1325 378 1378 in
396 1325 461 1380 bono
479 1327 556 1380 sactis
575 1328 660 1394 cerni,
685 1343 737 1382 non
755 1329 783 1382 in
801 1328 835 1382 iis
853 1345 920 1399 quae
938 1329 1064 1384 satiamus
1083 1345 1207 1384 sensuum
1225 1330 1273 1383 im·

151 1414 316 1483 pulsionibus
334 1415 450 1469 obnoxii:
467 1413 534 1470 Eun.
553 1415 594 1469 III
613 1417 638 1483 1,
657 1418 674 1472 9
692 1418 761 1470 ὁταν
777 1419 832 1490 μὲν
851 1415 900 1472 οὖν
918 1420 1103 1474 ἀλλοιωθεῖσα
1122 1421 1199 1492 παρά
1219 1429 1273 1471 τῶν

151 1504 203 1565 ἔξω
226 1505 303 1574 ψυχὴ
326 1507 432 1578 πράττη
457 1523 484 1558 τι
507 1509 554 1559 καὶ
577 1508 652 1578 ὁρμᾷ
676 1500 736 1560 οἷον
760 1509 850 1580 τυφλῇ
878 1511 910 1580 τῇ
939 1511 1014 1580 φορᾷ
1037 1511 1180 1580 χρωμένη,
1210 1509 1273 1578 οὐχὶ

152 1591 278 1646 ίκοάσιον
301 1593 349 1660 τὴν
371 1597 473 1667 πρᾶξιν
499 1594 564 1648 οὐδὲ
591 1595 640 1660 τὴν
658 1595 789 1650 διάθεσιν
806 1598 926 1650 λεκτέον·
959 1600 1006 1649 καὶ
1026 1596 1094 1650 ὁταν
1113 1597 1181 1662 αὐτὴ
1201 1591 1269 1667 παρ’

153 1683 235 1749 αὐτῆς
254 1686 357 1755 χείρων
382 1679 452 1736 οὖσα
478 1685 606 1756 περιττὸν
631 1685 680 1737 οὐκ
705 1685 803 1755 ὀρθαῖς
822 1695 969 1756 πανταχοῦ
988 1683 1053 1738 οὐδὲ
1071 1686 1274 1757 ἠγεμονούσαις

153 1775 213 1831 ταῖς
238 1773 338 1845 ὁρμαῖς
362 1764 531 1845 ᾗχρωμένη.
568 1774 652 1842 λόγον
677 1773 709 1827 δὲ
733 1773 801 1827 ὁταν
818 1775 941 1846 ἡγεμόνα
960 1775 1085 1846 καθαρὸν
1109 1777 1156 1828 καὶ
1175 1775 1274 1840 ἀπαθῆ

153 1862 201 1913 τὸν
225 1863 329 1914 οἰκεῖον
355 1861 460 1930 ἔχουσα
488 1863 577 1934 ὁρμᾷ,
605 1864 708 1929 ταύτην
725 1863 816 1934 μόνην
834 1863 883 1928 τὴν
901 1863 989 1936 ὁρμὴν
1008 1867 1115 1933 φατέον
1132 1863 1204 1916 εἶναι
1222 1857 1270 1933 ἐφ’

152 1951 220 2022 ἡμῖν
243 1953 291 2004 καὶ
314 1949 449 2004 ἑκούσιον,
474 1977 510 1988 -
533 1949 759 2016 Enn.1112,10
784 1945 847 2004 ἀλλ’
864 1955 889 2004 εἰ
914 1953 1060 2021 ἅνθρωποι
1085 1954 1196 2010 ἀκοντές
1219 1953 1274 2004 είσι

152 2043 231 2092 κακοὶ
249 2043 296 2092 ναὶ
315 2049 435 2094 τοιοῦτοι
454 2041 505 2109 οὐχ
523 2038 636 2104 ἑκόντες,
657 2035 716 2092 οὔτ’
734 2043 769 2092 άν
788 2059 828 2100 τις
847 2041 911 2100 τοὺς
929 2039 1096 2100 ἀδικοῦντας
1114 2041 1273 2092 αίτιάσαιτο

154 2131 215 2182 οὔτε
226 2129 289 2190 τοὺς
296 2129 458 2198 πάσχοντας
468 2130 503 2189 ὡς
513 2127 532 2181 ὁ
533 2124 554 2180 ι’
564 2129 663 2189 αὐτοὺς
673 2137 761 2182 ταῦτα
771 2130 940 2198 πάσχοντας.
960 2125 1087 2180 Είυείυεί
1096 2129 1185 2180 autem
1192 2125 1274 2179 Ploti-

62 2254 68 2264 .
152 2232 202 2268 nus
220 2215 291 2269 inter
309 2214 375 2268 duas
394 2215 498 2268 arbitrii
516 2214 626 2269 humani
639 2215 881 2285 interpretationes,
899 2232 952 2269 non
971 2215 1051 2269 semel
1070 2214 1203 2268 affirmans
1217 2230 1274 2268 eam

152 2303 312 2371 libertatem,
331 2321 383 2374 qua
400 2321 510 2374 pravum
524 2321 671 2374 sequamur,
690 2321 742 2358 non
756 2304 860 2358 differre
874 2319 890 2357 a
903 2303 1073 2358 necessitate:
1092 2303 1160 2357 Enn.
1174 2303 1273 2370 1v8‚5

153 2403 211 2447 πάν
237 2394 291 2465 μὲν
318 2395 373 2465 γάρ
400 2395 443 2446 ὶὸν
471 2395 519 2448 ἐπὶ
547 2395 579 2447 τὸ
602 2399 700 2468 χεῖρον
728 2395 874 2448 ἀκούσιον·
908 2396 983 2467 φορᾷ
1001 2412 1032 2463 γε
1051 2395 1108 2466 μὴν
1127 2397 1211 2461 οἰκείᾳ
1231 2394 1274 2446 ἰὸν

153 2486 267 2552 πάσχον
285 2483 320 2535 τά
336 2487 421 2556 χείρω
435 2483 508 2552 ἔχειν
525 2485 633 2551 λέγεται
647 2484 696 2550 τὴν
710 2479 757 2554 ἐφ’
776 2476 817 2543 οἷς
834 2483 935 2554 ἔπραξε
954 2482 1039 2549 ὁίνην.
1059 2482 1127 2536 ὁταν
1140 2481 1172 2536 tt
1186 2491 1274 2536 ταῦτα

154 2575 275 2642 πάσχειν
292 2576 339 2626 καὶ
358 2577 450 2626 ποιεῖν
468 2564 484 2643 ᾗ
503 2572 658 2640 ἀναγκαῖον
675 2571 759 2640 άιὸίῳ
777 2574 886 2643 φάσεως
904 2573 993 2643 νόμῳ,
1018 2573 1051 2624 τὸ
1069 2571 1101 2625 δὲ
1119 2575 1275 2642 συμβαῖνον

154 2665 192 2721 εἰς
221 2663 305 2713 ἀλλον
334 2679 384 2713 του
409 2665 509 2734 χρείαν
536 2663 569 2734 τῇ
592 2660 706 2734 προόδῳ
730 2662 843 2729 ἀπαντᾷ
867 2665 1037 2728 καταβαῖνον
1062 2660 1188 2714 ἀπὸτοῦ
1207 2659 1275 2730 ὑπὲρ

155 2751 230 2813 αὐτό,
255 2751 323 2802 θεὸν
341 2753 369 2802 εἴ
385 2769 425 2808 τις
443 2752 520 2818 λέγοι
539 2753 741 2821 καταπέμψαι,
770 2749 819 2802 οὐκ
838 2752 873 2802 ἀν
892 2750 1064 2821 ἀσύμφωνος
1083 2751 1144 2802 οίίτε
1163 2750 1195 2822 τῇ
1210 2749 1274 2814 ἀλη·

154 2843 218 2906 θείᾳ
239 2840 299 2891 οὔτε
318 2838 405 2906 ἑαυτῷ
425 2841 460 2890 ἀν
478 2843 526 2904 εἴη.

225 2943 256 2998 (l.
275 2943 454 2997 Defectionem
472 2943 537 2996 dicit
555 2960 571 2996 ε
588 2942 716 3013 principio
735 2960 782 2996 suo
801 2943 855 2996 sivo
873 2943 931 3009 ‹1003
960 2942 1049 2996 eodem
1067 2941 1230 2996 referendum
1247 2941 1275 2996 in

155 3032 326 3102 sequentibus
345 3035 450 3086 ἐκεῖθεν
467 3037 496 3085 et
513 3034 623 3086 ἐκεῖνον.
652 3061 686 3070 -
715 3031 753 3086 cf.
767 3030 834 3085 Enn.
852 3031 894 3084 ΠΙ
912 3033 938 3098 6,
957 3031 983 3084 5.
1019 3029 1168 3084 Remotiore
1187 3033 1275 3084 tamen

154 3136 234 3174 sensu
251 3124 333 3189 negat
349 3137 398 3174 nos
416 3137 432 3172 a
450 3120 498 3173 deo
516 3135 575 3174 vere
593 3120 722 3174 alienatos
740 3137 805 3184 εεεε,
823 3125 867 3173 RP
885 3119 971 3174 518d.

12 3367 13 3408 3
106 3339 146 3380 ιιο
221 3319 303 3382 Enn.
327 3317 362 3380 V·
383 3327 412 3394 1,
436 3327 465 3382 2.
509 3304 737 3399 Ἕνθνμείσὸω
759 3312 867 3382 τοίνυν
889 3327 1023 3401 πρῶτον
1052 3309 1154 3379 ἐκεῖνο
1177 3323 1272 3378 πάσα

155 3425 261 3512 ψυχή,
290 3423 335 3501 ὡς
357 3421 439 3511 αὐτὴ
461 3421 520 3506 μὲν
543 3421 613 3509 ζῷα
636 3419 773 3510 ἐποίησε
796 3421 907 3488 πάντα
930 3419 1138 3504 ἐμπνεόσασα
1162 3417 1274 3498 αὐτοῖς

154 3529 254 3618 ζωήν,
286 3532 310 3594 ὁί
336 3553 372 3596 τε
394 3541 433 3618 γη
455 3528 568 3618 τρέφει
592 3531 615 3593 ὁί
635 3553 671 3595 τε
693 3529 852 3595 θάλασσα
881 3530 960 3592 ὁτε
991 3526 1024 3593 ἐν
1046 3525 1119 3614 ἀέρι
1141 3528 1164 3590 ὁί
1185 3549 1220 3592 τε
1242 3524 1276 3592 ἐν

155 3635 281 3724 οὐρανῷ
304 3636 409 3724 ἀστρα
432 3640 522 3718 θεῖα,
546 3634 627 3724 αὕτη
650 3634 687 3702 ts*
702 3635 810 3724 ἥλιον,
834 3633 915 3722 αὐτη
938 3632 975 3700 δὲ
997 3635 1053 3699 τὸν
1075 3630 1177 3718 μέγαν
1199 3643 1274 3698 τοῦ·

154 3767 211 3809 τον
234 3741 367 3830 οὐρανὸν
389 3741 446 3808 παῖ
470 3741 551 3831 αὕτη
575 3739 767 3830 ἐκόσμησεν,
791 3739 872 3830 αὕτη
896 3739 933 3806 d&
955 3739 989 3805 ἐν
1010 3739 1102 3818 τάξει
1125 3739 1275 3825 περιάγει

154 3850 252 3937 φύσις
275 3846 355 3916 οὖσα
380 3845 474 3936 ἑτέρα
498 3845 543 3915 ὧν
566 3852 682 3931 κοσμεῖ
711 3847 768 3913 παὶ
793 3843 838 3912 ὧν
859 3851 942 3914 κινεῖ
964 3845 1023 3912 καί
1046 3843 1067 3910 ὁ
1089 3845 1145 3934 ζῇν
1168 3847 1275 3910 ποιεῖ·

155 3955 213 4022 καί
235 3957 358 4022 τούτων
380 3957 502 4044 ἀνάγκη
525 3948 610 4022 εἶναι
633 3953 838 4042 τιμιωτέραν,
862 3953 1054 4040 γιγνομένων
1075 3953 1196 4020 τούτων
1218 3949 1276 4016 καῖ

156 4061 382 4150 φθειρομένων
411 4063 490 4129 ὅταν
520 4061 602 4128 αίτὸ
632 4062 720 4149 ψυχὴ
750 4059 918 4149 ἀπολείπῃ
947 4061 968 4149 ἢ
996 4057 1114 4147 χορηγῇ
1143 4059 1181 4123 τὸ
1210 4057 1275 4145 ζην,

157 4167 237 4256 αι’πὴ
261 4168 297 4235 δὲ
320 4167 400 4235 οὖσα
423 4168 474 4235 ἀεῖ
495 4169 544 4256 τῷ
566 4171 612 4257 μὴ
627 4165 822 4234 ἀπολείπειν
845 4163 969 4255 ἑαυτήν.
995 4203 1036 4214 -
1060 4156 1128 4230 οἶον
1150 4185 1276 4229 σκοτει-

49 4303 54 4311 ·
155 4275 209 4341 νὸν
224 4273 321 4364 νέφος
336 4273 428 4364 ἡλίου
451 4274 549 4360 βολαὶ
572 4271 764 4364 φωτίσασαι
787 4273 930 4356 λάμπειν
953 4283 1087 4338 ποιοῦσι
1108 4269 1276 4359 χρυσοειδῆ

155 4377 236 4468 ὁψιν
259 4393 424 4462 ποιοῦσαι,
448 4383 530 4448 οὕτω
553 4405 605 4446 τοι
628 4379 685 4446 καί
710 4382 797 4469 ψυχὴ
821 4377 966 4446 ἐλθοῦσα
989 4375 1035 4457 είς
1058 4390 1152 4461 σῶμα
1176 4375 1275 4465 σίρα-

156 4499 213 4556 νοῦ
228 4484 330 4554 ἔδωκε
344 4488 403 4571 μὲν
418 4489 511 4577 ζωήν,
534 4484 634 4556 ἔδωκε
657 4485 694 4553 δὲ
716 4483 914 4567 ἀθανασίαν,
938 4483 1042 4574 ’ήγειρε
1057 4483 1094 4550 δὲ
1116 4480 1277 4568 κείμενον·
