3150 4996
616 328 784 398 Pythagorei.
976 303 987 318 .
1227 327 1261 386 dl

139 489 224 542 oritur
243 489 415 556 (Steinhart);
445 490 483 552 et,
503 505 562 542 cum
582 491 760 557 oppositIones
779 491 933 558 potissimas
956 489 1100 558 disponunt
1125 507 1170 558 per
1195 490 1261 544 duas

13 643 14 648 Ἰ
140 580 226 638 series.
255 577 351 631 bonum
370 580 397 630 et
416 577 516 630 malum
535 593 586 630 non
608 579 692 645 primo
711 577 767 632 loco
787 582 889 647 ponunt
909 577 953 632 sed
971 581 1053 634 exorsi
1073 597 1089 632 a
1109 580 1158 632 fine
1178 583 1204 633 et
1223 582 1262 633 in·

78 742 81 746 .
139 668 215 720 finito
234 667 311 734 longo
330 667 498 734 posteriorem
517 665 559 720 illi
578 668 765 720 contrarietati
784 666 870 720 sedem
890 665 1026 721 destinant
1045 668 1183 734 (Krische).

95 849 120 890 ιι
202 828 269 893 Cic.
299 829 387 892 Deor.
419 827 492 891 Nat.
516 827 531 890 Ι
556 835 606 893 27.
653 828 913 910 Pythagoras-
944 828 1064 892 censuit
1093 829 1233 893 animum
1248 839 1331 887 anans
1347 847 1423 889 nvnc

1290 901 1393 942 universo

139 955 202 999 esse
226 933 280 1016 (sc.
305 933 409 1018 deum)
433 953 487 1016 per
511 936 652 998 naturam
677 953 778 998 rerum
803 953 925 998 omnem
942 934 1099 999 intentum
1124 939 1156 1000 et
1179 955 1262 1001 com·

139 1045 302 1118 meantem,
327 1061 362 1104 ex
386 1060 445 1122 quo
469 1041 566 1104 nostri
589 1041 687 1104 animi
711 1043 907 1123 carperentur
921 1041 944 1105 ¹³.

210 1181 238 1220 a.
269 1165 337 1218 Sext.
357 1165 442 1218 Math.
468 1165 507 1216 IX
528 1164 577 1218 127
601 1164 781 1233 Pythagoreos
807 1165 847 1218 ait
865 1163 948 1233 [nefas
972 1164 1076 1218 duxisse
1102 1166 1262 1220 animalibus

137 1256 214 1318 vesci,
235 1253 266 1306 ἓν
284 1252 339 1321 γάρ
359 1248 492 1320 ὑπάρχειν
510 1256 621 1322 πνεῦμα
641 1249 672 1304 td
690 1251 736 1304 δίά
755 1253 856 1312 παντός
875 1258 925 1306 τοῦ
940 1246 1043 1322 κόσμου
1062 1253 1158 1315 διῆκον
1171 1260 1262 1322 ψυχῆς

137 1344 248 1410 τρόπον,
273 1342 303 1395 τό
322 1345 366 1393 καὶ
391 1341 473 1395 ἑνοῦν
493 1338 560 1410 ἡμεῖς
581 1341 651 1407 πρός
670 1339 776 1406 ἐκεῖνα,
804 1347 852 1397 cet.
878 1349 922 1396 BP
942 1344 994 1398 142
1005 1360 1028 1396 a.
1067 1344 1182 1397 Possunt
1206 1346 1262 1407 alia

137 1434 199 1488 addi
218 1433 249 1486 de
269 1433 358 1486 anima
377 1431 469 1484 mundi
487 1433 649 1484 testimonia.
688 1431 738 1484 Sed
757 1434 820 1484 sunt
845 1435 927 1485 testes
951 1433 1121 1496 recentiorem
1146 1436 1177 1486 ut
1200 1433 1262 1486 Phi·

136 1523 202 1577 lolai
231 1522 300 1576 falsa
328 1521 478 1589 fragmenta
506 1520 566 1573 duo.
604 1521 730 1574 Alterum
753 1537 794 1588 ap.
821 1520 893 1574 Stob.
920 1521 974 1576 Ecl.
1002 1521 1087 1575 1418
1111 1538 1135 1574 τ.
1156 1528 1199 1575 RP
1218 1524 1261 1587 57,

137 1613 170 1668 cf.
185 1613 254 1666 bia.
284 1610 403 1664 Alterum
428 1609 818 1678 estap.Stob.Ecl.1452,
844 1611 908 1664 Dor.
928 1611 988 1664 332.
1023 1608 1053 1660 τὸ
1081 1609 1113 1661 δὲ
1133 1611 1261 1679 ἡγεμονι-

136 1699 228 1754 κόνέν
246 1704 283 1772 τῷ
301 1696 458 1769 μεσαιτάτῳ
476 1704 552 1765 πυρί,
571 1698 640 1766 ὅπερ
663 1697 786 1766 τρόπεως
811 1697 889 1760 δίκην
917 1693 1123 1766 προίίπεβάλετο
1151 1704 1185 1768 τῇ
1211 1705 1262 1750 τοῦ

135 1788 404 1856 παυτός<σφαίρρ>
435 1781 449 1838 ὁ
475 1786 641 1856 δημιουργὸς
670 1780 745 1845 θεάς.
782 1787 814 1840 In
833 1789 928 1856 quibus
952 1787 983 1838 τό
1009 1787 1173 1857 ἡγεμονικόν
1198 1791 1261 1842 stoi-

136 1897 197 1935 cum
220 1895 275 1932 esse
299 1878 375 1932 docet
398 1877 521 1941 Krische,
547 1877 748 1944 Forscimnyen
766 1879 814 1944 803
846 1875 1013 1945 δημιουργός
1038 1882 1125 1931 autem
1146 1883 1186 1932 est
1206 1879 1262 1946 pla-

135 1970 254 2024 tonicum
273 1967 424 2035 vestigium.

209 2075 238 2130 l).
268 2073 372 2127 Similia
397 2072 501 2126 decreta
526 2073 615 2126 stoicis
641 2071 740 2126 infecta
766 2089 808 2140 ap.
836 2074 914 2142 Diog.
935 2073 1003 2127 VIII
1023 2075 1058 2127 25
1077 2071 1181 2142 κόσμος
1212 2071 1262 2143 ίμ-

136 2173 236 2230 ψυχος,
265 2165 299 2218 28
317 2161 389 2228 ψυχὴ
417 2159 588 2230 άπόσπυσμα
615 2162 726 2227 αἰθέρος
752 2161 793 2226 (ex
818 2161 963 2216 Alexandro
989 2163 1107 2231 Polym),
1137 2179 1178 2231 ap.
1204 2164 1260 2217 Clo.

136 2254 198 2308 Cat.
218 2254 253 2306 M.
275 2253 322 2307 78:
342 2267 371 2305 ex
386 2253 509 2304 universa
527 2255 614 2304 mente
633 2250 724 2303 divina
743 2250 874 2304 delibatos
894 2253 1003 2305 animoa.

61 2448 118 2491 oen
204 2415 334 2478 Arlsldi.
357 2415 433 2477 Mel.
456 2413 532 2476 XIV
552 2422 580 2477 3.
606 2421 689 2478 1091
706 2423 719 2450 ²²
745 2423 794 2479 13.
833 2414 870 2478 Ol
893 2417 949 2494 μὲν
973 2404 1027 2476 οὖν
1050 2408 1260 2498 Πυθαγόρειοι
1289 2428 1401 2479 ammio

136 2519 263 2605 πότερον
294 2516 329 2586 οὗ
361 2522 498 2586 ποτοῖσιν
527 2518 546 2598 ἢ
576 2523 695 2586 ποιοῦσι
726 2521 865 2604 γίνεσινθ
889 2515 985 2584 οίιθέν
1015 2522 1062 2583 δεῖ
1088 2515 1260 2598 διστάζειν·
1307 2493 1378 2523 rerum

137 2628 275 2715 φανεράς
298 2623 354 2714 γάρ
377 2632 524 2711 λέγουσιν,
550 2623 590 2700 ὡς
620 2629 676 2692 τοῦ
707 2623 771 2704 ἑνὸς
796 2628 1019 2706 συσταθέντος,
1051 2623 1099 2690 εἴτ’
1135 2630 1166 2702 ἐξ
1196 2630 1261 2692 ε’πι-

135 2737 237 2802 nitor
267 2731 314 2799 εἴτ’
345 2735 374 2798 ίκ
399 2735 507 2818 χροιᾶς
536 2730 586 2798 εἴτ’
619 2737 649 2798 ἐκ
681 2735 854 2817 σπέρματος
877 2729 927 2798 εἴτ’
961 2735 992 2808 ἕξ
1022 2721 1064 2796 ὧν
1095 2727 1261 2818 ἀποροῦσιν

136 2849 224 2908 εἶπεῖν
238 2841 261 2920 b,
286 2836 380 2918 εὐθίς
395 2837 432 2906 τά
448 2843 570 2923 ίγγιστα
586 2841 641 2904 τοῦ
665 2835 789 2923 ἀπείρου
814 2835 860 2904 ὅτι
884 2845 997 2906 εἵλκετο
1020 2843 1067 2904 καὶ
1091 2843 1259 2924 ἐπεραίνετο

135 2945 194 3014 άπὸ
220 2950 276 3013 τοῦ
298 2949 433 3031 πέρατος.

64 3103 118 3144 can
206 3071 291 3136 Stob.
314 3072 379 3134 Ecl.
403 3071 419 3133 I
445 3078 517 3135 380.
545 3066 753 3155 Ἀριστοτέλης
778 3074 808 3134 ἐν
825 3067 957 3157 τετάρτῳ
975 3070 1113 3154 Φυσικῆς
1133 3066 1259 3155 Ἀκροά-

136 3204 214 3252 σεως
236 3175 365 3263 γράφει·
397 3175 506 3256 ,,Είναι
523 3179 559 3242 ‹l‘e'
580 3206 671 3266 φασιν
688 3180 715 3242 ol
731 3173 940 3263 Πυθαγόρειοι
956 3171 1040 3243 κενὸν
1057 3186 1068 3216 ⁰
1091 3183 1138 3242 καὶ
1162 3181 1260 3245 ἔπεισ-

136 3288 209 3352 ιίνπι
246 3279 322 3350 αὐτὸ
359 3285 401 3371 τῷ
438 3279 558 3371 οὐρανῷ
588 3287 618 3348 ἐκ
649 3291 705 3349 τοῦ
735 3279 858 3367 ἀπείρου
889 3280 1088 3365 πνευίιατος(1
1119 3277 1161 3359 οἷς
1184 3282 1259 3349 άνα-

138 3393 287 3456 πνίυντι.“
333 3393 364 3453 ἐν
395 3395 429 3456 δὲ
462 3397 505 3478 τῷ
534 3395 599 3472 περὶ
628 3392 680 3467 εἷς
711 3387 903 3475 Πυθαγόρου
934 3395 1117 3476 φιλοσοφίας
1147 3391 1259 3480 πρώτῳ

137 3497 266 3583 γράφει·
314 3491 401 3576 „Tor
429 3502 484 3578 μὲν
509 3493 637 3581 οἰρανὸν
661 3496 733 3561 εἶναι
759 3499 827 3573 ἕνα,
859 3491 1070 3579 ἐπεισάγεσθαι
1096 3500 1128 3561 δὲ
1151 3501 1182 3561 ἐκ
1205 3499 1259 3563 τοῦ

137 3600 258 3690 ἀπείρου
282 3601 417 3686 χρόνονΘ
442 3629 472 3668 τε
496 3608 542 3668 καὶ
567 3598 663 3688 πνοὴν
686 3609 733 3668 καί
758 3598 793 3666 τὸ
816 3599 910 3681 κενὸν,
942 3600 958 3667 d
982 3607 1101 3687 διορίζει
1126 3603 1259 3671 ἑκάστων

137 3705 192 3784 τάς
210 3707 315 3794 χώρας
337 3706 439 3775 (ἰεί.αἳ

208 3847 237 3890 a.
267 3832 339 3886 Stob.
359 3833 414 3887 Eel.
434 3833 527 3887 1-450.
566 3831 732 3900 Πυθαγόρας
751 3835 817 3902 φησὶ
836 3829 967 3901 γεννητόν
986 3826 1046 3884 κατ’
1068 3830 1192 3884 ἐπίνοιαν
1210 3835 1258 3886 τόν
1306 3850 1363 3892 sitne

137 3921 248 3991 κόσμον,
267 3920 300 3971 ου’
313 3919 381 3972 κατά
393 3919 506 3988 χρόνον.
544 3927 602 3974 BP:
622 3922 782 3985 „Ponebant
793 3921 920 3974 mundum
934 3922 996 3974 olim
1009 3938 1059 3974 non
1072 3922 1211 3988 exstitisse,
1227 3927 1258 3976 ut
1281 3905 1394 3954 generatio

138 4011 351 4078 compositionem
365 4010 421 4063 eius
435 4011 598 4064 luculentius
613 4015 778 4074 enarrarent;
799 4027 888 4064 revera
907 4009 1034 4064 mnndum
1054 4010 1088 4062 ab
1107 4011 1178 4062 omni
1192 4013 1257 4063 tem-

136 4115 196 4168 pore
205 4099 339 4152 exstitisse
348 4099 513 4166 putabant“.
533 4099 573 4154 Cf.
589 4100 684 4163 Ritter,
696 4099 792 4153 Gescli.
803 4099 906 4153 Philus.
920 4099 934 4152 I
950 4100 1011 4152 417.
1041 4099 1108 4151 Sane
1127 4098 1256 4152 Stobaeus

138 4187 211 4252 dicit,
230 4203 281 4240 non
300 4187 331 4240 de
350 4189 409 4256 ipsa
427 4189 738 4256 generatione-temporis
757 4189 867 4241 decursu
887 4187 1037 4241 saetacum
1056 4187 1188 4254 cogiiasse
1213 4188 1257 4242 sed

136 4277 273 4330 'notionum
284 4276 502 4330 necessitudinem
515 4279 692 4346 generatIonis
702 4279 806 4330 nomine
817 4277 990 4344 significasse.
1011 4275 1088 4329 Modo
1098 4276 1197 4329 fontem
1211 4280 1258 4330 aut

137 4362 249 4418 causam*
263 4366 318 4418 eins
337 4365 483 4419 sententiae
503 4363 616 4420 adderet.
654 4367 731 4420 Nunc
749 4365 890 4418 verendum
904 4369 944 4418 est
958 4379 990 4416 ne
1004 4367 1089 4433 prisco
1104 4363 1257 4433 philosopho

136 4453 266 4507 rationem
279 4453 363 4507 multo
378 4455 545 4508 recentiorem
559 4456 677 4524 ingerat3
698 4471 776 4523 quam
792 4453 897 4522 quidem
910 4472 926 4508 ει
938 4453 1085 4508 Platonicis
1100 4451 1258 4522 quibusdam
1273 4475 1275 4479 ·
