3148 4984
625 351 792 421 Porphyrius.
1217 345 1272 408 ΜΒ

65 529 140 572 nur
216 514 296 594 Aug.
320 513 359 577 de
383 512 449 578 Oiv.
472 513 511 576 D.
534 513 600 578 Xe
624 532 654 595 p.
672 519 736 578 415
753 513 867 576 Domb.
914 512 999 576 Nam
1023 513 1056 576 et
1071 511 1267 594 Porphyrius
1295 508 1413 607 ll⁶sslfg¹⁸⁶

149 618 311 700 quandam
335 620 428 701 quasi
443 619 666 702 purgationem
690 619 814 683 animae
838 637 894 702 per
917 619 1095 700 theurgian,
1120 619 1272 682 cunctan-

149 727 198 789 ter
220 727 330 790 tamen
346 727 378 790 ct
393 725 579 809 pudibunda
596 725 735 807 quodam
757 725 850 790 modo
875 725 1087 808 disputatione
1103 724 1263 807 promittit

149 832 363 898 reversionem
393 851 467 897 vero
498 832 659 897 addeum
688 833 772 896 hane
802 833 905 896 artem
934 832 1097 914 praestare
1122 830 1272 912 cuiquam

149 940 255 1021 negat,
287 941 326 1004 ut
348 939 457 1004 videas
481 958 556 1003 enm
579 940 664 1004 inter
686 937 802 1003 vitium
825 938 998 1020 sacrilegae
1022 937 1216 1002 curiositatis
1240 939 1273 1001 et

149 1045 365 1128 philosophiae
388 1045 617 1128 professionem
640 1045 808 1110 sententiis
832 1045 1066 1108 alternantibus
1088 1043 1272 1108 fluctuaret

150 1151 244 1216 Nunc
260 1152 345 1216 enim
367 1152 450 1216 hanc
474 1153 578 1216 artem
600 1153 756 1232 tanquam
779 1151 928 1216 fallacem
951 1152 984 1214 et
1006 1151 1040 1214 in
1062 1150 1132 1232 ipsa
1149 1150 1272 1215 actione

151 1258 362 1339 periculosam
392 1261 424 1322 et
453 1259 578 1340 legibus
608 1258 802 1342 prohibitam
832 1257 1007 1322 cavendam
1030 1258 1152 1334 monet,
1187 1275 1273 1322 nunc

152 1366 261 1429 autem
277 1365 366 1429 velut
381 1365 449 1430 eius
473 1365 693 1430 laudatoribus
718 1364 832 1430 cedens
856 1364 970 1428 utilem
994 1363 1072 1428 dicit
1095 1381 1274 1428 11111111-

151 1471 275 1537 dandae
297 1473 383 1554 parti
406 1473 547 1548 animae,
580 1491 645 1536 non
669 1471 799 1552 quidem
821 1470 1047 1559 intellectuali,
1079 1488 1143 1551 qua
1165 1487 1274 1534 rerum

151 1578 401 1662 intelligibilium
424 1579 600 1662 percipitur
622 1578 751 1654 veritas,
781 1577 888 1642 nullas
909 1576 1101 1640 habentium
1125 1575 1275 1639 similitu·

153 1686 242 1750 dines
267 1703 448 1767 corporum,
474 1684 529 1748 sed
553 1685 702 1768 spiritali,
733 1703 797 1765 qna
821 1683 1034 1766 corporalium
1056 1701 1166 1746 rerum
1188 1681 1275 1764 capi·

152 1794 251 1856 untur
267 1791 431 1872 imagines.
461 1791 555 1854 Hanc
570 1791 656 1855 enim
672 1790 749 1855 dicit
771 1809 828 1873 per
844 1789 1000 1871 quasdam
1023 1789 1274 1854 consecrationes

153 1898 352 1980 theurgicas,
385 1916 465 1979 quas
488 1899 604 1962 teletas
627 1899 756 1974 vocant,
784 1896 930 1960 idoneam
953 1896 1022 1960 fieri
1045 1897 1141 1976 atque
1165 1897 1275 1978 aptam

155 2005 348 2088 susceptioni
372 2005 522 2086 spiritum
546 2006 579 2067 et
602 2004 790 2084 angelornm
814 2005 847 2065 et
870 2001 911 2066 ad
933 2001 1084 2066 ridendos
1108 2001 1192 2065 deos.
1227 2001 1275 2063 Ex

155 2113 270 2200 quibus
301 2112 411 2175 tamen
433 2111 608 2192 theurgicis
639 2109 746 2174 teletis
770 2109 893 2173 fatetur
915 2108 1126 2172 intellectuali
1150 2106 1274 2171 animae

153 2219 234 2282 nihil
256 2217 455 2300 purgationis
480 2216 643 2294 accedere,
675 2215 759 2298 quod
783 2233 854 2280 eam
877 2215 974 2278 faciat
996 2213 1144 2278 idoneam
1167 2213 1207 2278 ad
1230 2213 1276 2277 vi-

155 2325 294 2389 dendum
310 2325 406 2388 deum
422 2343 518 2387 suum
542 2327 574 2388 et
596 2321 816 2406 perspicienda
839 2340 877 2384 ea
901 2339 983 2402 quae
1007 2339 1080 2384 vere
1104 2322 1189 2384 sunt.
1228 2319 1277 2383 Ex

157 2451 218 2512 quo
248 2431 393 2512 intellegi
415 2433 537 2513 petest,
568 2431 712 2512 qualium
741 2429 873 2493 deorum
896 2427 947 2492 vel
971 2428 1100 2508 qualem
1123 2426 1277 2492 visionem

154 2538 223 2602 fieri
246 2537 332 2602 dicat
355 2538 529 2619 theurgicis
554 2537 853 2611 consecrationibus,
876 2535 909 2598 in
934 2552 998 2615 qna
1020 2553 1085 2596 non
1108 2551 1146 2596 ea
1169 2531 1277 2596 viden-

155 2646 217 2720 tur,
242 2663 323 2725 quae
339 2663 412 2707 vere
429 2646 513 2707 sunt.
544 2643 689 2724 Denique
712 2642 855 2707 animam
878 2641 1069 2704 rationalem
1093 2639 1167 2714 sive,
1193 2636 1277 2718 quod

155 2751 258 2832 magis
281 2752 371 2814 amat
395 2749 513 2826 dicere,
543 2745 821 2824 intellectualeml,
855 2747 888 2810 in
920 2747 1061 2828 1111111ι
1086 2745 1162 2808 dicit
1184 2762 1276 2826 posse

156 2857 300 2933 evadere,
325 2856 452 2919 etiamsi
469 2855 553 2936 quod
570 2856 637 2920 eins
654 2853 796 2936 spiritale
813 2855 863 2917 est
885 2853 976 2916 nulla
999 2851 1165 2932 theurgica
1180 2849 1278 2914 fuerit
1319 2909 1321 2913 .

158 2966 226 3027 arte
255 2965 448 3045 purgatum
479 2981 572 3044 porro
603 2963 713 3024 autem
744 2960 921 3040 atheurgo
946 2957 1123 3040 spiritalem
1147 2955 1278 3039 purgari

157 3070 321 3146 hactenus
344 3071 467 3132 utnon
491 3087 529 3131 ex
550 3069 610 3131 hoc
634 3067 673 3131 ad
696 3066 974 3130 immortalitatem
991 3064 1277 3144 aeternitatemque

157 3177 330 3258 perveniat.
358 3175 563 3255 Quamquam
579 3175 688 3255 itaque
705 3173 866 3236 discernat
881 3191 900 3235 a
917 3171 1123 3236 daemonibus
1140 3171 1278 3252 angelos,

159 3283 243 3346 aeria
272 3283 341 3346 loca
372 3300 441 3345 esse
466 3281 671 3357 daemonum,
708 3280 850 3343 aetheria
873 3279 924 3342 vel
947 3295 1097 3360 empyrea
1120 3276 1278 3338 disserens

160 3390 372 3470 angelorum0,
397 3390 429 3451 ct
445 3387 614 3452 admoneat
629 3385 785 3450 utendum
802 3385 935 3448 alicuius
952 3383 1114 3446 daemonis
1131 3380 1279 3456 amicitia,

161 3515 222 3577 quo
240 3496 447 3560 subvectante
471 3495 522 3558 vel
544 3494 713 3576 paululum
737 3511 757 3556 a
780 3494 866 3556 terra
888 3491 990 3572 possit
1013 3489 1129 3554 elevari
1146 3487 1279 3568 quisque

160 3603 401 3684 postmortem,
426 3601 522 3664 aliam
545 3619 619 3664 vero
643 3601 730 3664 viam
754 3617 823 3664 esse
846 3598 1013 3680 perhibeat
1036 3595 1076 3660 ad
1093 3594 1281 3676 angelorum

162 3727 299 3790 superna
329 3708 502 3772 consortia:
534 3707 708 3772 cavendam
738 3707 848 3769 tamen
879 3705 1071 3768 daemonum
1095 3701 1281 3765 societatem

163 3833 310 3896 expressa
340 3815 478 3896 quodam
507 3813 601 3878 modo
625 3813 821 3878 confessione
839 3813 1001 3895 testatur,
1031 3809 1087 3874 ubi
1110 3808 1187 3871 dicit
1212 3806 1278 3870 ani·

158 3939 248 3984 mam
270 3921 503 4002 postmortem
526 3919 644 3984 luendo
667 3937 785 4002 poenas
809 3919 935 3982 cultum
957 3917 1150 3982 daemonum
1173 3932 1192 3976 a
1213 3912 1282 3994 qui-

162 4027 221 4090 bus
238 4025 543 4092 circumveniebatur
558 4026 748 4090 horrescere.
793 4024 965 4106 Ipsumque
981 4021 1160 4102 theurgiam
1185 4007 1282 4100 quani

163 4133 251 4197 velut
267 4133 512 4196 conciliatricem
536 4133 721 4214 angelorum
745 4131 939 4212 deorumque
964 4127 1174 4202 commendat,
1197 4123 1282 4208 apud

163 4241 244 4304 tales
269 4258 361 4321 agere
385 4241 560 4322 potestates
583 4257 700 4320 negare
723 4257 787 4302 non
809 4237 923 4318 potuit,
949 4253 1030 4316 quae
1054 4231 1283 4314 1111111111-

166 4382 374 4390 —.-·-——-.—.

236 4470 263 4536 1)
281 4485 383 4536 rupem
401 4473 456 4522 BP:
475 4485 527 4522 111
544 4467 620 4520 libri:
639 4481 759 4534 superna
777 4465 863 4533 vulgo.
