3148 4984
306 351 361 411 541
770 353 959 424 Nooplatoniei.

308 515 438 579 videant
466 515 649 598 purgationi
679 515 803 579 animae
834 515 884 578 rel
914 515 1036 578 artibus
1068 514 1209 578 serviant
1239 513 1429 588 invidorum,

309 622 472 703 querelam
496 621 534 685 de
550 622 611 686 hae
627 640 660 685 11
678 621 831 686 Chaldaei
853 621 959 686 neseio
983 621 1073 685 11111
1098 639 1301 704 expromens:
1325 619 1430 698 „Con-

309 728 476 810 queritur“
500 727 606 809 inquit
630 728 705 807 „vir
727 729 761 790 in
785 727 946 792 Chaldaea
969 728 1071 791 bouus
1094 727 1279 810 purgandae
1303 727 1429 790 animae

307 853 423 916 magno
446 834 479 897 11
503 835 665 898 molimine
693 833 866 898 frustratos
890 833 950 898 sibi
974 851 1042 898 1111
1066 851 1250 910 1111111111,
1285 852 1359 897 oum
1381 835 1429 897 vir

309 941 348 1005 ad
373 940 484 1004 eadem
499 942 612 1023 potens
628 943 736 1005 taetus
759 940 878 1004 invidia
902 940 1066 1004 adiuratus
1090 939 1189 1004 saeris
1211 940 1359 1022 preoihus
1374 958 1431 1021 po-

307 1048 427 1110 tentias
452 1047 625 1128 alligasset,
648 1065 688 1110 ne
712 1047 876 1130 postulata
899 1045 1116 1110 oonoederent.
1161 1047 1245 1127 Ergo
1269 1048 1302 1110 et
1317 1046 1431 1127 ligavit

307 1154 360 1217 ille
369 1159 385 1188 ‘⁴
409 1154 514 1236 inquit
537 1156 595 1232 „et
618 1155 679 1218 iste
702 1173 766 1218 111
790 1153 918 1218 solvit“.
949 1151 1019 1232 Quo
1043 1153 1158 1217 indieio
1182 1153 1261 1216 dixit
1276 1171 1429 1235 apparere

307 1261 476 1342 theurgiae
501 1259 570 1325 1111
593 1263 662 1324 tam
678 1261 751 1324 boni
768 1259 951 1325 oonfioiendi
976 1277 1073 1340 quam
1096 1259 1174 1322 mali
1197 1261 1230 1323 et
1253 1259 1338 1342 apud
1354 1258 1430 1323 deos

308 1368 341 1430 et
370 1366 456 1448 aqud
486 1367 631 1431 homines
662 1367 880 1449 disciplinam
909 1367 978 1449 pati
1009 1367 1108 1431 etiarn
1139 1367 1214 1430 deos
1237 1368 1270 1430 et
1293 1366 1334 1429 ad
1356 1366 1430 1428 illas

307 1473 563 1555 perturbationes
592 1473 820 1556 passionesque
851 1472 980 1550 doduni,
1010 1491 1090 1554 quas
1122 1473 1333 1537 111111111111
1357 1471 1431 1536 dae-

307 1579 455 1642 monibus
487 1581 520 1643 et
548 1579 731 1643 hominihus
759 1580 913 1662 Apuleius
944 1577 1127 1644 adtributae
1159 1615 1199 1624 -
1238 1587 1276 1644 11
1301 1598 1331 1661 p.
1355 1586 1430 1643 418.

307 1685 424 1748 Melius
455 1687 562 1768 sapuit
591 1687 651 1750 iste
675 1685 886 1768 Porphyrius,
918 1705 993 1750 oum
1016 1685 1057 1750 ad
1079 1687 1278 1750 Anebontem
1302 1685 1431 1768 soripsit

307 1792 516 1874 Aegyptium,
551 1793 605 1856 ubi
640 1793 819 1857 oonsulenti
854 1793 967 1856 similis
1001 1793 1034 1856 et
1066 1793 1232 1873 quaerenti
1262 1793 1295 1856 et
1324 1791 1431 1874 prodit

308 1899 394 1962 artes
419 1899 589 1980 saerilegas
613 1901 645 1962 et
669 1899 791 1963 evertit.

228 2084 262 2113 m
376 2022 528 2106 Porphyr.
552 2023 652 2106 Epist.
670 2023 710 2087 ad
726 2023 865 2086 Anebon.
878 2031 920 2087 46
937 2041 967 2105 p.
978 2021 1082 2086 XLIV
1107 2021 1256 2104 Parthey.
1300 2010 1430 2107 Ἐρωτῶ
1439 2017 1509 2058 ⁵²4⁸

309 2126 345 2192 δὲ
367 2128 496 2215 μήποτε
527 2126 609 2216 άλλη
633 2153 684 2206 τις
707 2127 854 2215 λανθάνῃ
878 2123 958 2193 οὖσα
982 2128 1002 2214 ἡ
1025 2129 1110 2214 πρὸς
1132 2124 1340 2211 εὐδαιμονίαν
1355 2127 1430 2204 ὁδὸς

311 2232 516 2322 ἀφισταμένη
532 2247 596 2298 τῶν
611 2239 707 2300 θεῶν.
733 2233 850 2320 ἀπορῶ
876 2233 912 2299 δὲ
934 2230 963 2298 εἰ
987 2235 1072 2320 πρὸς
1095 2233 1194 2313 δόξας
1214 2231 1430 2318 ἀνθρωπίνας

309 2337 342 2404 ἓν
365 2338 408 2427 τῇ
432 2337 511 2427 θείᾳ
534 2341 676 2428 μαντικῇ
699 2339 756 2405 καὶ
779 2336 936 2427 θεουργίᾳ
958 2338 1093 2422 βλέπειν
1115 2341 1180 2421 δεῖ,
1209 2339 1265 2405 καί
1290 2336 1318 2404 εί
1340 2341 1387 2428 μὴ
1410 2341 1430 2428 η

307 2447 395 2533 ψυχὴ
419 2444 456 2510 ἐκ
478 2457 534 2511 τοῦ
557 2446 706 2527 τυχόντος
729 2444 930 2510 ἀναπλάττει
953 2445 1087 2530 μεγάλοὲ.
1123 2445 1207 2510 ἀλλὰ
1230 2444 1346 2511 δὲκαὶ
1369 2444 1430 2528 με’-

308 2549 408 2618 θοδοί
435 2549 516 2618 εἶσιν
545 2551 643 2617 ditae
672 2550 749 2637 περὶ
772 2554 830 2640 τὴν
852 2561 909 2617 τοῦ
931 2549 1106 2634 μέλλοντος
1128 2552 1330 2640 προμήνυσιν
1353 2552 1430 2617 δια-

307 2656 489 2744 τρίβουσαι.
525 2657 581 2723 καί
616 2653 696 2736 ἴσως
726 2655 756 2724 οὶ
787 2656 886 2724 θείαν
922 2660 1079 2746 μαντικὴν
1108 2654 1232 2739 ἔγοντες
1261 2671 1430 2745 προορῶσι

307 2764 381 2848 μέν,
417 2764 454 2831 οδ
486 2765 549 2853 μήν
578 2761 658 2830 εἰσιν
681 2761 883 2848 είδαίμσνες·
918 2778 1087 2851 προορῶσι
1111 2767 1172 2850 γὰρ
1195 2766 1237 2829 τά
1259 2763 1429 2848 μέλλοντα,

306 2877 453 2959 χρῆσθαι
484 2870 521 2936 δέ
552 2869 664 2948 αὐτοῖς
690 2871 800 2949 καλῶς
823 2869 882 2936 οὐκ
905 2868 1112 2936 ἐπίστανται.
1147 2869 1237 2936 θέλω
1261 2867 1315 2936 οὖν
1338 2860 1427 2958 παρ’

308 2979 397 3061 ὑμῶν
429 2980 487 3066 τὴν
520 2975 566 3054 είς
597 2975 802 3060 εὐδαιμονίαν
832 2979 907 3044 ὁδὸν
938 2975 1105 3056 ἐπιδεῖξαί
1133 3002 1189 3060 μοι
1217 2977 1273 3043 ναί
1309 2976 1341 3044 ε’ν
1364 2975 1430 3042 τίνι

307 3085 449 3171 aeirem>
473 3081 572 3170 αὐτῆς
595 3081 698 3150 οὐσία.
723 3086 817 3172 παρὰ
831 3083 890 3168 μὲν
912 3086 974 3172 γάρ
997 3087 1073 3172 ημῖν
1096 3081 1276 3169 λογομαχία
1293 3081 1344 3162 τίς
1360 3079 1430 3150 ἔστι

308 3189 423 3278 πολλή,
448 3192 504 3254 dire
519 3188 554 3268 ἐξ
570 3188 788 3277 ἀνθρωπίνων
804 3191 967 3276 λογισμῶν
982 3201 1039 3256 τοῦ
1062 3189 1192 3275 ἀγαθοῦ
1207 3187 1429 3273 εἰκαζομένου·

203 3346 207 3353 .
309 3287 358 3374 οἷς
388 3295 424 3361 δὲ
457 3296 679 3384 μεμηχάνηται
711 3298 730 3385 ἡ
760 3299 844 3381 πρὸς
866 3299 905 3364 τὸ
927 3300 1072 3384 κρεῖττον
1105 3295 1272 3378 συνουσία,
1308 3293 1337 3362 εἰ
1370 3296 1430 3380 μέν

308 3407 467 3489 παρεῖται
491 3403 529 3468 τὸ
551 3401 648 3488 μέρος
671 3413 767 3468 τοῦτο
791 3400 837 3480 εἷς
853 3400 1140 3490 ἐξέτασιν,·μάτην
1163 3401 1276 3480 αὐτοῖς
1290 3405 1310 3491 ἡ
1326 3399 1429 3491 σοφία

308 3507 483 3596 ἐξήσκηται
514 3507 592 3594 περὶ
620 3507 787 3594 δραπέτου
816 3507 968 3595 εὑρέσεως
991 3509 1011 3596 ἢ
1032 3506 1152 3595 χωρίου
1176 3509 1257 3596 ὠνῆς
1279 3509 1300 3597 ἢ
1323 3508 1429 3594 γάμου

308 3611 336 3680 εἰ
366 3615 455 3696 τύχοι
486 3611 695 3703 ἢέμπορίας
724 3615 780 3680 τὸν
808 3619 902 3680 θεῖον
932 3623 1005 3680 νοῦν
1029 3614 1250 3703 ἐνοχλήσασιν·
1286 3611 1315 3680 εί
1339 3604 1374 3680 δ’
1393 3613 1430 3680 od

308 3725 467 3807 narpoleos
497 3719 572 3804 μέν,
586 3733 590 3742 “
603 3716 633 3786 oi
665 3719 701 3785 δέ
724 3720 868 3799 συνόντες
892 3719 969 3808 περὶ
991 3719 1051 3804 μέν
1074 3733 1139 3786 τῶν
1162 3721 1269 3786 ἀλλων
1283 3719 1428 3809 τάληθέ-

308 3850 414 3892 στατα
438 3825 575 3912 λέγουσι,
599 3825 676 3913 περὶ
692 3825 951 3909 δέεάδαιμονίας
975 3826 1067 3892 οὐδέν
1082 3827 1228 3915 ἀσφαλές
1251 3817 1322 3893 οὐδ’
1341 3827 1428 3913 ἐχέγ-

308 3957 383 4020 γυον
406 3929 521 4016 ἒγουσι,
544 3933 674 4014 χαλεπά
696 3930 755 4015 μὲν
778 3932 1029 4016 διαμελετῶντες
1052 3934 1196 4022 ἀχρηστα
1220 3933 1256 3999 δὲ
1279 3938 1350 4012 τοῖς
1373 3933 1428 3998 ἀν-

307 4041 477 4127 θρώποις,
513 4037 570 4104 οὐκ
604 4037 685 4126 ἦσαν
720 4037 784 4125 ἀρα
821 4037 892 4104 odae
923 4039 998 4106 θεοί
1030 4029 1101 4105 οἵτ’
1120 4039 1244 4125 ἀγαθοί
1269 4038 1427 4124 δαίμονες,

308 4135 423 4235 ἀλλ’ἢ
446 4145 566 4224 ἐκεῖνος
587 4144 786 4229 δλεγόμενος
801 4145 944 4224 πλάνοςΘ
967 4147 1072 4234 ἢπάν
1095 4146 1283 4233 ἀνθρώπιον
1306 4147 1428 4234 εὕρημα

308 4253 364 4318 καί
387 4259 510 4342 θνητῆς
533 4253 658 4341 φάσεως
682 4249 910 4336 ἀνάπλασμαί.

269 4357 272 4364 ’
379 4392 407 4434 a.
426 4377 508 4430 Favet
526 4377 670 4445 theurgicis
689 4376 737 4429 hoo
755 4377 894 4446 placitum:
919 4376 1014 4446 Porph.
1035 4376 1153 4430 Sentent.
1174 4377 1190 4430 6
1217 4373 1249 4430 οὖ
1273 4379 1305 4429 τὸ
1329 4385 1430 4430 ποιοῦν

310 4470 349 4526 εἰς
368 4469 435 4519 ἀλλο
453 4469 566 4520 πελάσει
584 4470 631 4519 καὶ
651 4467 708 4538 ἁφῇ
727 4472 804 4520 ποιεῖ
822 4467 839 4518 ἃ
859 4473 945 4530 ποιεῖ,
971 4467 1104 4520 ἀλλὰκαὶ
1124 4469 1158 4519 τά
1177 4467 1291 4520 πελάσω
1309 4467 1429 4537 111111φῇ
