3130 4980
651 384 746 453 Cynici.
1206 379 1258 441 ‘221

135 545 239 618 μένης)
260 550 354 600 πάντα
373 557 427 599 τῶν
440 552 513 600 θεῶν
530 547 600 599 ἐστι·
622 549 698 617 φίλοι
717 545 749 598 δὲ
768 551 826 606 τοῖς
845 551 945 616 σοφοῖς
961 549 989 598 οἱ
999 551 1068 598 θεοί·
1088 547 1167 599 κοινὰ
1179 545 1211 599 δὲ
1225 547 1260 598 τὰ

135 647 191 690 τῶν
210 640 311 706 φίλων·
332 638 424 690 πάντα
444 638 497 706 ἄρα
517 645 570 688 τῶν
589 645 691 705 σοφῶν.
724 632 761 688 Cf.
780 633 815 686 ib.
834 633 872 686 VI
889 634 931 687 37.

42 817 88 857 σοι
105 815 127 856 A
203 797 339 880 Epiotet.
362 791 447 860 Uise.
470 795 487 858 I
513 803 562 860 17.
605 784 819 882 Ἀντισθένης
846 830 890 840 -
920 791 1005 878 λέγει
1033 832 1075 840 -
1104 793 1156 858 ότι
1179 791 1259 881 ἀργὴ
1286 812 1374 853 nomina

136 903 338 980 παιδεύσεως
361 903 381 986 ἡ
402 914 468 966 τῶν
490 899 657 984 ὀνομάτων
680 897 888 987 ἐπίσκεψιςὶ

45 1120 90 1160 εει
107 1117 127 1157 Β
204 1100 301 1164 Arist.
331 1099 408 1164 Met.
438 1098 468 1160 V
498 1095 698 1164 291024b
734 1105 785 1162 32.
843 1097 905 1162 Διὸ
923 1083 1136 1222 Ανγισθένης
1179 1083 1258 1182 ᾤετο
1286 1096 1408 1202 θθθῗξξξ

135 1204 264 1336 εὐηθως
286 1202 457 1294 μηθέν’ξ
415 1230 437 1269 α
437 1203 515 1284 ξιῶν
538 1201 695 1290 λέγεσθαι
724 1203 811 1290 πλὴν
833 1201 881 1288 τιό
904 1199 1013 1289 οἰκείῳ
1041 1197 1167 1289 λόγηι’
1149 1227 1183 1267 εν
1205 1191 1256 1290 ἐφ

137 1309 225 1388 ἑνός·
255 1305 345 1390 ἐξ
320 1336 364 1375 ων
391 1307 557 1393 συνέβαινε
586 1311 631 1397 μὴ
663 1301 747 1374 εἶναι
770 1306 953 1394 αντιλέγειν,
986 1309 1095 1390 σχεδὸν
1118 1307 1155 1375 δέ
1176 1309 1260 1398 μηδὲ

136 1416 353 1506 ψεόδεσθαιῑ).
373 1453 417 1464 -
438 1417 566 1483 11113.
585 1415 748 1482 1043123
767 1418 849 1481 ὥστε
861 1415 880 1502 ἡ
892 1413 1027 1504 α’πορία,
1055 1413 1093 1504 ἢν
1109 1405 1259 1482 οἱἎντι-

137 1524 283 1592 σθένειυι
305 1523 364 1590 καί
387 1519 418 1589 σί
442 1525 543 1602 οότως
566 1521 762 1588 ἀπαίδευτοι
778 1521 931 1611 ἠπόρουν,
954 1519 1018 1604 ἔχει
1041 1524 1114 1588 τινὰ
1137 1523 1258 1610 καιρόν,

137 1632 190 1698 ότι
213 1630 271 1696 οὐκ
293 1626 364 1697 ἔστι
379 1633 418 1696 τὸ
433 1627 467 1696 τί
490 1626 579 1695 ἔστιν
601 1627 784 1717 ὁρίσασθαι
808 1630 876 1714 (τὸν
890 1630 951 1716 γὰρ
968 1629 1042 1715 όρον
1057 1628 1152 1714 λόγον
1175 1622 1258 1696 εἶναι
1286 1646 1385 1689 definitio

136 1739 308 1826 μακρόνθ),
343 1736 427 1802 ἀλλὰ
451 1740 548 1802 ποῖον
578 1735 638 1820 μέν
659 1734 694 1801 τί
721 1735 808 1802 ἐστιν
838 1733 998 1818 ἐνδέχεται
1027 1735 1085 1801 καὶ
1116 1735 1259 1816 διδάξαι,

130 1847 250 1934 ,ὥσπερ
273 1844 423 1972 ρῖργόριον
444 1841 479 1908 τί
501 1841 560 1926 μέν
579 1842 666 1908 έστιν
689 1841 735 1923 ολί,
759 1843 810 1908 ότι
826 1831 857 1906 δ’
877 1833 945 1908 οἷον
959 1839 1157 1930 καττίτερος.
1182 1832 1257 1908 ὥστ’

138 1948 250 2028 οὐσίας
273 1947 343 2016 ἔστι
365 1949 424 2034 μέν
446 1945 484 2038 ἦς
507 1941 726 2032 ἐνδέχεται
697 1973 781 2015 ειναι
805 1949 879 2036 όρυν
901 1948 958 2015 καὶ
987 1940 1147 2034 λόγον,
1114 1973 1182 2014 οιον
1203 1961 1261 2036 τῆς

138 2055 312 2137 συνθέτου,
343 2056 398 2122 έόν
426 2081 461 2122 τε
491 2053 682 2145 αἰσθητὴ
667 2056 723 2122 τόν
746 2081 781 2121 τε
803 2041 1008 2144 νοητὴῇπ
993 2044 1151 2134 έξῶνδ
1179 2056 1259 2142 αὕτη

138 2165 281 2251 πρώτων
305 2162 362 2230 οὐκ
385 2186 488 2244 εστιν,
519 2159 613 2251 είπερ
636 2187 669 2228 τι
692 2163 778 2228 κατά
801 2186 888 2240 τινος
912 2159 1062 2250 σημαίνει
1085 2162 1102 2226 ό
1127 2161 1219 2246 λόγος
1243 2162 1260 2226 ὁ

139 2271 319 2358 όριστικός,
354 2269 412 2336 καὶ
448 2270 497 2335 δεῖ
534 2271 572 2336 τὸ
605 2269 664 2352 μέν
699 2271 810 2355 ὥσπερ
845 2269 921 2356 όλην
955 2261 1048 2349 εἶναι,
1084 2269 1122 2334 τὸ
1146 2266 1182 2333 δέ
1217 2269 1260 2345 ὡς

137 2375 296 2465 9⁰9²?st-

51 2592 127 2634 ειιυ
209 2572 319 2655 Simpl.
342 2572 375 2636 in
389 2572 486 2634 Arist.
503 2571 580 2648 Cat.
605 2570 916 2638 80110166145Β1.
950 2577 1021 2635 Τῶν
1044 2569 1081 2635 δέ
1103 2569 1259 2634 παλαιῶν
1273 2604 1335 2646 ideae
1349 2615 1392 2646 non
1408 2606 1460 2645 sunt

137 2675 170 2744 οὶ
192 2677 252 2762 μέν
275 2671 408 2764 διῄρουν
430 2678 490 2754 τὰς
510 2676 691 2765 ποιότητας
714 2675 830 2756 τελέως
852 2678 890 2742 τὸ
911 2677 1008 2742 ποιδν
1030 2686 1263 2763 συγχωροῦντες

137 2777 238 2864 εἶναι,
263 2785 374 2869 ὥσπερ
396 2770 623 2872 Ἀντισθένης,
647 2783 682 2860 ός
705 2807 788 2849 ποτε
812 2782 968 2848 Πλάτωνι
992 2783 1262 2870 διαμφισβητῶν·

134 2877 176 2955 ³52
191 2889 344 2970 Πλάτων,
368 2885 440 2977 ἔφη,
463 2889 573 2954 ἵππον
594 2888 653 2972 μέν
676 2890 750 2977 δρῶ,
777 2886 948 2977 ἱππότητα
972 2887 1009 2954 δέ
1032 2888 1087 2970 οὐχ
1110 2889 1202 2976 ὁρῶθ.

211 3047 239 3086 a.
259 3032 336 3100 Diog.
355 3031 393 3084 VI
411 3033 435 3086 3.
469 3034 584 3105 Πρῶτός
602 3051 630 3086 τε
649 3036 769 3106 ὡρίσατο
787 3035 871 3102 λόγον
885 3034 984 3086 εἰπών·
1004 3034 1085 3102 λόγος
1104 3034 1180 3086 ἐστὶν
1199 3036 1213 3085 ὁ
1232 3035 1264 3086 τὸ

138 3127 168 3175 τί
184 3121 219 3189 ἦν
237 3125 252 3187 ἢ
271 3123 331 3176 ἔστι
350 3121 446 3186 δηλῶν.
835 3133 837 3138 ·

210 3228 241 3283 1).
261 3227 298 3282 cf.
318 3227 365 3281 Ar.
393 3227 455 3296 Top.
474 3227 548 3281 111.
574 3226 645 3281 1041>
664 3228 706 3281 20.
734 3257 768 3266 -
797 3227 873 3280 Plato
898 3227 975 3296 Soph.
994 3228 1045 3281 251
1056 3227 1087 3280 A.
1133 3233 1264 3300 Λέγομεν

141 3322 293 3388 ἄνθρωπον
311 3317 347 3382 δή
361 3337 418 3370 που
436 3313 511 3369 πόλλ’
535 3321 604 3369 ἰίττα
623 3318 848 3389 ἐπονομάζοντες,
869 3320 903 3369 τό
922 3335 950 3370 τε
960 3318 1097 3389 χρώματα
1117 3319 1263 3387 ἐπιφέρον-

140 3425 183 3466 τες
203 3407 276 3474 αὐτῷ
303 3409 350 3458 καὶ
375 3407 409 3457 τὰ
429 3407 559 3478 σχήματα
587 3410 633 3458 καὶ
652 3410 758 3475 μεγέθη
776 3411 823 3458 καὶ
840 3411 936 3464 κακίας
963 3409 1009 3458 καὶ
1038 3407 1146 3476 ἀρετάς,
1175 3407 1205 3458 ἐν
1224 3399 1264 3466 οἷς

139 3505 212 3548 πᾶσι
230 3499 277 3548 καὶ
296 3495 396 3565 ἑτέροις
414 3500 525 3566 μυρίοις
544 3496 577 3546 οὐ
593 3497 683 3565 μόνον
702 3499 853 3566 ἄνθρωπον
873 3496 957 3546 αὐτὸν
975 3493 1047 3546 εἶναί
1065 3512 1165 3565 φαμεν,
1192 3495 1261 3546 ἀλλὰ

138 3588 185 3637 καὶ
214 3585 327 3652 ἀγαθόν
354 3587 400 3635 καὶ
428 3583 506 3654 ἕτερα
535 3587 649 3656 ἄπειρα,
684 3587 731 3636 καὶ
758 3583 844 3635 τᾶλλα
864 3583 899 3649 δὴ
921 3584 991 3635 κατὰ
1011 3587 1059 3635 τὸν
1078 3584 1162 3634 αὐτὸν
1181 3584 1264 3652 λόγον

140 3675 227 3733 οὕτως
253 3673 283 3726 ἓν
307 3671 424 3724 ἕκαστον
449 3673 619 3744 ὑποθέμενοι
645 3675 729 3724 πάλιν
749 3674 817 3724 αὐτὸ
836 3673 925 3725 πολλὰ
943 3675 990 3724 καὶ
1009 3675 1122 3730 πολλοῖς
1142 3673 1264 3744 ὀνόμασι

139 3766 265 3833 λέγομεν.
286 3787 320 3798 --
334 3755 421 3814 Ὅθεν
440 3778 479 3829 γε,
500 3759 588 3832 οἶμαι,
616 3767 673 3821 τοῖς
692 3779 719 3814 τε
738 3766 809 3821 νέοις
827 3765 873 3814 καὶ
893 3771 947 3813 τῶν
965 3762 1102 3832 γερόντων
1121 3766 1179 3820 τοῖς
1198 3761 1262 3826 ὀψι-

139 3855 249 3921 μαθέσι
272 3849 300 3914 (i.
320 3865 341 3901 ο.
361 3847 528 3912 Antistheni)
554 3854 653 3916 θοίνην
671 3853 928 3921 παρεσκευάκαμεν·
958 3851 1042 3908 εὐθὺς
1069 3850 1124 3919 γὰρ
1152 3850 1263 3900 ἀντιλα·

139 3945 242 4007 βέσθαι
262 3943 348 3992 παντὶ
368 3939 518 4010 πρόχειρον
536 3940 571 3998 ὡς
590 3939 733 3991 ἀδύνατον
751 3942 786 3991 τό
805 3957 832 3991 τε
852 3939 941 3991 πολλὰ
960 3937 990 3990 ἓν
1007 3941 1054 3990 καὶ
1073 3939 1105 3990 τὸ
1124 3937 1153 3989 ἓν
1172 3939 1262 3990 πολλὰ

140 4029 219 4091 εἶναι,
239 4031 286 4080 καὶ
305 4027 341 4093 δή
360 4047 417 4080 που
431 4032 584 4099 χαίρουσιν
603 4029 652 4080 οὐκ
670 4029 765 4086 ἐῶντες
784 4029 895 4096 ἀγαθὸν
910 4029 999 4095 λέγειν
1014 4030 1173 4099 ἄνθρωπον,
1193 4027 1262 4077 ἀλλὰ

140 4119 244 4188 τὸμὲν
262 4117 374 4185 ἀγαθόν
393 4117 512 4184 ἀγαθόν,
532 4117 581 4168 τὸν
599 4115 631 4168 δέ
651 4119 802 4188 ἄνθρωπον
821 4120 979 4186 ἄνθρωπον.

211 4237 239 4277 ο.
256 4222 292 4275 Η.
312 4239 334 4275 ο.
354 4221 471 4274 definitio
490 4221 557 4274 nihil
577 4224 619 4274 est
637 4219 688 4274 nisi
707 4222 810 4290 longior
829 4223 965 4275 verborum
985 4220 1107 4286 1111111111,
1127 4221 1159 4273 ef.
1178 4219 1261 4274 Arist.

139 4313 204 4366 Met.
223 4311 287 4364 XIV
305 4313 331 4364 3.
351 4311 440 4364 10912
459 4310 484 4364 7.
504 4310 590 4364 Schol.
609 4310 692 4364 Arist.
711 4327 737 4380 p.
756 4311 829 4364 827b
849 4312 890 4365 18.

121 4414 123 4416 ¹
211 4418 242 4473 (1.
263 4417 302 4472 Cf.
322 4417 398 4471 Plato
416 4417 523 4470 Theaeb.
543 4417 635 4471 201E.
670 4413 741 4486 Ἐγὼ
764 4419 818 4488 γὰρ
838 4413 874 4470 αὖ
898 4416 1013 4470 ἐδόκουν
1038 4418 1148 4470 ἀκούειν
1174 4427 1262 4480 τινῶν,

142 4509 185 4562 ὅτι
204 4509 311 4579 τὰμὲν
330 4517 424 4580 πρῶτα
444 4509 580 4578 οἱσνπερεὶ
607 4512 746 4576 στοιχεῖα,
767 4508 796 4568 ἐξ
820 4501 857 4558 ὧν
875 4508 952 4576 ἡμεῖς
976 4524 1004 4558 τε
1024 4511 1199 4578 συγκείμεθα
1218 4509 1264 4558 καὶ
