3156 4988
676 351 793 416 Physica.
1241 348 1295 408 3871

171 507 343 594 ἀλλότριον
365 509 447 596 μήτε
468 521 526 596 τῆς
548 509 791 597 μακαριότητος
806 507 965 576 ἀνοίκειον
990 509 1077 596 αὕτη]
1102 511 1292 596 πρόσαπτε·

172 625 240 678 ποῖν
265 613 301 680 δὲ
323 617 361 680 τὸ
385 616 562 702 φυλάττειν
593 615 692 682 αὐτοῦ
714 617 886 699 δυνάμενον
909 620 966 706 τὴν
993 621 1076 700 μετὰ
1099 615 1293 705 ἀφθαρσίας

170 721 401 810 μακαριότητα
442 723 520 808 περὶ
559 722 656 788 αότδν
693 723 836 804 dotatae
888 723 964 789 θεοὶ
1001 723 1060 805 μὲν
1098 726 1158 810 γὰρ
1197 721 1292 790 οἷσίν·

172 827 305 918 ἐναργὴς
337 832 397 917 γὰρ
434 829 540 895 αὐτῶν
575 829 662 896 ἐστιν
696 833 715 917 η
750 832 893 916 γνῶσιςλ.
941 832 1029 908 οἵους
1057 820 1089 896 δ)
1115 830 1231 910 αὐτοὺς
1262 829 1290 898 οἳ

172 935 292 1002 πολλοὶ
321 935 520 1018 νομίζουσιν,
557 935 614 1002 οὐκ
643 934 740 1002 εἰσίν·
776 937 812 1003 οὐ
836 941 896 1024 γὰρ
927 937 1147 1026 φυλάττουσιν
1177 938 1292 1016 αὐτοὺς

171 1045 260 1120 οἵους
289 1054 415 1109 νοοῦσιν
431 1048 450 1108 ¹.
498 1044 616 1133 ἀσεβὴς
646 1043 682 1110 δὲ
712 1044 767 1127 οὐχ
799 1046 914 1124 δτοδς
943 1059 1008 1109 τῶν
1038 1046 1170 1110 πολλῶν
1194 1047 1292 1122 θεοὺς

169 1149 327 1235 ἀναιρῶν,
357 1141 433 1216 ἀλλ’
453 1151 471 1216 ὁ
494 1154 553 1229 τὰς
582 1165 647 1216 τῶν
677 1153 810 1218 πολλῶν
841 1153 939 1232 δόξας
961 1157 1055 1230 θεοῖς
1078 1152 1290 1238 προσάπτων.

173 1267 245 1322 124.
270 1256 306 1322 οό
330 1260 389 1343 γὰρ
413 1259 600 1348 προλήψεις
622 1256 702 1324 εἰσὶν
718 1249 792 1324 ἀλλ’
812 1260 996 1348 ὑπολήψεις
1021 1259 1152 1345 ψευδεῖς
1176 1255 1212 1324 αἱ
1228 1273 1292 1324 τῶν

170 1365 303 1430 πολλῶν
326 1364 408 1452 ὑπὲρ
432 1371 520 1430 θεῶν
543 1364 755 1453 ἄποφόσειςῦ.

242 1505 270 1544 u.
290 1489 394 1560 Epicur.
410 1489 529 1542 Sentent.
548 1491 636 1543 select.
657 1493 728 1560 lap.
745 1491 821 1558 Diog.
837 1491 862 1543 X
879 1491 930 1544 139
950 1508 975 1560 p.
992 1492 1025 1544 71
1036 1491 1082 1544 Us.
1102 1495 1133 1544 τὸ
1152 1493 1292 1564 μακάριον

169 1584 217 1632 καὶ
237 1584 387 1652 ἄφθαρτον
406 1583 466 1633 οὔτε
487 1582 554 1632 αὐτὸ
573 1583 727 1652 πράγματα
747 1582 803 1650 ἔχει
823 1584 883 1633 odra
904 1584 975 1648 ι’ίλλῳ
995 1585 1116 1654 παρέχει,
1141 1579 1209 1635 ὥστε
1229 1583 1289 1633 οὔτε

170 1671 266 1741 ὀργαῖς
292 1672 352 1722 οὔτε
374 1671 473 1740 χόρισι
498 1673 654 1738 συνέχεται·
685 1671 713 1722 ἐν
734 1672 849 1723 ἀσθενεῖ
871 1671 925 1743 γὰρ
945 1680 1002 1722 πᾶν
1031 1673 1061 1722 τό
1080 1680 1213 1722 τοιοῦτον.
1252 1667 1289 1722 Cf.

168 1755 221 1810 Cic.
241 1757 317 1810 Deor.
337 1756 370 1810 N.
390 1755 404 1808 Ι
422 1757 457 1810 50
468 1773 506 1825 sq.
1236 1765 1238 1770 ’

241 1863 271 1917 b.
298 1863 403 1916 Scilicet
428 1881 475 1933 per
498 1866 649 1936 πρόληψιν,
679 1881 745 1932 quae
769 1881 870 1933 semper
893 1879 954 1916 vera
978 1867 1027 1916 est.
1070 1863 1184 1916 Videtur
1207 1863 1290 1931 igitur

168 1952 297 2022 Epicurus
315 1953 365 2006 hoc
383 1953 527 2006 conoesisse
545 1953 676 2006 communi
694 1951 828 2005 hominum
847 1953 1023 2022 persuasioni,
1055 1957 1085 2004 ut
1104 1952 1165 2006 deos
1183 1969 1211 2004 re
1230 1969 1290 2006 vera

167 2041 294 2094 exsistere
313 2044 341 2094 et
359 2041 458 2110 species
476 2059 565 2094 eorum
584 2041 682 2094 similes
701 2040 835 2094 hominum
853 2058 910 2094 esse
928 2044 1045 2110 poneret,
1064 2059 1087 2094 r.
1103 2041 1178 2108 Diog.
1198 2041 1289 2095 X139

167 2130 210 2196 (fr.
229 2129 293 2196 355)
312 2133 342 2184 ἰν
361 2135 452 2192 ι’ίλλοις
471 2133 505 2186 δέ
522 2149 591 2202 φησι
616 2133 679 2191 τοὺς
697 2133 779 2190 θεοὺς
803 2133 875 2199 λόγῳ
893 2131 1059 2202 θεωρητούς,
1090 2133 1136 2192 odo
1153 2131 1207 2202 μὲν
1224 2128 1285 2193 κατ’

168 2221 291 2292 ἀριθμὸν
317 2221 475 2290 ὑφεστῶτας
498 2219 644 2285 (soliditate
669 2219 780 2290 quadam
799 2219 832 2271 ad
857 2235 992 2286 numerum
1012 2211 1214 2287 permanentes),
1244 2221 1289 2278 οὓς

167 2309 200 2362 δὲ
218 2311 288 2360 κατὰ
309 2309 469 2380 ὁμοείδειαν
493 2311 521 2361 ἐκ
546 2319 592 2376 τῆς
619 2319 749 2378 συνεχοῦς
781 2311 946 2379 ἐπιρρύσεως
970 2317 1024 2359 τῶν
1047 2311 1152 2379 ὁμοίων
1170 2307 1290 2360 εἰδώλων

166 2400 213 2450 ἐπὶ
233 2399 265 2449 τὸ
285 2399 352 2450 αὐτὸ
371 2400 650 2469 ἀποτετελεσμένους,
678 2398 906 2468 ἀνθρωποειδεῖς
935 2397 966 2449 cf.
987 2395 1039 2450 Cic.
1059 2397 1135 2448 Deer.
1155 2396 1188 2448 N.
1207 2395 1221 2448 Ι
1239 2397 1287 2461 49;

166 2485 237 2538 ΡΙιιυ.
256 2486 270 2538 Ι
290 2486 313 2551 7,
339 2486 375 2540 34
398 2487 473 2552 (Dor.
492 2487 569 2551 306);
594 2486 699 2549 Hirzel,
729 2486 835 2540 Uutcre.
855 2485 868 2538 I
886 2486 970 2554 46sq.
1008 2485 1091 2538 Zeller
1109 2485 1150 2538 Ill
1176 2483 1209 2562 1³
1226 2486 1287 2538 431.

166 2574 376 2628 subtilissimum
399 2591 443 2628 eos
469 2591 562 2644 corpus
586 2575 681 2628 habere
701 2575 824 2642 docebat,
843 2578 952 2644 propter
969 2575 1210 2628 immortalitatem:
1236 2573 1287 2646 Cic.

165 2662 244 2716 Deor.
263 2662 297 2716 N.
316 2663 329 2714 I
348 2659 381 2716 71
401 2663 565 2732 (Epicurus)
583 2681 617 2717 ue
641 2665 771 2718 interitus
791 2670 815 2718 et
834 2664 979 2731 dissipatio
999 2669 1187 2730 consequatur,
1206 2669 1288 2730 repat

165 2768 223 2804 csse
242 2767 342 2820 corpus
363 2753 480 2816 deorum,
500 2753 547 2806 sed
566 2759 695 2820 tauquam
714 2769 822 2820 corpus,
841 2769 890 2806 uec
904 2753 1073 2820 saupuiueru,
1092 2752 1140 2804 sed
1158 2757 1288 2820 tauquam

166 2840 335 2907 sanquinem.
373 2839 411 2894 cf.
431 2841 465 2893 ib.
486 2841 546 2894 123.
583 2841 783 2894 Multitudinem
802 2841 908 2894 deorum
923 2827 1056 2893 ¹infinitam
1076 2857 1132 2892 esse
1151 2841 1287 2893 statuebat

165 2931 275 2998 propter
293 2933 455 3001 ἰσονομίαν,
483 2929 509 2982 h.
530 2947 551 2982 a
570 2934 602 2982 ut
621 2931 707 2982 emnia
730 2931 850 2984 omnibus
868 2931 975 3000 paribus
1000 2930 1074 2999 paria
1092 2930 1285 3000 responderent,

166 3035 189 3069 v.
208 3017 243 3070 ib.
262 3017 276 3069 Ι
295 3019 330 3071 50
348 3035 382 3071 ου
402 3019 452 3071 buc
470 3020 556 3086 ipitur
574 3020 728 3091 (ἰσονομίᾳ)
752 3019 823 3072 illud
841 3019 969 3084 efficit-ur,
995 3021 1020 3074 si
1038 3019 1189 3074 mortalium
1208 3025 1286 3072 tauta

163 3107 310 3159 multitudo
329 3109 373 3182 eit,¹
393 3124 448 3161 erse
466 3108 655 3161 immortalium
673 3125 729 3161 uou
747 3110 880 3162 σίνονται.

226 3201 264 3267 ὀ.
285 3213 427 3283 Propterea
455 3217 482 3266 et
510 3215 612 3267 fabulas
639 3218 777 3284 poetarum
805 3219 833 3267 et
860 3215 998 3284 populares
1026 3215 1057 3266 de
1086 3199 1126 3267 dis
1154 3213 1286 3286 opiniones

164 3301 338 3370 maximopere
357 3302 519 3366 fastidiebat,
538 3321 562 3356 v.
581 3303 665 3372 Epist.
684 3303 698 3356 I
717 3321 757 3372 ap.
776 3304 852 3371 Diog.
871 3304 897 3355 X
915 3305 963 3368 813
982 3303 1010 3355 ΙΙ
1027 3304 1062 3356 ib.
1082 3304 1125 3356 87.
1147 3304 1205 3356 104.
1225 3305 1285 3357 114.

165 3391 231 3456 116;
251 3389 323 3443 Sent.
344 3391 390 3444 sel.
410 3392 444 3444 12
463 3393 498 3444 ib.
519 3393 585 3456 143;
605 3391 657 3446 Cic.
677 3393 710 3444 D.
730 3392 763 3445 N.
783 3392 797 3445 1
815 3391 899 3461 resq.
920 3423 953 3432 —
976 3392 1065 3444 Etiam
1083 3395 1136 3444 fato
1156 3409 1187 3444 ac
1203 3393 1286 3461 provi·

165 3479 270 3532 dentiae
289 3479 391 3532 Stoicae
410 3484 438 3532 et
457 3480 611 3534 divinationi
630 3481 832 3534 adversabatur:
858 3481 943 3550 Epist.
962 3481 1003 3533 III
1021 3497 1061 3550 ap.
1080 3480 1156 3548 Diog.
1176 3481 1201 3532 X
1220 3481 1284 3545 135;

164 3567 216 3621 Cio.
236 3568 268 3620 D.
288 3567 322 3620 N.
341 3567 354 3619 I
374 3570 407 3622 18
418 3585 456 3638 sq.
476 3569 517 3634 (fr.
538 3570 608 3634 352).
632 3569 668 3622 54
678 3587 716 3638 sq.
737 3571 777 3636 (fr.
797 3571 873 3634 367);
893 3569 964 3622 Plut.
984 3587 1005 3622 c.
1020 3569 1123 3638 Epicur.
1142 3569 1235 3622 beatit.
1250 3571 1283 3624 21

163 3673 189 3724 p.
209 3657 278 3710 1101
299 3655 340 3724 (fr.
360 3657 440 3722 369);
459 3657 516 3710 adv.
537 3657 620 3712 Colot.
640 3659 673 3711 27
694 3676 718 3728 p.
740 3660 817 3712 1123.
837 3659 872 3712 30
891 3676 916 3727 p.
938 3658 1007 3710 1124
1025 3658 1066 3722 (ir.
1087 3659 1163 3722 368);
1192 3658 1223 3712 cf.
1242 3664 1285 3711 BP

164 3745 216 3798 376
224 3761 247 3797 a.
263 3773 297 3783 —
312 3745 420 3798 Talibus
440 3746 551 3814 sapienti
571 3747 677 3799 deorum
692 3747 812 3800 timorem
827 3747 937 3799 eximere
952 3747 1090 3798 studebat:
1111 3763 1133 3798 r.
1143 3751 1186 3798 BP
1196 3747 1283 3812 375a;

164 3832 215 3886 Cic.
236 3833 313 3886 Deor.
333 3834 367 3887 N.
386 3834 453 3886 145
472 3835 513 3899 (fr.
533 3835 604 3900 352).
635 3865 668 3874 -
696 3835 825 3888 Habitare
850 3836 877 3887 iu
896 3835 1081 3888 intermundiis
1100 3837 1284 3907 (μετακόσμια

163 3927 206 3974 ΕΡ
221 3923 286 3986 376)
305 3922 366 3975 deos
381 3923 497 3976 dicebat:
517 3923 569 3978 Cic.
585 3925 616 3976 de
634 3924 721 3977 Divin.
736 3923 812 3978 1140
826 3924 889 3977 deos
903 3925 973 3977 enlm
986 3925 1061 3991 ipsos
1075 3923 1186 3976 ιὀυαιιιλι
1199 3939 1284 3976 eausa

162 4010 278 4064 induerit
293 4010 433 4079 Epicurus
456 4013 609 4078 perlucidos
634 4019 659 4066 et
674 4013 823 4080 perflabilis
841 4019 867 4066 et
885 4013 1035 4066 habitaretis
1053 4018 1186 4078 tamquam
1214 4013 1285 4066 iuter

163 4099 327 4153 ἀνοσίοισι
355 4101 394 4153 sic
412 4100 483 4154 iuter
507 4102 575 4155 duos
593 4102 709 4155 arundus
733 4107 846 4170 propter
869 4108 964 4154 metum
988 4101 1141 4154 ruinarum.
1179 4100 1216 4154 cf.
1235 4101 1285 4153 Lu·

163 4192 226 4241 eret.
245 4187 270 4239 V
290 4189 341 4242 146
352 4205 391 4258 sq.

163 4297 376 4306 mm...-

234 4349 260 4412 1)
281 4359 395 4402 νοοῦσιν
413 4347 473 4402 Us.:
493 4354 655 4421 νομίζουσιν
673 4351 742 4403 libri.
