3146 4982
288 295 342 354 482
703 297 815 366 Sceptioi
834 273 999 350 recentiores.

289 460 443 527 persecutus
467 460 510 510 est
528 473 593 526 quae
613 456 713 510 tradita
731 460 808 510 erant
826 474 841 510 a
860 456 986 526 Scepticis
1004 456 1197 526 antiquioribus
1215 460 1269 523 (ΒΡ
1287 457 1340 510 356
1351 458 1413 527 sq.).

289 547 328 599 Ex
346 547 413 600 libro
432 547 488 598 eius
506 546 645 616 praecipuo
663 548 845 618 (Πυρρώνειοι
859 546 956 615 λόγον),
976 545 1021 614 qui
1040 562 1056 598 a
1074 545 1191 612 Diogene
1208 544 1258 612 (IX
1277 547 1336 600 106.
1351 547 1419 610 116)

290 636 422 701 laudatur,
443 636 600 704 paucissima
618 635 747 704 excerpsit
765 635 876 688 Photius
899 635 978 701 (Bibl.
997 635 1052 688 cod.
1073 635 1143 699 212).
1180 635 1320 687 Praeterea
1344 651 1414 688 com·

289 727 450 778 memoratur
468 724 524 776 eius
551 727 728 784 ὑποτύπωσις
747 729 785 784 εἰς
803 726 837 776 τὰ
858 727 1018 796 Πυρρώνεια
1046 723 1132 792 (Diog.
1152 724 1257 788 ixl&
1286 725 1415 776 Aristool.

277 816 307 879 l.
327 815 344 867 l.
366 815 406 879 18,
428 813 472 876 11)
491 815 519 865 91
536 811 588 865 alia
607 813 692 880 (Diog.
712 813 840 877 1Χ106).

361 917 388 957 ο.
408 903 447 954 De
466 902 528 954 vitis
546 902 640 954 horum
658 901 836 970 Scepticorum
854 918 946 971 parum
965 902 1062 972 liquet,
1091 901 1122 955 cf.
1143 901 1169 955 Z.
1188 901 1229 954 III
1247 901 1286 955 2³
1306 902 1413 957 7-12.

289 991 401 1045 Plurimi
429 991 527 1043 diserte
555 991 700 1043 traduntur
726 991 819 1043 medici
844 990 960 1060 empirici
979 991 1073 1056 fuisse,
1102 993 1203 1043 eeteros
1228 991 1351 1044 credibile
1370 995 1415 1044 est

290 1080 397 1132 eandem
416 1079 600 1148 professionem
620 1082 722 1132 secutos
741 1095 812 1144 eese;
841 1080 871 1132 cf.
897 1079 981 1132 Zeller
998 1079 1016 1132 l.
1035 1079 1053 1132 l.
1074 1080 1116 1146 14,
1141 1080 1186 1148 qui
1205 1083 1284 1132 etiarn
1303 1079 1414 1133 Sextum

290 1169 394 1237 (Pyrrh.
414 1168 427 1220 I
446 1169 510 1232 236;
530 1168 615 1222 Math.
634 1168 698 1222 VIII
716 1169 781 1231 321)
798 1168 977 1238 Scepticorum
996 1168 1160 1238 disciplinam
1186 1157 1220 1220 ad
1237 1168 1415 1220 methodicam

290 1259 448 1312 medicorum
463 1259 560 1308 sectam
575 1257 728 1309 referentem
744 1256 861 1309 revincit.
899 1257 1043 1310 Paucorum
1062 1257 1123 1309 libri
1137 1257 1294 1310 mentionem
1312 1257 1415 1309 habent

290 1348 364 1401 volnt
383 1345 542 1398 Zeuxidis
561 1345 647 1412 (Diog.
666 1345 705 1398 IX
725 1347 786 1410 106)
799 1349 827 1398 91
841 1345 996 1398 Theodae
1014 1343 1116 1411 (Galen.
1136 1346 1167 1398 de‘
1185 1346 1244 1400 libr.
1264 1363 1352 1415 propr.
1373 1347 1414 1411 9.;

292 1437 418 1504 subligar.
438 1434 552 1503 empirio.
572 1452 596 1503 p.
618 1435 652 1488 68
672 1435 705 1488 al.
725 1435 765 1488 ed.
780 1435 897 1499 Bonnet;
917 1434 988 1488 Suid.
1008 1453 1028 1488 s.
1051 1453 1072 1488 1.
1091 1435 1246 1500 Θεοδόσιος,
1266 1436 1312 1487 ubi
1330 1435 1414 1488 nomi·

291 1524 515 1587 11111Θευδᾱς).
543 1523 635 1592 Neque
653 1523 686 1576 de
705 1525 866 1592 temporibus
885 1524 1048 1593 exploratum
1067 1527 1116 1578 est.
1149 1523 1282 1578 Sextum
1301 1523 1418 1594 Empiri-

291 1629 350 1668 oum
378 1612 510 1682 probabile
538 1615 580 1666 est
607 1613 684 1682 paulo
717 1616 778 1682 post
806 1612 934 1666 Galerium
963 1613 1113 1681 scripsisse;
1140 1630 1163 1666 v.
1189 1612 1272 1666 Zeller
1298 1614 1318 1666 l.
1342 1614 1361 1668 l.
1388 1614 1415 1666 7.

292 1703 361 1756 Hinc
378 1701 510 1770 profectus
536 1701 558 1752 si
583 1701 716 1770 superiora
738 1705 856 1770 tempora
881 1718 964 1770 usque
983 1701 1016 1753 ad
1035 1701 1150 1754 Timonis
1176 1705 1290 1756 aetatem
1308 1706 1416 1772 reputa·

292 1791 368 1855 veris,
387 1789 535 1857 catalogum
553 1790 721 1842 Laertianum
744 1791 786 1842 vix
810 1789 943 1856 integrum
967 1807 1023 1842 esse
1048 1789 1179 1843 concedes.
1216 1791 1415 1857 Aenesidemus,

294 1881 315 1932 si
336 1877 440 1947 quidem
466 1877 547 1930 libros
573 1895 633 1931 suos
659 1879 734 1931 misit
752 1879 785 1932 ad
803 1879 831 1932 L.
851 1879 927 1932 illum
945 1877 1108 1932 Tuberonem
1132 1879 1218 1945 (Phot.
1238 1879 1256 1932 l.
1275 1878 1305 1944 1.)
1324 1879 1369 1948 qui
1389 1896 1415 1932 a.

294 1969 328 2023 58
347 1967 377 2032 Q.
397 1967 527 2022 Ciceronis
546 1968 574 2020 in
592 1968 657 2020 Asia
675 1969 779 2035 legatus
804 1972 862 2021 erat
885 1967 949 2035 (Cic.
968 1967 1002 2020 ad
1021 1967 1050 2032 Q.
1070 1968 1145 2020 fratr.
1165 1970 1190 2034 1,
1210 1969 1268 2033 10),
1294 1968 1415 2021 Philonis

293 2061 321 2112 et
338 2056 462 2110 Antiochi
480 2060 533 2122 (BP
552 2057 616 2122 443)
634 2057 717 2110 aetati
736 2073 834 2126 suppar
861 2057 996 2110 habendus
1015 2059 1071 2122 est,
1100 2057 1131 2110 of.
1150 2057 1231 2123 Diels,
1259 2057 1324 2110 Dor.
1345 2058 1414 2123 211;

293 2145 396 2216 Natorp
415 2146 463 2212 663
482 2145 573 2198 Hirzcl
591 2145 632 2198 III
651 2143 733 2211 23r²;
753 2145 837 2200 Zeller
857 2146 891 2198 10
900 2162 939 2214 sq.

363 2323 446 2386 Sext.
478 2323 590 2406 Pyrrh.
620 2323 637 2386 Ι
662 2331 735 2388 210.
786 2317 826 2388 Οί
856 2321 933 2410 περὶ
963 2325 1017 2387 τὸν
1046 2318 1272 2410 Αἱνησίδημον
1306 2319 1416 2408 ἔλεγον
1425 2323 1471 2380 411

294 2429 367 2494 όδὸν
390 2421 473 2493 εἶναι
497 2431 554 2516 τὴν
577 2431 754 2516 σκεπτικὴν
782 2427 907 2516 ἀγωγὴν
930 2425 989 2493 ἐπὶ
1012 2431 1069 2516 τὴν
1090 2417 1332 2513 Ἡρακλείτειον
1355 2454 1415 2516 cpt-

294 2533 467 2624 λοσοφίαν,
511 2536 596 2600 διότι
632 2541 827 2624 προηγεῖται
867 2547 925 2602 τοῦ
959 2531 1114 2600 τάναντία
1150 2533 1227 2624 περί
1261 2537 1299 2600 τὸ
1335 2535 1416 2602 αὐτὸ

294 2642 449 2726 ’ὑπάρχειν
472 2644 510 2707 τὸ
533 2640 689 2706 τάναντία
714 2641 792 2729 περὶ
815 2643 853 2708 τὸ
877 2639 956 2706 αὐτὸ
979 2639 1162 2730 φαίνεσθαι
1170 2653 1191 2706 ².

366 2781 393 2820 a.
414 2765 489 2830 Quod
508 2766 603 2819 Sextus
622 2767 716 2833 (lieth.
736 2767 786 2818 VII
805 2767 866 2844 340.
886 2766 950 2818 VIII
969 2767 993 2819 8.
1013 2766 1051 2820 ΙΧ
1069 2767 1130 2819 337.
1150 2766 1175 2818 Χ
1194 2766 1257 2829 216)
1275 2769 1304 2818 91
1323 2765 1417 2820 Sorani

295 2858 325 2908 ut
353 2855 457 2907 videtur
485 2855 670 2908 auctoritatem
699 2858 806 2908 secutus
831 2853 1010 2908 Tertullianus
1038 2855 1081 2920 (de
1104 2857 1155 2907 An.
1182 2855 1205 2906 9.
1232 2854 1275 2906 14.
1302 2855 1343 2908 15.
1370 2854 1418 2920 25)

295 2943 472 3012 Scepticorum
489 2944 542 2996 fere
564 2944 718 2996 acerrimum
733 2959 780 2996 sua
795 2943 908 3012 sceptica
922 2943 1023 2996 ratione
1037 2941 1213 2995 Heracliteam
1227 2943 1418 3012 praemuniisse

294 3031 419 3101 produnt,
438 3033 572 3086 nonnullis
590 3032 659 3092 viris
673 3031 758 3084 doctis
777 3031 841 3084 adeo
859 3047 911 3085 non
930 3031 1063 3101 probabile
1082 3031 1166 3084 visum
1185 3034 1242 3097 est,
1267 3034 1299 3084 ut
1318 3033 1417 3101 opinio-

294 3137 358 3172 num
377 3120 520 3197 alienarum
545 3121 738 3190 explanatorem
762 3120 873 3173 eundem
897 3124 1038 3190 patronum
1056 3121 1122 3172 falso
1140 3120 1263 3172 habitum
1287 3136 1346 3174 esse
1364 3137 1418 3174 cre·

295 3209 387 3262 derent
414 3209 456 3275 (ci.
481 3209 569 3276 Diels,
594 3209 659 3264 Dox.
679 3211 746 3275 2103
775 3209 860 3262 Zeller
877 3227 902 3278 p.
922 3210 957 3264 29
968 3211 1029 3278 sq.);
1058 3225 1215 3278 quamquam
1239 3226 1292 3262 non
1310 3210 1416 3276 desunt,

295 3299 340 3368 qui
364 3297 437 3352 illam
455 3296 621 3378 Aenesidemi
645 3297 849 3352 inconstantiam
868 3297 988 3365 intellegi
1011 3314 1087 3366 posse
1105 3301 1230 3350 censeant
1256 3297 1357 3364 (Hirzel
1375 3297 1418 3350 HI

295 3387 390 3456 64sq.;
410 3385 513 3457 Natorp
533 3387 627 3456 7599.)

365 3545 451 3610 Sext.
474 3545 587 3628 Pyrrh.
611 3545 628 3608 I
653 3555 703 3610 36.
750 3541 998 3632 Παραδίδονται
1019 3541 1124 3609 τοίνυν
1147 3545 1297 3632 συνήθως
1321 3545 1468 3630 παρὰαο
1558 3545 1559 3554 ’

295 3655 365 3728 τοῖς
388 3649 610 3738 ἀρχαιοτέροις
633 3655 849 3730 Στειττικοῖςὸ
871 3651 998 3739 τρόποι,
1023 3639 1071 3715 δι’
1090 3645 1134 3714 ὧν
1157 3649 1294 3738 ἡέποχν)
1318 3651 1417 3716 συνό-

297 3763 417 3842 paueat
441 3758 538 3837 δοκεῖ,
563 3755 642 3822 δέκα
665 3757 721 3821 τόν
743 3756 895 3857 ἀριθμόν,
920 3753 973 3834 οὓς
995 3755 1053 3822 καί
1076 3755 1190 3841 λόγους
1213 3755 1270 3821 καὶ
1293 3756 1417 3834 τόπους

296 3864 487 3946 συνωνύμως
509 3863 671 3930 καλοῦσιν.
696 3859 759 3928 εἰσί
782 3863 819 3928 δὲ
841 3858 947 3930 οὗτοι·
970 3875 1102 3950 πρῶτος
1124 3862 1142 3928 d
1165 3863 1260 3947 παρὰ
1274 3863 1332 3950 τὴν
1351 3875 1417 3926 τῶν

232 4002 234 4007 ·
296 3966 387 4056 ζῴων
409 3968 625 4056 ἐξαλλαγήνῦ·
649 3969 793 4056 δεύτερος
815 3969 943 4056 ότταρδ
965 3971 1022 4056 τὴν
1043 3981 1108 4033 τῶν
1130 3967 1319 4054 ἀνθρώπων
1341 3969 1416 4032 δια-

296 4075 415 4168 φοράν·
461 4072 571 4162 τρίτος
595 4075 622 4163 ό
657 4077 751 4160 παρὰ
785 4077 845 4153 τὰς
880 4076 1058 4164 διαφόρους
1091 4087 1156 4139 τῶν
1190 4071 1415 4163 αἰσθητηρίων

296 4181 514 4259 κατασκευάς·
538 4179 692 4269 τέταρτος
715 4182 733 4246 ό
756 4183 850 4268 παρὰ
873 4183 933 4259 τὰς
956 4181 1197 4268 περιστάσειςῦ·
1226 4178 1415 4264 πέμπτοςδ
1479 4183 1484 4190 ’

297 4290 390 4372 παρὰ
413 4288 473 4364 τὰς
496 4285 607 4366 θέσεις
630 4285 687 4354 καί
709 4289 752 4352 τὰ
768 4288 976 4377 διαστήματα
999 4285 1056 4352 καὶ
1071 4289 1146 4366 τοὺς
1160 4286 1300 4364 τόπους·
1324 4283 1413 4362 ἕκτος

294 4392 430 4480 όπαρὰ
459 4395 518 4470 τὰς
547 4391 754 4476 carpatium·
802 4403 853 4474 37.
890 4391 1029 4478 ἕβδομος
1059 4394 1194 4481 onata
1222 4394 1283 4470 τὰς
1311 4389 1412 4458 ποσό-
