3150 4996
268 328 304 389 10
778 329 870 384 Ionici.

267 475 465 548 steatomati
483 487 558 547 τέλος
577 488 605 540 ro*
624 485 709 557 iidoc.
746 487 776 542 ἐκ
793 489 849 558 γδρ
868 485 953 542 αὐτοῦ
971 487 1003 540 ari
1023 487 1115 540 πάντα
1134 491 1314 540 συνίστασθαι
1332 507 1384 552 πη-

267 577 406 646 γνυμένου
429 579 474 628 καὶ
498 575 582 630 πάλιν
600 577 775 648 διανιεμένου
794 575 978 648 ἐπιφέρεσθαί
1000 593 1028 628 τε
1053 575 1126 648 ου’τῷ
1150 576 1185 629 aa*
1209 575 1311 645 πάντα,
1334 572 1385 646 αφ’

267 657 301 718 οὗ
319 669 365 718 καὶ
383 664 511 736 σεισμυδς
524 669 570 717 καὶ
583 661 746 736 πνευμάτων
760 663 919 736 σαστροφδς
932 667 978 718 καὶ
991 665 1100 734 ι’ίστρων
1114 663 1230 730 κινήσεις
1247 671 1385 734 γίνεσθαι.

268 756 343 822 Quod
352 755 443 824 Simpl.
453 755 532 825 Phys.
543 757 578 811 39
588 767 612 826 ²3
624 758 684 820 180,
696 756 764 810 141>
777 757 831 810 iarn
841 757 978 810 Thaletem
995 755 1037 824 (ut
1047 756 1245 823 Anaximenem)
1260 749 1384 825 μανωσει

267 848 313 896 καὶ
322 843 456 896 πυκνώσει
470 843 519 908 τὴν
531 845 640 914 γένεσιν
654 847 788 897 ποιοῦντα
797 845 872 910 lacit,
883 844 1061 900 adversarium
1075 844 1156 900 habet
1165 845 1383 914 Theophrastum,

266 951 291 988 v,
310 940 352 988 BP
372 933 436 988 19b.

202 1077 252 1116 ic.
332 1058 430 1123 Arist.
461 1057 833 1124 deAnima15.411⁸
859 1070 889 1125 7.
936 1063 997 1124 Kal
1021 1062 1053 1124 tv
1075 1065 1119 1148 τῷ
1142 1056 1230 1148 ὅλῳ·
1252 1061 1289 1126 dt
1307 1087 1384 1138 τινες
1402 1075 1455 1117 1οΑ

265 1159 361 1250 αὐτὴν
384 1170 436 1244 (st.
461 1164 517 1250 τὴν
539 1160 653 1251 ψυχὴν)
676 1171 831 1249 μεμῖχθαί
852 1193 954 1252 φασιν,
988 1163 1063 1233 ὅθεν
1087 1165 1183 1244 ἴσωςᾗ
1207 1171 1253 1232 καὶ
1280 1167 1384 1250 Θαλῆς

266 1267 359 1359 ᾠήθη
381 1271 480 1338 πάντα
503 1269 602 1358 πλήρη
624 1275 708 1339 θεῶν
732 1272 814 1340 εἶναι.

332 1413 417 1479 Stob.
446 1415 501 1478 etl.
524 1416 541 1479 I
565 1423 605 1480 56
642 1417 717 1480 Dori.
742 1424 823 1481 301:
861 1418 964 1501 Θαλῆς
987 1423 1087 1481 νοῦν0
1111 1423 1167 1482 τοῦ
1188 1415 1305 1499 κόσμου
1328 1413 1383 1482 τὸν
1402 1447 1454 1488 ros

264 1518 349 1600 θεόν,
379 1518 413 1586 τὸ
444 1525 478 1587 δὲ
500 1523 560 1586 πᾶν
583 1522 723 1605 ἔμψυχον
754 1517 818 1604 ἅμα
840 1527 888 1587 καὶ
913 1521 1066 1606 δαιμόνων
1089 1523 1244 1609 napaei·
1269 1517 1383 1609 διήκειν

265 1628 298 1690 δὲ
321 1621 372 1692 διὰ
394 1628 450 1693 τοῦ
473 1623 684 1712 στοιχειώδους
706 1622 803 1714 ὑγροῦ
826 1625 957 1712 δύναμιν
972 1634 1061 1696 θείαν
1083 1629 1231 1714 κινητικὴν
1255 1627 1360 1696 αὐτοῦ.

334 1782 362 1823 θ.
391 1768 472 1823 Arist.
492 1769 555 1823 ibid.
574 1770 588 1823 I
607 1771 632 1823 2.
651 1770 724 1824 405²
739 1771 780 1824 19.
811 1769 895 1822 ”hocas
921 1769 954 1822 δὲ
977 1772 1023 1820 καὶ
1043 1770 1128 1835 Θαλῆς
1146 1768 1176 1833 ἐξ
1199 1760 1241 1822 etv
1258 1767 1383 1841 α’πυμνη-

263 1850 410 1926 μουεδουσι
428 1852 562 1920 κινητικόν
580 1877 607 1910 τι
625 1857 674 1921 τήν
688 1859 779 1926 ψυχήν
793 1854 949 1926 ὑπολαβεῖν,
969 1861 1050 1928 εἴπερ
1068 1855 1117 1911 τδν
1131 1859 1211 1911 λίθον
1225 1857 1278 1930 ἔφη
1291 1860 1383 1929 poprie

263 1941 344 2013 ἔχειν,
371 1944 413 1996 ὅτι
435 1945 484 1998 τδν
509 1945 622 2013 σίδηρον
645 1953 720 1999 κινεῖ.
755 1948 833 2016 Diog.
853 1949 928 2002 124.
965 1943 1142 2015 Ἀριστοτέλης
1166 1947 1199 2002 δὲ
1222 1951 1267 2008 καί
1284 1949 1383 2010 Ἱππίας

263 2035 350 2102 φασὶν
373 2031 458 2086 αδτδυ
482 2037 527 2086 καὶ
549 2041 605 2094 τοῖς
631 2031 749 2104 α’ψδχοις
774 2033 882 2088 διδόναι
906 2035 1013 2105 ψυχαῖς,
1040 2030 1258 2108 τεκμαιρόμενον
1280 2037 1311 2089 ἐκ
1335 2041 1382 2103 τῆς

263 2121 343 2173 λίθου
362 2111 406 2186 τῆς
422 2122 593 2192 μαγνήτιδος
611 2125 656 2175 καὶ
674 2128 721 2175 τοῦ
740 2107 889 2194 ἠλέκτρου.Ι

333 2230 364 2285 b.
392 2229 546 2284 Aristotelis
564 2230 629 2286 haec
647 2233 688 2285 est
706 2232 899 2301 interpretatio.
923 2230 1075 2287 Cavendum
1093 2234 1182 2286 tamen
1200 2249 1232 2286 ne
1251 2249 1330 2302 quarn
1350 2233 1381 2288 de

262 2319 353 2372 mundi
372 2320 461 2374 anima
479 2319 627 2375 doctrinam
645 2323 703 2374 tam
721 2321 807 2390 prisco
825 2321 980 2390 philosopho
1003 2321 1170 2390 imputemus.
1207 2321 1302 2376 Vivam
1327 2338 1381 2377 ore·

261 2407 332 2462 didit
350 2409 488 2462 materiam
513 2411 593 2478 atque
618 2411 645 2463 in
670 2411 780 2462 naturae
804 2408 905 2463 viribus
934 2409 995 2462 deos
1023 2408 1138 2474 eosdem,
1167 2425 1230 2478 quos
1258 2411 1379 2480 populna,

262 2497 417 2564 praesentes.
455 2495 588 2551 Pietatem
607 2497 727 2550 Thaletis
747 2496 864 2550 defendit
882 2496 1065 2560 Teiehmiiller,
1084 2497 1211 2560 Studien,
1230 2499 1290 2552 567.

334 2615 360 2657 c.
390 2603 489 2668 „Hanc
508 2603 719 2658 sententiam
737 2603 761 2657 si
776 2603 835 2670 quis
850 2601 1055 2670 aTheophrasto
1070 2602 1211 2670 repetierit,
1230 2619 1281 2657 non
1295 2603 1380 2659 hercle

261 2691 420 2760 repugnabo.
448 2709 509 2746 nam
529 2695 559 2746 ut
587 2693 632 2746 ille
660 2691 728 2745 solet
755 2691 879 2760 magistri
903 2692 982 2744 verba
1006 2693 1119 2760 repetere
1144 2691 1186 2744 vel
1209 2692 1378 2762 amplificare,

261 2778 449 2834 Aristoteleam
467 2781 498 2834 de
516 2780 626 2834 Thalete
645 2780 822 2834 coniecturam
841 2779 916 2847 (ἴσως
935 2779 965 2833 de
979 2796 1021 2833 an.
1041 2779 1098 2847 15)
1116 2779 1228 2834 fortasse
1246 2781 1379 2850 amplexus

261 2871 310 2922 est.
338 2868 406 2922 unde
432 2870 531 2938 posteri
557 2869 662 2922 fortiter
688 2868 857 2922 affirmarunt
880 2869 953 2922 velut
970 2869 1094 2923 Laertius
1113 2868 1128 2922 Ι
1146 2871 1180 2923 27
1208 2868 1256 2921 τδν
1275 2869 1378 2941 κόσμον

261 2952 393 3026 ἔμψυχον
415 2959 462 3007 καὶ
484 2955 626 3026 δαιμόνων
644 2956 740 3026 πλήρη.
760 2973 841 3026 neque
861 2959 994 3011 sententia
1018 2959 1116 3011 Aetio*
1139 2958 1222 3026 (Plac.
1242 2959 1257 3012 Ι
1277 2960 1304 3028 7)
1323 2962 1378 3014 alia

260 3044 360 3100 subest.
379 3048 410 3100 at
428 3047 536 3100 oratio
555 3049 595 3100 est
613 3045 700 3100 Stoico
719 3046 802 3100 colore
821 3047 940 3101 fucata.“
977 3046 1049 3100 Diels
1067 3048 1180 3114 Dorogr.
1201 3049 1260 3102 128.

332 3293 356 3358 *l
375 3293 550 3348 Theodoretus
575 3295 603 3348 in
622 3293 782 3348 Graecarum
807 3295 976 3350 affectionum
995 3294 1129 3349 curatione
1148 3295 1188 3348 IV
1206 3297 1236 3349 31
1268 3311 1377 3351 comme-
1400 3338 1406 3350 .

260 3385 347 3437 morat
365 3379 460 3436 Ἀετίου
483 3381 531 3446 τὴν
554 3385 617 3452 περὶ
640 3379 813 3452 α’ρεσκόντων
837 3382 1008 3452 ξυναγωγὴν.
1045 3385 1121 3437 Hune
1143 3384 1302 3452 placitorum
1324 3386 1377 3440 col·

260 3473 384 3526 lectorem
401 3472 435 3525 H.
454 3472 528 3527 Diels
547 3471 738 3526 demonstravit
756 3489 919 3528 communem
937 3489 992 3526 esse
1011 3471 1123 3538 fontem,
1150 3472 1219 3526 unde
1237 3476 1291 3528 tres
1310 3489 1376 3544 quae

260 3563 367 3614 exstant
385 3559 550 3614 collectiones
568 3561 701 3615 fluxerint:
722 3563 746 3616 1.
761 3561 1015 3615 Pseudo-Plutarchi
1033 3559 1135 3629 placita
1152 3561 1375 3630 philosophorum,

261 3649 286 3702 2.
306 3647 413 3702 Stobaei
430 3649 542 3716 eclogae,
572 3649 597 3703 3.
617 3649 772 3704 Theodoreti
790 3649 853 3704 libri
870 3649 910 3703 IV
929 3666 985 3718 cap.
1004 3649 1070 3718 5sq.
1108 3649 1279 3703 Verissimum
1303 3650 1376 3705 Aetli

260 3736 404 3805 imaginem
427 3736 500 3791 reddi
517 3737 677 3792 Plutarchea
704 3739 833 3807 epitoma,
862 3739 915 3792 nisi
939 3737 1007 3806 quod
1030 3739 1059 3791 in
1083 3737 1194 3792 formam
1220 3739 1304 3793 multo
1330 3757 1376 3794 an-

259 3825 405 3893 gustiorem
431 3825 538 3880 redacta
565 3826 609 3880 sit.
647 3826 749 3880 Vixisse
773 3826 880 3880 Aetium
907 3825 957 3879 sub
982 3826 1060 3878 finem
1086 3841 1153 3880 saec.
1179 3825 1311 3882 Christi
1334 3828 1376 3882 rel

260 3913 338 3967 initio
357 3929 424 3967 saec.
438 3913 467 3966 II
486 3913 532 3968 ille
550 3915 606 3968 eius
626 3914 770 3982 sospitator
787 3915 892 3969 conicit.

331 4001 385 4056 Neo
403 4004 492 4056 tamen
509 4003 596 4072 ipsum
614 4018 627 4056 e
646 4001 825 4070 Theophrasto
843 4001 925 4057 videri
944 4019 993 4058 sua
1011 4003 1138 4067 hausisse,
1157 4002 1202 4058 sed
1220 4005 1288 4060 eitra
1306 4005 1375 4061 hunc

259 4090 341 4144 latere
359 4091 502 4160 propiorem
520 4090 650 4160 quendam
673 4090 786 4157 iontem,
812 4094 919 4146 vetusta
945 4108 1011 4161 quae
1029 4092 1103 4145 Diels
1122 4093 1241 4162 appellat
1259 4093 1374 4160 Placita,

260 4179 309 4233 sub
328 4179 404 4232 finem
425 4181 531 4249 septimi
550 4197 574 4235 a.
594 4181 626 4234 U.
645 4181 744 4234 saeculi
762 4182 910 4250 conscripta
928 4180 1109 4236 eclectioorum
1128 4184 1224 4246 aetate,
1243 4186 1375 4237 tumeam

259 4268 401 4321 stoicorum
419 4269 537 4322 notiones
556 4284 742 4338 usquequaque
760 4285 870 4338 regnare
888 4271 1040 4338 coepissent.
1078 4270 1148 4324 Nam
1162 4271 1278 4325 recentia
1291 4272 1375 4327 inesse

259 4356 346 4409 multa
373 4357 400 4408 et
433 4357 544 4426 antiqua
574 4360 691 4413 recenter
722 4361 849 4412 tractata.
887 4359 927 4414 cf.
951 4361 1067 4428 Doxogr.
1090 4360 1374 4416 corcolmum.

260 4443 298 4498 De
318 4444 497 4514 Theophrasto
515 4463 538 4502 v.
558 4464 619 4516 pag.
640 4449 682 4502 13.
