3150 4996
245 290 281 351 42
716 293 889 365 Pythagorae.

245 453 348 509 uicibus
372 453 503 510 trabibus
527 456 614 524 Magis
639 455 713 510 Indis
738 455 901 510 fabulantur.
938 456 1043 528 Hippoi.
1063 456 1119 511 lter.
1139 457 1202 512 12:
1229 457 1364 527 Διόδωρος

247 537 421 612 ὁἘρετριεδς
448 545 493 594 καὶ
518 540 697 615 Ἀριστόξενος
721 539 734 596 δ
753 543 881 614 μουσικός
906 561 974 614 φασι
993 543 1063 614 πρδς
1082 544 1207 615 Ζυρδταν
1224 545 1273 600 τδν
1292 548 1364 600 Χαλ-

248 629 328 684 δαῖον
346 629 503 694 ἐληλυθέναι
520 631 701 702 Πυθαγόραν.

317 721 348 777 h.
378 722 473 777 Variae
492 725 555 776 sunt
573 722 694 777 fabellae.
731 723 812 777 Velut
830 723 858 776 in
877 722 947 776 Iovis
962 722 1093 777 Cretensis
1108 726 1213 778 antrum
1234 740 1286 778 una
1305 741 1363 780 curn

247 809 398 878 Epimenide
423 810 564 876 descendit,
583 810 708 880 Porphyr.
729 811 784 865 Vit.
804 811 851 880 173
871 811 949 880 Diog.
969 811 1037 865 VIII
1055 813 1085 881 35
1117 811 1199 866 eidem
1224 816 1363 882 praecepta

247 898 388 954 traduntur
406 915 423 954 a
441 899 633 954 Themistoclea
653 899 786 954 sacerdote
800 898 934 968 Delphica,
954 915 977 953 v.
989 900 1066 970 Diog.
1078 901 1108 965 ὃς
1128 901 1265 956 iucruenta
1285 903 1364 957 sacri-

247 987 308 1042 ficia
326 988 447 1043 iastItuit
465 989 535 1043 Delii
554 988 685 1058 Apollinis
705 989 857 1057 religionem
876 991 995 1053 secutus,
1015 1005 1039 1042 r.
1059 990 1136 1058 Diog.
1157 991 1198 1046 13.

86 1143 246 1185 samumxaeit
315 1130 403 1215 Diog.
428 1131 503 1197 VIII
529 1139 558 1197 3.
604 1129 680 1197 Εἶτα
709 1131 878 1216 ἐπανῆλθεν
908 1134 948 1210 εἰς
969 1129 1074 1216 Σάμον
1104 1138 1150 1198 καὶ
1182 1127 1275 1219 εὖριδν
1309 1130 1363 1220 τὴν
1381 1164 1409 1203 rr

247 1242 381 1325 πατρίδα
417 1242 690 1324 τυραννουμένην*
726 1231 785 1302 δπδ
821 1235 1038 1324 Πολυκράτους
1066 1235 1180 1325 ἀπῆρεν
1208 1245 1248 1318 εἰς
1277 1234 1365 1326 Κρό-

246 1371 328 1410 τωνα
351 1346 405 1430 τῆς
427 1339 561 1426 Ἰταλίας,
586 1341 671 1412 κάκεῖ
690 1339 801 1428 νόμους
825 1349 892 1420 θεὶς
907 1357 969 1423 τοῖς
983 1343 1165 1422 Ἰταλιώταις
1181 1344 1364 1432 terrorerl

147 1517 181 1557 ι,
247 1446 303 1518 σδν
325 1461 390 1526 τοῖς
412 1459 586 1538 μαθηταῖς,
618 1452 651 1516 οδ
670 1457 735 1538 περὶ
759 1451 831 1526 τοδς
854 1456 1044 1538 τριακοσίους
1074 1445 1157 1530 ὄντες
1188 1448 1364 1542 ᾠκονόμουν

110 3985 226 4036 praecepta

247 1553 355 1643 ἄριστα
371 1552 410 1624 τὰ
425 1555 570 1638 πολιτικά,
586 1556 661 1625 ιδ’στε
678 1556 786 1640 σχεδὸν
798 1554 1029 1644 ἀριστοκρατίαν
1045 1556 1116 1624 εἶναι
1134 1559 1188 1645 τὴν
1204 1565 1363 1627 πολιτείαν.

319 1695 347 1736 a.
377 1681 547 1736 Aristoxenus
566 1697 609 1750 ap.
629 1681 723 1750 Porph.
743 1681 798 1736 Vit.
818 1684 834 1736 9
853 1681 896 1750 (cf.
917 1682 974 1750 22):
1000 1680 1136 1750 γεγονότα
1162 1679 1194 1734 δ’
1213 1680 1283 1736 troia
1302 1700 1361 1736 τεσ-

248 1766 404 1839 σαράκοντα
428 1772 473 1822 καὶ
501 1771 607 1839 ὁρῶντα
633 1766 682 1832 τήν
709 1773 758 1822 rori
778 1769 962 1839 Πολυκράτους
985 1769 1136 1839 τυραννίδα
1161 1773 1364 1842 συντονωτέραν

248 1841 342 1921 οὖσαν,
362 1855 431 1910 ὥστε
450 1859 538 1918 καλῶς
557 1855 629 1928 ἔχειν
648 1856 785 1929 ἐλευθέρῳ
802 1856 887 1928 α’νδρὶ
905 1859 954 1923 τήν
973 1858 1134 1912 ἐπιστασίαν
1152 1876 1181 1912 τε
1198 1863 1243 1912 καὶ
1262 1859 1364 1914 δεσπο-

247 1949 308 1998 τίαν
326 1946 363 2016 μή
382 1949 538 2012 ὑπομένειν,
559 1945 647 2008 οὕτως
665 1947 700 2012 δή
719 1943 768 2011 τήν
787 1950 824 2008 εἰς
843 1943 956 2000 Ἰταλίαν
975 1945 1090 2018 ἔπαρσιν
1114 1946 1288 2014 ποιήσασθαι.
1326 1951 1364 2005 De

248 2051 278 2090 ea
297 2053 323 2090 re
342 2037 375 2092 of.
394 2038 511 2103 Krische,
531 2037 586 2092 Soc.
606 2037 720 2106 Pythag.
740 2038 793 2105 (BP
812 2038 884 2106 lla)
903 2055 928 2107 p.
949 2038 989 2092 15.

318 2125 348 2181 h.
368 2126 537 2182 Incredibilia
555 2127 639 2182 tradIt
658 2126 833 2181 Dicaearchus
853 2143 893 2196 ap.
914 2126 1008 2197 Porph
1029 2128 1070 2191 18,
1091 2127 1123 2182 os.
1143 2127 1281 2184 Iamblich.
1301 2129 1343 2184 33.

315 2285 377 2352 Cic.
402 2287 530 2370 Republ.
554 2289 585 2353 Il
603 2296 654 2356 28.
701 2287 851 2368 Quartum
874 2288 937 2352 iam
961 2307 1075 2353 annum
1099 2291 1244 2372 regnante
1269 2288 1363 2354 LucIo
1380 2323 1407 2363 rr

247 2393 412 2476 Tarquinio
436 2394 569 2478 Superbo
586 2394 725 2480 Sybarim
749 2397 780 2460 et
803 2394 964 2460 Crotonem
987 2398 1018 2459 ct
1041 2395 1074 2458 iu
1098 2412 1147 2460 eas
1163 2395 1270 2460 Italiae
1295 2414 1363 2478 par-

247 2502 294 2564 tes
317 2501 504 2584 Pythagoras
527 2501 644 2567 venisse
668 2501 827 2583 reperitur.
875 2500 1031 2584 Olympias
1063 2501 1146 2566 enim
1177 2501 1308 2566 secunda
1332 2504 1363 2567 ct

247 2607 434 2690 sexagesima
463 2607 568 2673 eadem
597 2606 727 2690 Superbi
758 2608 845 2691 regni
875 2607 1001 2672 initium
1031 2610 1062 2672 et
1092 2608 1280 2692 Pythagorae
1311 2608 1362 2674 de·

247 2714 342 2779 clarat
364 2713 528 2780 adventum
543 2725 564 2780 ⁸.

319 2852 347 2892 a.
376 2836 417 2890 Ar
441 2838 510 2892 hunc
533 2854 638 2902 annum,
662 2839 723 2907 532,
748 2837 918 2908 Apollodorus
945 2835 1033 2907 α’κμνζν
1061 2838 1116 2891 eius
1144 2838 1300 2907 rettulerat,
1329 2837 1361 2894 of.

247 2925 277 2980 Ε.
297 2925 398 2990 Rohde,
427 2925 537 2995 Quellcn
562 2927 588 2980 cl.
614 2927 709 2981 Iamhl.
733 2928 763 2980 ι’ντ
787 2943 809 2980 a.
829 2927 923 2995 Βιορε.
943 2927 969 2980 ἀ.
988 2926 1077 2995 Pylio,
1105 2926 1173 2980 Ilius.
1199 2926 1248 2982 Rh.
1273 2927 1363 2980 XXVI

248 3015 300 3069 565
315 3030 371 3084 sqq.
401 3017 428 3068 et
456 3015 488 3067 H.
513 3015 597 3080 Diels,
631 3016 698 3069 Mus.
724 3015 774 3069 Rh.
803 3015 893 3069 XXXI
921 3015 963 3068 25.
1015 3013 1088 3068 Unde
1121 3015 1235 3068 conicias
1268 3017 1362 3069 natum

248 3121 270 3158 c.
289 3103 349 3168 572,
368 3105 499 3158 mortuum
520 3121 541 3159 c.
562 3104 639 3158 finem
658 3106 714 3159 eins
733 3105 838 3159 saeculi.
866 3131 900 3140 -
927 3103 1009 3156 Falsa
1032 3105 1072 3156 est
1096 3102 1289 3169 Eratosthenis,
1317 3105 1363 3173 qui

248 3193 425 3260 cognominem
443 3192 599 3246 luctatorem
618 3210 677 3248 cum
692 3193 739 3248 hoc
754 3191 899 3256 confundit,
919 3193 1081 3260 computatio
1096 3207 1137 3260 ap.
1152 3191 1228 3260 Diog.
1237 3191 1303 3246 VIII
1313 3193 1362 3248 47:

246 3283 345 3333 τοῦτον
373 3267 443 3333 εἶναι
475 3279 523 3334 τδν
556 3285 665 3352 πρῶτον
698 3279 835 3351 ἐντέχνως
867 3277 1069 3342 πυκτεύσαντα,
1106 3275 1150 3332 ἐπὶ
1182 3284 1228 3345 τῆς
1260 3277 1364 3350 ὀγδόης

247 3372 293 3421 καὶ
311 3373 522 3438 τετταρακοστῆς
541 3369 710 3441 ὀλυμπιάδος
728 3372 812 3440 (588),
831 3367 949 3440 κομήτην
966 3370 1012 3421 καὶ
1031 3366 1184 3438 ἁλουργίδα
1204 3375 1362 3442 φοροῦντα·

247 3456 415 3527 excreuerat
432 3474 459 3509 τε
480 3455 584 3512 ἐκτῶν
602 3459 710 3512 παίδων
729 3465 773 3512 καὶ
794 3458 981 3527 χλευασθέντα
1007 3453 1104 3509 αὐτίκα
1128 3461 1276 3527 προςβῆναι
1301 3459 1364 3518 roric

246 3543 350 3613 ἄνδρας
366 3549 411 3598 καλ
420 3549 533 3612 νικῆσαι.
562 3547 719 3602 Antilochus
733 3565 775 3618 ap.
790 3546 1046 3602 Clem.Strom.116
1061 3565 1086 3616 p.
1097 3548 1149 3602 366
1160 3547 1189 3602 Ρ.
1209 3547 1275 3603 dicit
1284 3547 1361 3617 Pyth.

248 3637 363 3689 aetatem
382 3633 507 3704 (ἡλικίαν)
532 3638 584 3692 312
613 3639 689 3691 annis
717 3635 866 3692 antecedere
890 3639 999 3690 mortem
1024 3635 1131 3705 Epicuri
1154 3636 1189 3704 (a.
1209 3637 1270 3692 Chr.
1290 3637 1362 3705 272).

248 3721 348 3778 Nomen
366 3725 422 3778 eius
440 3728 472 3780 ut
490 3727 587 3780 mortni
605 3719 719 3795 primum
739 3727 866 3795 reperitur
884 3725 954 3794 apud
964 3723 1149 3793 Xenophanem
1163 3734 1188 3780 et
1199 3725 1363 3781 Heraclitum

247 3813 324 3882 Diog.
345 3813 413 3868 VIII
432 3815 461 3884 6;
480 3816 528 3884 363
548 3814 587 3868 IX
607 3818 630 3869 l.
667 3821 710 3868 BP
730 3815 799 3869 rra.

316 3975 461 4060 Por‘phyr.
487 3975 550 4040 Vir.
576 3977 666 4060 Pyth.
695 3984 744 4041 19.
786 3973 822 4042 ‘24
844 3978 900 4060 μὲν
924 3968 977 4041 οὖν
1008 3975 1085 4058 ἔλεγε
1120 3985 1184 4049 τοῖς
1212 3941 1362 4042 ’συνοῦσιν
1380 4009 1407 4051 43

249 4077 321 4149 οὐδὲ
344 4078 384 4157 εἷς
406 4081 461 4166 ἕχει
486 4080 601 4170 φράσαι
624 4086 775 4166 βεβαίως·
798 4087 845 4148 καὶ
869 4078 925 4169 γὰρ
943 4078 1015 4148 οὐδ)
1034 4075 1052 4166 ἦ
1069 4083 1202 4166 τυχοῦσα
1225 4073 1262 4166 ἦν
1285 4077 1359 4167 παρ’

247 4183 350 4262 αδτοΐς
385 4185 483 4274 σιωπή
498 4199 519 4254 ².
554 4184 684 4274 μα’λιστα
719 4190 820 4273 μέντοι
851 4186 985 4275 γνώριμα
1015 4183 1096 4273 παρὰ
1125 4189 1217 4253 πᾶσιν
1247 4188 1362 4272 ἐγένετο

248 4295 370 4380 πρῶτον
392 4301 448 4380 μὲν
471 4289 511 4374 ὦς
533 4291 693 4363 ἀθάνατον
716 4295 792 4363 εἶναί
812 4321 886 4382 φησι
909 4294 964 4380 τὴν
979 4289 1093 4379 ψυχήν,
1119 4292 1181 4360 εἶτα
1203 4293 1363 4378 ματαβάλ-

247 4406 359 4466 λσυσαν
382 4407 423 4477 εἷς
446 4399 523 4468 ἄλλα
545 4403 614 4487 γένη
638 4399 733 4493 ζῴων,
758 4397 835 4487 πρὸς
858 4402 892 4465 δὲ
914 4399 1033 4478 τούτοις
1052 4395 1098 4466 ὅτι
1114 4395 1189 4465 κατὰ
1205 4395 1363 4487 περιόδους
