3150 4996
655 249 828 318 Pythagoras.
1265 247 1299 306 41

255 422 284 463 1.
312 408 452 478 Pherecydi
471 425 528 462 eum
548 407 696 463 devinctum
715 409 796 463 fuisse
815 409 953 463 coufirmat
971 409 1142 463 Aristoxenus
1161 425 1201 478 ap.
1222 409 1298 478 Diog.
1313 430 1455 482 Pherecydes

183 496 281 566 1118;
301 497 410 566 Satyrus
430 513 471 566 ap.
490 497 567 566 Diog.
579 497 701 562 VIlIAO;
722 497 897 552 Dicaearchus
917 513 958 566 ap.
977 497 1072 566 Porph.
1092 497 1139 552 vit.
1159 497 1236 566 Pyth.
1256 497 1298 552 55.

183 587 263 640 Duria
282 587 310 640 11
328 586 420 655 elogiis
439 586 661 654 ap.Diog.1120.
700 585 1043 655 Of.1ambl.dePyth.vita
1057 587 1081 640 9.
1097 588 1138 640 11.
1159 587 1218 642 184.
1238 586 1299 640 252.

184 674 241 742 Quo
260 677 373 744 tempore
392 690 473 744 quove
492 675 548 728 loco
567 675 604 728 sit
622 691 681 729 cum
700 691 729 730 eo
748 690 901 743 congressus
925 674 1013 741 (Lesbi
1038 691 1072 729 an
1091 674 1164 728 Sami
1188 691 1220 728 11
1241 674 1300 744 Syri

185 780 219 818 an
236 763 314 830 Deli),
333 765 438 818 variant
457 765 582 818 auctores.
620 765 671 818 Res
691 765 749 832 ipsa
768 779 812 832 per
830 780 857 817 se
881 780 933 817 non
953 763 1122 818 incredibilis.
1160 764 1219 818 litsi
1233 765 1300 833 fingi

183 853 283 922 potuit,
304 854 425 921 quoniam
445 852 604 922 Pherecydes
624 867 739 920 quoqne,
768 853 791 906 is
811 853 856 920 qui
874 853 975 921 primus
994 854 1082 906 soluta
1101 852 1217 906 oratione
1235 869 1299 908 usus

180 943 232 1017 est,
251 941 364 1010 migrare
383 941 483 995 animos
502 941 620 995 docuisse
638 941 801 1005 tradebatur,
823 941 855 994 cf.
876 941 947 994 Ionis
966 941 1027 994 Chii
1045 942 1126 1010 epigr.
1146 942 1198 1010 [ΒΡ
1217 941 1288 1010 311]

255 1029 285 1085 b.
313 1029 350 1083 De
374 1029 517 1098 Pherecyde
541 1047 589 1084 scr.
614 1029 706 1094 Stura,
735 1031 839 1098 Lipsiae
864 1029 941 1084 1824,
979 1029 1091 1095 Preller,
1119 1031 1186 1084 Mus.
1215 1029 1297 1085 Rhea.

185 1118 268 1183 1846,
296 1135 321 1188 p.
351 1119 402 1173 377
436 1118 565 1188 (οτιερττο.
601 1118 681 1186 Ausa.
715 1135 739 1187 p.
766 1119 836 1182 350).
882 1119 920 1172 Ιο.
942 1119 1045 1173 Conrad
1080 1119 1110 1172 de
1145 1119 1299 1188 Pherecydis

184 1209 272 1261 aetate
297 1210 376 1276 atque
400 1208 504 1261 cosurol.
531 1207 633 1261 dissert.
658 1208 804 1263 Continent.
824 1208 902 1262 1858.
939 1207 1031 1261 Plures
1056 1225 1079 1262 v.
1100 1225 1140 1276 ap.
1159 1207 1299 1277 Ucberweg

183 1293 214 1349 Ι6
233 1297 248 1364 ἓ
267 1298 291 1360 8,
311 1313 334 1365 p.
355 1297 397 1349 28.
418 1297 574 1350 Aristoteles
594 1298 656 1350 Met.
676 1297 741 1350 XIV
759 1299 785 1350 4.
805 1297 892 1352 109110
911 1299 928 1352 8
947 1298 1097 1366 (postquem
1118 1297 1149 1350 de
1168 1297 1298 1366 theologis

184 1387 211 1438 et
229 1385 311 1452 poetis
329 1384 517 1438 vetustioribus
541 1384 712 1454 disputavitl:
732 1388 757 1436 or
775 1385 942 1455 μεμιγμένοι
960 1381 1052 1437 αὐτῶν
1066 1383 1157 1458 repperi
1175 1389 1299 1455 μυθικῶς

185 1468 292 1524 ἅπαντα
312 1472 411 1542 λέγειν,
436 1465 494 1524 οἷον
517 1473 666 1543 Φερεκύδης
689 1476 733 1525 καὶ
756 1473 846 1544 ἕτεροί
864 1489 948 1537 τινες,
974 1473 1004 1524 τό
1031 1476 1170 1542 γεννῆσαν
1188 1478 1298 1542 πρῶτον
1410 1517 1412 1521 .

184 1559 292 1630 τ’ίριστον
310 1561 442 1616 τιθέασιν.
1177 1584 1179 1591 ·

255 1665 281 1706 ο.
311 1653 348 1706 De
367 1651 585 1706 Hermodamantc
604 1652 637 1706 of.
657 1652 780 1721 Porphyr.
800 1653 856 1706 Vit.
877 1654 900 1706 1.
915 1654 939 1707 2.
955 1653 998 1706 55.
1026 1651 1164 1707 lamblich.
1179 1651 1233 1706 vie.
1257 1653 1297 1706 11.

184 1739 338 1809 Apollonius
357 1742 501 1810 Tyanensis
520 1758 561 1810 ap.
581 1741 704 1810 Porphyr.
725 1742 741 1794 2
766 1742 847 1795 etiam
871 1741 1094 1796 Anaximandrum
1113 1757 1129 1795 1
1147 1741 1299 1810 Pythagora

185 1829 305 1884 auditum
324 1833 423 1896 hamat,
450 1831 498 1884 alii
516 1830 652 1884 Thaletem
677 1830 855 1900 Epimenidem
883 1831 964 1894 alios,
990 1830 1022 1885 ci.
1045 1829 1123 1898 Diog.
1142 1830 1210 1884 VIII
1228 1831 1253 1884 3.
1272 1831 1297 1886 8.

184 1917 279 1988 Porph.
298 1920 340 1974 17.
377 1918 455 1988 Apul.
475 1920 544 1973 Plor.
565 1920 624 1974 130.

138 2099 166 2140 43
251 2063 374 2126 Isocrat.
399 2061 497 2126 Busir.
516 2072 567 2138 11,
584 2069 636 2126 28.
668 2057 855 2147 Πυθαγόρας
878 2055 894 2125 ό
916 2056 1030 2145 Σάμιος
1053 2097 1094 2108 -
1119 2057 1299 2148 ἀφικόμενος
1322 2079 1450 2143 Aegypaun

185 2169 223 2244 εἷς
245 2172 433 2254 Αἴγυπτον1
457 2173 503 2232 καὶ
528 2167 672 2252 μαθητὴς
694 2167 810 2233 ἐκείνων
843 2169 897 2250 (sc.
919 2167 981 2232 τῶν
1005 2171 1118 2252 ἱερέων)
1142 2165 1300 2252 γενόμενος
1353 2133 1402 2174 *m

185 2273 239 2358 τήν
263 2271 296 2339 τ’
315 2267 408 2358 τ’ίλλην
432 2277 618 2360 φιλοσοφίαν
642 2282 763 2358 πρῶτος
786 2278 826 2351 εἰς
848 2270 921 2348 τούς
940 2273 1087 2358 Ἓλληνας
1110 2270 1227 2358 ἐκόμισε
1250 2279 1299 2339 καὶ

184 2378 223 2444 τὰ
246 2384 312 2465 περὶ
335 2375 389 2456 τὰς
412 2379 553 2454 θυσίας10
577 2385 624 2446 καὶ
648 2375 701 2456 τὰς
725 2373 877 2464 ἁγιστείας
905 2375 958 2458 τὰς
987 2386 1018 2446 ἐν
1041 2389 1104 2457 τοῖς
1125 2382 1213 2466 ἱεροῖς
1236 2377 1299 2444 ἔπι-

185 2487 368 2572 φανίστερον
391 2488 452 2552 τῶν
475 2481 574 2552 ἄλλων
597 2483 792 2552 ἐσπούδασεν.

256 2607 283 2648 1.
312 2592 535 2662 Antiquissimum
549 2593 596 2646 hoc
611 2597 651 2648 est
663 2593 796 2648 deitinere
807 2593 937 2663 Aegyptio
947 2594 1137 2658 testimonium,
1157 2591 1209 2658 sed,
1229 2593 1259 2646 ut
1269 2607 1299 2646 ex

184 2682 267 2750 ipsius
276 2683 401 2737 Isocratis
411 2681 496 2736 verbis
506 2683 548 2748 12,
559 2684 593 2736 33
604 2685 720 2752 apparet,
739 2683 840 2736 nullius
853 2698 933 2751 paene
946 2683 1014 2736 fidei.
1050 2681 1127 2750 Apud
1140 2679 1300 2735 Herodotum

185 2787 250 2840 quae
269 2771 369 2824 duobus
387 2771 451 2825 locis
470 2773 569 2840 scripta
588 2771 719 2837 videmus,
743 2789 789 2826 nec
815 2772 982 2826 adfirmantis
1000 2773 1062 2825 sunt
1080 2789 1126 2827 nec
1145 2772 1299 2834 refutantis3

184 2858 293 2913 111111
313 2860 346 2914 81
365 2863 505 2928 postquam
533 2861 563 2914 de
590 2861 681 2914 linteis
706 2861 792 2917 bracis
818 2861 981 2916 sacerdotum
1007 2861 1197 2930 Acgyptiorum
1223 2863 1299 2930 dixit,

184 2947 249 3003 haec
267 2947 375 3002 subicit:
405 2944 582 3017 ὁμολογέουσι
609 2949 642 3002 δὲ
668 2953 754 3002 ταῦτα
773 2957 859 3002 τοῖσιν
878 2945 1022 3019 Ὀρφικοῖσι
1044 2949 1233 3020 καλεομένοισι
1256 2955 1300 3004 καὶ

184 3042 367 3104 Βακχικοῖσιν,
396 3033 472 3090 εὀὖσι
496 3037 529 3091 δὲ
547 3041 733 3107 Αἰγυπτίοισι,
765 3041 810 3090 καὶ
840 3043 1057 3108 Πυθαγορείοισι,
1095 3038 1299 3097 ldem11123:

184 3123 330 3194 Αἰγύπτιοί
346 3131 414 3180 εἰσιν
433 3131 458 3178 οἱ
477 3127 607 3193 εἰπόντες,
628 3127 825 3198 οἱςοίνθροίπου
844 3127 917 3196 ψυχή
935 3126 1074 3187 α’θτίνατός
1087 3126 1167 3192 ἐστιν,
1187 3133 1237 3182 τοῦ
1246 3123 1300 3182 σοι’-

184 3233 269 3284 ματος
287 3215 320 3268 δὲ
338 3221 559 3285 καταφθίνοντος
578 3213 605 3276 ἐς
624 3215 690 3268 ἄλλο
709 3219 776 3289 ζῷον
794 3214 833 3270 αἐὶ
851 3215 998 3286 γινόμενον
1012 3213 1148 3270 ἐσδύεται.
1159 3246 1192 3255 -
1212 3217 1301 3292 τούτῳ

185 3301 218 3355 δὲ
236 3303 310 3373 λόγῳ
329 3305 399 3356 εἰσὶν
418 3307 443 3356 o‘e'
458 3303 587 3368 Ἑλλήνων
605 3303 773 3375 ἐχρήσαντο,
792 3309 818 3357 οἱ
835 3303 888 3374 μὲν
907 3303 1051 3376 πρότερον,
1078 3309 1103 3356 οἰ
1127 3305 1160 3358 δὲ
1178 3301 1301 3375 ὕστερον,

186 3392 222 3450 οίς
241 3391 303 3462 ἰδίῳ
322 3391 430 3444 ἑωυτῶν
450 3391 537 3445 ἐόντι·
556 3396 611 3446 τῶν
631 3391 686 3463 ε’γτό
706 3390 786 3453 εἰδτδς
805 3393 839 3446 rei
857 3390 998 3464 ου’νόματα
1017 3389 1048 3444 οδ
1066 3393 1168 3462 γρόφω
1187 3394 1301 3464 (praeter

185 3480 365 3550 Pythagoram
384 3483 477 3550 respici
496 3483 629 3551 putandus
647 3487 688 3537 est
705 3484 861 3552 Melampus,
880 3483 1096 3552 propter1149).
1132 3484 1170 3537 De
1195 3483 1300 3538 mathe-

185 3570 290 3624 maticis
319 3571 466 3639 disciplinis
491 3571 673 3627 Callimachus
699 3589 741 3641 ap.
766 3571 842 3626 Diod.
869 3572 929 3626 Ere.
950 3571 1012 3626 Ver.
1031 3570 1158 3625 VII-X
1176 3571 1218 3626 35.
1256 3566 1301 3624 δτι

185 3658 360 3728 Καλλίμαχος
379 3645 438 3712 εἷπε
457 3662 520 3728 περί
538 3661 702 3729 Πυθαγόρου
721 3657 793 3712 διότι
811 3663 867 3712 τῶν
882 3656 912 3711 ἐν
926 3663 1082 3730 γεωμετρία
1100 3657 1301 3730 προβλημάτων

185 3745 219 3797 τοὶ
236 3745 289 3817 μὲν
307 3738 371 3816 εὗρε
389 3747 420 3799 aa*
440 3746 472 3801 δὲ
491 3746 521 3798 ἐκ
540 3753 585 3810 τῆς
603 3743 744 3816 Αἰγύπτου
763 3753 871 3818 πρῶτος
890 3750 928 3806 εἰς
953 3743 1155 3811 τοόςἽῑλληνας
1179 3745 1300 3818 ἤνεγκεν.

185 3834 225 3890 Of.
245 3835 355 3918 Aristct.
374 3837 437 3890 Met.
457 3837 471 3890 I
490 3838 514 3890 1.
535 3837 610 3892 98112
630 3839 671 3892 23.
697 3841 761 3907 περί
780 3839 919 3907 Αἴγυπτον
938 3841 966 3889 αἱ
983 3837 1173 3906 μαθηματικαὶ
1190 3840 1302 3906 πρῶτον

185 3923 283 3993 τέχναι
311 3926 492 3988 συνέστησαν·
521 3925 578 3977 ἐκεῖ
601 3925 654 3993 γδρ
673 3922 777 3995 α’φείθη
796 3925 938 3996 σχολάζειν
957 3923 989 3978 ac*
1006 3929 1063 3978 τῶν
1090 3924 1184 3994 ἱερέων
1210 3921 1300 3985 ἔθνος.

184 4011 344 4082 Babylonem
362 4012 444 4068 adicit
463 4010 564 4070 Strabo
577 4015 641 4068 XIV
660 4017 684 4080 1,
704 4016 745 4070 16.
765 4033 790 4082 p.
811 4016 869 4071 638.
907 4011 954 4067 ἐπὶ
977 4011 1075 4066 τούτου
1093 4008 1301 4084 (Πολυκράτους)

185 4099 355 4172 Πυθαγόραν
380 4105 534 4172 ἱστοροῦσιν
562 4101 661 4156 ἰδόντα
685 4103 826 4174 φυομένην
854 4102 902 4168 τήν
930 4099 1080 4172 τυραννίδα
1107 4099 1228 4156 ἐκλιπεῖν
1253 4101 1303 4168 τὴν

185 4277 334 4334 ἐπανιόντα
352 4275 384 4331 δ’
402 4277 521 4346 ἐκεῖθεν,
544 4277 649 4351 ὁρῶντα
674 4277 715 4336 ἔτι
738 4281 932 4352 συμμόνουσαν
955 4277 1003 4345 τὴν
1025 4277 1188 4352 τυραννίδα,
1215 4276 1302 4333 aare*

185 4385 272 4422 σαντα
289 4370 327 4429 εἰς
342 4365 456 4423 Ἰταλίαν
475 4367 534 4423 ἐκεῖ
549 4369 704 4424 διατελέσαι
732 4369 782 4422 τόν
808 4375 876 4440 βίον.
913 4367 968 4424 Alii
992 4385 1052 4426 vero
1070 4369 1153 4425 etiam
1170 4367 1202 4423 de
1219 4369 1303 4425 Phoe·
