3130 4980
653 345 805 400 Dialectica.
1234 339 1288 402 253

168 517 256 561 ταῦτα
284 517 355 560 ποιῶ
374 505 391 558 ἃ
411 517 482 559 ποιῶ
500 510 652 560 καὶταῦτα
671 509 709 574 νῷ
737 509 859 578 πράττω,
890 501 944 558 ἀλλ’
977 507 1009 557 οὐ
1027 509 1059 578 τῇ
1078 515 1129 557 τοῦ
1145 508 1288 572 βελτίστου

169 599 283 670 αἱρέσει,
313 596 399 661 πολλὴ
419 598 453 648 (ἲν
471 599 517 648 καὶ
535 597 628 669 μακρὰ
648 597 776 668 ῥᾳθυμία
795 599 835 660 εἴη
860 596 1018 662 τοῦλόγου.
1052 596 1083 646 τὸ
1101 596 1155 668 γὰρ
1172 595 1212 664 μὴ
1231 595 1287 647 διε-

167 687 267 739 λέσθαι
297 678 356 738 οἷόν
374 679 394 736 τ’
417 685 488 737 εἶναι
506 685 549 736 ὅτι
569 687 634 736 ίίλλο
651 689 705 753 μέν
723 689 751 736 τί
768 686 827 736 ἔστι
846 685 877 735 τὸ
896 688 985 736 αἴτιον
1013 687 1050 751 τῷ
1069 686 1141 746 ὄντι,
1172 685 1237 734 ίίλλο
1256 679 1284 735 δ’

167 777 254 830 ἐκεῖνο
284 778 349 826 άνευ
374 765 407 826 οὗ
429 775 461 827 τὸ
480 777 570 826 αἴτιον
590 773 638 825 οὐκ
658 776 692 824 ίίν
711 767 770 825 ποτ’
792 777 832 838 εἴη
852 777 953 824 αἴτιον·
982 772 1051 838 δδή
1068 792 1120 844 μοι
1139 777 1288 842 φαίνονται

168 866 350 934 ψηλαφῶντες
378 865 405 914 οἱ
433 865 531 914 πολλοὶ
559 861 650 934 ὥσπερ
678 864 707 915 ἐν
726 863 828 925 σκότει,
857 863 990 935 ἀλλοτρίῳ
1008 863 1126 932 ὀνόματι
1145 862 1288 934 προσχρώ-

166 971 257 1024 μενοι,
277 955 312 1012 όις
331 956 421 1004 αἴτιον
439 953 507 1004 αὐτὸ
525 952 747 1024 προσαγορεύειν.
776 950 823 1003 διὸ
841 949 877 1015 δὴ
894 955 941 1002 καὶ
960 953 1041 1022 ὁμέν
1060 971 1100 1010 τις
1118 950 1198 1015 δίνην
1212 968 1288 1023 περι-

168 1045 256 1101 τιθεὶς
273 1044 306 1113 τῇ
324 1044 359 1112 γῇ
371 1041 425 1092 ὑπὸ
444 1049 494 1094 τοῦ
512 1042 632 1112 οὐρανοῦ
648 1044 743 1110 μένειν
756 1039 792 1104 δὴ
811 1045 887 1092 ποιεῖ
905 1040 953 1104 τὴν
971 1047 1023 1108 γῆν
1040 1039 1094 1104 (ΒΡ
1109 1036 1212 1101 1351)),
1227 1040 1242 1090 ὁ
1256 1038 1288 1091 δὲ

168 1129 262 1202 ὥσπερ
280 1131 412 1201 καρδόπῳ
431 1132 548 1196 πλατείᾳ
566 1132 673 1200 βάθρον
692 1130 739 1180 τὸν
758 1130 826 1199 ὐίρα
847 1128 982 1201 ὑπερείδει
1001 1131 1054 1193 (RP
1073 1127 1107 1180 19
1117 1124 1163 1191 Αλ·
1190 1129 1238 1192 τὴν
1257 1127 1289 1180 δὲ

168 1229 220 1272 τοῦ
238 1221 273 1279 ὡς
291 1213 350 1270 οἷόν
369 1237 397 1270 τε
415 1220 542 1284 βέλτιστα
562 1219 632 1269 αὐτὰ
653 1224 765 1284 τεθῆναι
785 1217 909 1288 δύναμιν
928 1215 998 1268 οὕτω
1017 1226 1067 1268 νῦν
1084 1222 1203 1279 κεῖσθαι,
1224 1217 1288 1268 ταύ-

168 1328 218 1374 την
237 1309 298 1360 οὐτε
317 1309 443 1372 ζητοῦσιν
462 1309 523 1358 οὐτε
537 1307 599 1358 τινὰ
616 1311 722 1358 οἴονται
741 1305 893 1377 δαιμονίαν
913 1306 995 1374 ἰσχὺν
1009 1305 1088 1374 ἔχειν,
1108 1306 1176 1356 ἀλλὰ
1191 1305 1288 1372 ἡγοῦν-

168 1417 215 1450 ται
234 1397 335 1448 τούτου
347 1389 479 1447 ’Άτλαντα
499 1397 535 1446 ίίν
553 1413 620 1447 ποτε
641 1396 818 1468 ἰσχυρότερον
835 1397 881 1446 καλ
896 1395 1107 1467 ἀθανατώτερον
1124 1395 1290 1465 καὶμᾶλλον

168 1487 282 1538 ἅπαντα
307 1487 455 1552 ξυνέχοντα
480 1485 609 1554 ἐξευρεῖν,
638 1487 684 1535 καὶ
703 1485 738 1542 ὡς
758 1485 865 1549 ἀληθῶς
885 1483 1012 1551 τάγαθόν
1030 1485 1076 1534 καὶ
1096 1482 1161 1534 δίον
1180 1481 1289 1542 ξυνδεῖν

168 1577 216 1628 καὶ
235 1577 358 1642 ξυνέχειν
373 1571 455 1624 οὐδὲν
474 1576 587 1624 οἴονται.

116 1800 158 1842 2⁵8
236 1773 357 1849 Phileb.
386 1793 428 1850 30
440 1786 477 1848 Α.
526 1784 572 1848 Τὸ
595 1771 675 1868 παρ’
708 1783 786 1869 ἡμῖν
814 1795 910 1864 σῶμα
941 1771 992 1869 ἆρ’
1018 1780 1054 1847 οὐ
1087 1783 1193 1870 ψυχὴν
1226 1781 1290 1869 φή-

169 1913 267 1974 σομεν
301 1887 399 1972 &kam
445 1891 547 1954 ΠΡΩ.
580 1889 684 1976 Δηλον
714 1888 765 1953 ότι
800 1889 953 1976 φήσομεν.
1004 1891 1071 1952 ΣΩ.
1109 1883 1290 1968 Imm
1367 1922 1369 1927 ·

168 1995 246 2086 φίλε
267 1996 464 2084 Πρώταρχε,
500 1994 616 2079 λαβόν,
651 1991 743 2082 εἴπερ
773 1997 818 2082 μὴ
848 1995 885 2060 τό
910 2017 944 2079 γε
967 2005 1024 2060 τοῦ
1047 1996 1171 2072 παντὸς
1194 2006 1290 2076 σῶμα

169 2099 315 2189 ἔμψυχον
336 2102 373 2167 ’δν
396 2101 557 2186 ἐτύγχανε,
593 2099 697 2166 ταύτά
728 2124 763 2185 γε
791 2096 861 2182 ἒηηον
890 2101 994 2186 τούτῳ
1023 2101 1080 2166 καὶ
1110 2097 1159 2166 ἔτι
1182 2098 1289 2187 πάντῃ

168 2207 344 2289 καλλίονας
381 2211 483 2273 ΠΡΩ.
514 2208 620 2296 Δῆλον
636 2208 680 2284 ὡς
696 2205 880 2290 οὐδαμόθεν
896 2207 1043 2288 ὐίλλοδεν,
1068 2205 1290 2293 ὦΣώκρατες.

170 2319 237 2382 ΣΩ.
272 2314 317 2382 Οὐ
345 2314 406 2402 γάρ
437 2339 502 2380 που
533 2312 689 2397 δοκοῦμέν
719 2335 768 2397 γε,
804 2310 1048 2401 ὦΠρώταρχε,
1083 2311 1288 2399 τὰτέτταρα
1324 2309 1433 2414 gffiffi

169 2420 291 2502 ἐκεῖνα,
327 2419 433 2507 πέρας
466 2419 524 2486 καί
559 2419 696 2506 άπειρον
731 2417 788 2484 καί
819 2421 925 2485 κοινὸν
948 2419 1006 2484 καί
1032 2421 1071 2485 τὸ
1101 2433 1157 2508 τῆς
1181 2415 1291 2496 αἰτίας

170 2525 268 2613 γένος,
291 2525 325 2592 ἒν
348 2529 456 2592 άπασι
479 2525 634 2614 τέταρτον
656 2525 752 2606 ἐνόνῦ,
777 2536 872 2591 τοῦτο
896 2525 930 2590 ἐν
944 2525 1003 2608 μὲν
1024 2530 1094 2604 τοῖς
1119 2515 1198 2613 παρ)
1217 2527 1292 2612 ἡμῖν

169 2635 277 2722 ψυχήν
299 2658 335 2699 τε
357 2631 501 2721 παρέχον
529 2631 587 2698 καί
610 2629 802 2715 σωμασκίαν
825 2631 982 2714 ἐμποιοῦν
1003 2631 1061 2697 καί
1089 2630 1292 2716 πταίσαντος

170 2741 324 2822 σώματος
346 2736 495 2827 ἰατρικὴν
518 2740 576 2804 καί
599 2737 632 2804 ἐν
655 2738 767 2816 άλλοις
790 2737 875 2803 ὐλλα
899 2737 1051 2805 συντεθὲν
1073 2737 1131 2805 καί
1155 2737 1291 2820 ὐκοόμε-

170 2870 225 2912 νον
249 2856 362 2911 πᾶσαν
384 2844 443 2910 καί
464 2843 626 2910 παντοίαν
647 2841 767 2933 σοφίαν
783 2845 1030 2926 ἐπικαλεῖσθαι,
1054 2859 1119 2910 τῶν
1134 2833 1167 2910 δ)
1186 2843 1292 2910 αὐτῶν
1363 2845 1368 2854 ’

170 2952 293 3018 τούτων
315 2949 415 3016 ’όντων
439 2947 472 3018 ἓν
494 2952 558 3038 ὅλην
582 2975 618 3016 τε
641 2950 766 3039 οὐρανῷ
789 2951 846 3017 καί
869 2955 956 3021 κατὰ
971 2951 1097 3037 μεγάλα
1119 2950 1210 3040 μέρη,
1234 2950 1293 3016 καί

170 3055 309 3144 προσέτι
332 3058 440 3122 καλῶν
462 3056 520 3122 καί
543 3054 732 3144 είλικρινῶν,
757 3057 790 3122 ἒν
812 3059 940 3135 τούτοις
963 3047 994 3121 δ’
1021 3057 1079 3122 οὐκ
1102 3058 1166 3145 ὐίρα
1188 3083 1292 3146 μεμη-

169 3167 335 3250 χανῆσθαι
358 3164 502 3250 τὴντῶν
525 3160 709 3228 καλλίστων
731 3162 789 3229 καί
812 3163 1019 3246 τιμιωτάτων
1040 3165 1155 3252 φύσιν,·
1189 3167 1291 3229 ΠΡΩ.

168 3257 259 3333 Ἀλλ’
286 3266 435 3350 οὐδαμῶς
462 3269 557 3335 τοίτό
587 3259 613 3353 γ’
633 3270 678 3357 ,δν
706 3269 798 3354 λόγον
821 3266 897 3351 ίηηυι.
944 3272 1011 3334 ΣΩ.
1047 3269 1168 3335 Οὐκοῦν
1197 3266 1225 3334 εἰ
1247 3271 1313 3357 μὴ-

170 3384 282 3452 τοῦτο,
311 3362 380 3456 μετ’
406 3372 527 3440 ἐκείνου
551 3385 609 3440 τοῦ
631 3375 726 3460 λόγου
750 3377 788 3440 δν
812 3372 964 3458 ἑπόμενοι
987 3373 1115 3459 βέλτιον
1138 3373 1291 3459 λέγοιμεν,

171 3481 216 3558 ὡς
244 3476 347 3560 ἔστιν,
382 3478 590 3558 ἃπολλάκις
619 3478 806 3569 εἰρήκαμεν,
842 3482 978 3568 άπειρόν
1007 3505 1043 3548 τε
1065 3481 1098 3546 ἐν
1121 3479 1167 3566 τῷ
1190 3479 1293 3545 παντὶ

171 3586 266 3672 πολύ,
290 3585 347 3652 καί
370 3585 476 3673 πέρας
500 3584 618 3668 λκανόν,
642 3585 701 3653 καί
722 3613 774 3666 τις
796 3577 849 3653 ἐπ’
876 3586 987 3665 αὐτοῖς
1010 3585 1103 3653 αἰτία
1128 3585 1164 3652 οὐ
1184 3587 1291 3675 φαύλη

170 3693 337 3776 κοσμοῦσά
371 3717 406 3758 τε
440 3692 498 3758 καί
533 3693 755 3759 συντάττουσα
786 3693 951 3771 ἕνιαυτοός
979 3692 1095 3759 τεκαὶ
1125 3696 1212 3779 ὥρας
1234 3691 1293 3758 καί

170 3812 289 3886 μῆνας,
312 3796 415 3886 σοφία
438 3797 495 3865 καί
518 3809 591 3876 νοῦς
614 3798 766 3888 λεγομένη
790 3788 971 3866 δικαιότατ’
997 3799 1045 3864 ὐίν.
1090 3803 1192 3864 ΠΡΩ.
1232 3805 1292 3864 Λι-

171 3904 335 3970 καιότατα
364 3905 456 3993 δῆτα.
504 3909 571 3970 ΣΩ.
603 3903 710 3993 Σοφία
740 3907 802 3994 μην
831 3904 888 3970 καί
911 3917 983 3984 νοῦς
1010 3905 1083 3970 ὐνεν
1107 3917 1212 3992 ψυχῆς
1235 3903 1293 3971 οὐκ

171 4010 212 4076 ὐίν
241 4035 324 4076 ποτε
354 4009 551 4099 γενοίσθηνλ).
597 4015 699 4077 ΠΡΩ.
739 4011 784 4078 Οὐ
814 4015 875 4100 γάρ
903 4009 965 4077 οὐν.
1012 4000 1078 4076 ΣΩ.
1108 4011 1230 4078 Οὐκοῦν
1259 4010 1292 4076 ἐν
1318 4035 1380 4066 mens
1394 4027 1469 4068 mundi

170 4117 232 4200 μὲν
254 4115 295 4204 τῇ
317 4128 376 4182 τοῦ
397 4119 477 4196 Διὸς
500 4117 583 4205 ἐρεῖς
606 4119 702 4206 φύσει
724 4119 896 4206 βασιλικὴν
910 4117 970 4202 μὲν
986 4119 1099 4206 ψυχήν,
1122 4118 1293 4200 βασιλικὸν

172 4222 209 4290 δὲ
232 4234 305 4289 νοῦν
328 4221 534 4309 ἐγγίγνεσθαι
558 4225 612 4289 διὰ
628 4226 685 4312 τὴν
708 4237 766 4312 τῆς
789 4221 900 4301 αἰτίας
916 4225 1058 4307 δύναμιν,
1083 4223 1115 4289 ἐν
1131 4223 1167 4289 δὲ
1182 4223 1293 4302 άλλοις
1350 4215 1353 4220 ’

172 4329 257 4396 ὐίλλα
281 4329 376 4410 καλά,
400 4320 487 4395 καθ’
513 4326 531 4396 ὃ
554 4328 650 4418 φίλον
673 4327 823 4407 ἑκάστοις
843 4329 1031 4414 λέγεσθαιΰ,
1069 4333 1170 4395 ΠΡΩ.
1187 4331 1292 4396 Μάλα

172 4459 216 4522 γε.
264 4437 332 4501 ΣΩ.
375 4441 495 4502 Τοῦτον
518 4436 557 4524 δὴ
581 4435 755 4520 τὸνλόγον
778 4437 862 4521 ἡμᾶς
884 4437 928 4524 μή
952 4461 984 4500 τι
1007 4435 1112 4524 μάτην
1136 4435 1243 4524 δόξης,
1267 4434 1293 4500 ὦ
