3146 4982
170 4070 211 4120 dig

175 4123 191 4163 h

295 341 350 401 έίδ
674 343 842 414 Philosophia
859 343 1042 398 Romanorum.

296 513 392 571 τοῦτο
414 503 576 592 ἀπεδόθη.
612 502 696 569 ἀλλὰ
718 504 859 582 κακόςὸ
882 445 1087 592 ἀφελόμενος.
1124 501 1158 568 τί
1187 501 1226 569 δέ
1246 524 1300 570 σοι
1327 502 1417 587 μέλει

297 611 353 677 διδ
383 608 470 690 τίνος
498 633 534 678 σε
564 611 679 689 ὁδοὺς
702 605 869 700 δπῄτησε;
891 609 985 699 μέχρι
1015 600 1050 677 δ’
1068 611 1107 676 δν
1130 609 1226 698 διδῷ,
1252 611 1297 689 ὡς
1320 610 1417 678 άλλο-

296 715 388 806 τρίου
412 717 511 784 αὐτοῦ
533 715 706 803 ἐπιμελοῦ,
738 717 782 796 ὡς
810 729 869 784 τοῦ
891 716 1086 801 πανδοχείου
1109 713 1140 786 oi
1165 718 1350 805 παριόντες.
1377 757 1418 766 -

299 833 349 892 15.
374 823 534 914 Μέμνησο
564 825 615 891 δτι
645 824 690 904 ὡς
718 822 752 890 ἐν
781 822 955 912 συμποσίῳ
990 825 1039 890 δεῖ
1074 847 1109 892 σε
1139 823 1419 912 ἀναστρέφεσθαι.

296 931 549 1020 περιφερόμενον
563 928 672 1017 γέγονέ
686 955 719 997 τι
735 930 822 1001 κατά
845 953 899 1013 oe,-
922 929 1065 1010 ἐκτείνας
1088 932 1145 1020 την
1158 935 1252 1018 χεῖρα
1274 927 1420 1014 κοσμίως

295 1038 468 1124 μετάλαβε.
508 1037 723 1126 παρέρχεται;
746 1040 792 1127 μη
807 1037 928 1120 κάτεχε.
965 1037 1058 1104 ούπω
1080 1039 1168 1128 η’κεις
1190 1039 1235 1126 με)
1258 1034 1421 1121 ἐπίβαλλε

296 1143 410 1233 πόρρω
433 1146 491 1234 τὴν
512 1141 624 1232 ’σ’ρεξιν,
648 1143 732 1210 ἀλλὰ
755 1141 906 1230 περίμενε
921 1143 1033 1230 μέχρις
1055 1145 1095 1210 δν
1118 1142 1248 1233 γίνηται
1271 1146 1358 1209 κατὰ
1373 1141 1418 1209 σέ.

297 1253 379 1319 οότω
410 1253 494 1340 πρὸς
524 1250 637 1332 τέκνα,
669 1252 753 1316 ούτω
784 1251 869 1338 πρὸς
899 1255 1050 1337 γυναῖκα,
1081 1251 1163 1317 ούτω
1194 1252 1279 1338 πρὸς
1309 1250 1418 1336 ἀρχάς,

297 1360 380 1424 σύτω
403 1359 488 1446 πρὸς
503 1357 652 1438 πλοῦτον,
677 1356 734 1423 καὶ
756 1352 814 1446 ἐση
831 1356 916 1424 ποτέ
939 1357 1030 1438 άξιος
1047 1371 1111 1424 τῶν
1134 1363 1223 1424 θεῶν
1238 1357 1418 1446 συμπότης.
1540 1395 1541 1420 ;

296 1465 335 1530 δν
357 1463 475 1531 δὲκαὶ
503 1462 760 1550 παρατεθέντων
782 1485 835 1530 σοι
858 1466 903 1552 μὴ
927 1465 1043 1553 λάβης,
1067 1464 1151 1530 ἀλλὰ
1174 1463 1232 1530 καὶ
1254 1459 1419 1552 δπερίδης,
1540 1467 1541 1476 ³

296 1571 369 1638 τότε
392 1569 428 1637 ού
450 1570 548 1654 μόνον
571 1570 741 1659 συμπότης
763 1583 828 1636 τῶν
850 1575 938 1636 θεῶν
961 1567 1034 1659 δίνη,
1058 1569 1141 1636 άλλδ
1165 1567 1222 1636 καί
1245 1569 1419 1656 συνάρχων.
1456 1601 1459 1606 ·
1540 1555 1541 1560 ¹

297 1679 380 1743 οὕτω
410 1679 470 1764 γὰρ
501 1689 608 1742 ποιων
636 1674 790 1765 Διογένης
819 1675 877 1742 καὶ
905 1666 1118 1763 Ἡράκλειτος
1151 1672 1209 1742 καί
1244 1673 1276 1742 oi
1311 1677 1419 1761 ὅμοιοι
1540 1675 1541 1678 '

296 1781 396 1864 άξίως
418 1779 509 1849 θεῖοί
530 1806 565 1848 τε
586 1779 668 1870 ἦσαν
689 1781 747 1848 καὶ
770 1781 925 1868 ἐλέγοντο.
950 1819 991 1832 -
1018 1793 1069 1851 17.
1086 1780 1245 1872 Μέμνησο
1268 1783 1320 1849 ὅτι
1334 1784 1419 1849 ὑπο-

295 1892 408 1979 κριτὴς
437 1881 466 1956 ελ
496 1889 662 1978 δράματος
692 1890 763 1956 σίου
791 1890 831 1954 δν
853 1888 937 1979 θέλῃ
968 1890 986 1956 ὁ
1010 1889 1221 1968 διδάσκαλος·
1255 1890 1295 1955 δν
1316 1891 1421 1976 βραχὺ
1539 1931 1541 1976 i

295 1996 446 2087 βραχέος,
478 1997 517 2062 δν
544 1997 670 2084 μακρὸν
698 2007 842 2084 μακροῦ·
879 1998 917 2062 δν
948 1998 1077 2079 πτωχὸν
1106 1993 1355 2084 δποκρίνασθαί
1383 2017 1421 2060 σε
1539 1989 1541 2070 ί

296 2102 395 2193 θέλῃ,
430 2104 487 2169 ἵνα
510 2101 567 2168 καὶ
590 2114 703 2169 τοῦτον
726 2101 1048 2192 εὐφυῶς-ὑποκρίνῃ,
1084 2103 1124 2168 δν
1144 2086 1262 2185 χωλόν,
1298 2103 1337 2168 δν
1359 2101 1419 2188 άρ-
1540 2103 1541 2174 f

294 2235 402 2297 χοντα,
426 2211 465 2274 δν
487 2205 628 2297 ἰδιώτην.
664 2210 720 2275 σδν
742 2210 803 2296 γὰρ
826 2198 918 2275 τοῦτ’
945 2205 1026 2290 ἐστι,
1055 2211 1094 2275 τὸ
1117 2209 1217 2276 δοθέν
1239 2206 1418 2297 ὑποκρίνα-
1539 2259 1541 2266 .

296 2321 381 2383 σθαι
405 2317 584 2403 πρόσωπον
598 2316 722 2394 καλῶς·
747 2312 948 2394 ἐκλέξασθαι
964 2307 998 2380 δ’
1017 2314 1097 2382 αὐτὸ
1119 2315 1227 2382 άλλου.
1244 2351 1286 2364 -
1305 2325 1357 2384 22.
1375 2312 1419 2382 Ei

296 2419 497 2512 φιλοσοφίας
520 2420 707 2505 ἐπιθυμεῖς,
732 2421 983 2509 παρασκευάζου
1007 2419 1148 2488 αὐτόθεν
1170 2423 1215 2501 ὡς
1236 2423 1419 2508 καταγελα-

297 2528 508 2617 σθησόμενος,
532 2529 577 2606 ὡς
600 2525 924 2616 καταμωκησομένων
947 2549 1005 2593 σου
1028 2528 1168 2609 πολλῶν,
1199 2530 1244 2607 ὡς
1266 2528 1421 2618 ε’ρούντων

297 2636 348 2702 ὅτι
371 2635 464 2724 άφνω
487 2635 670 2724 φιλόσοφος
685 2637 761 2724 ἡμῖν
784 2631 1018 2723 ἐπανελήλυθε,
1043 2634 1100 2700 καὶ
1124 2635 1233 2701 πόθεν
1247 2637 1324 2724 ἡμῖν
1339 2637 1419 2723 αὕτη

296 2739 457 2831 ηόφράς,·
491 2742 531 2806 σὺ
553 2740 590 2807 δέ
619 2739 721 2829 όφρδν
742 2739 802 2824 μέν
823 2742 869 2829 μὴ
892 2739 988 2830 σχῇς·
1022 2753 1088 2806 τῶν
1110 2741 1146 2808 δέ
1168 2739 1347 2826 βελτίστων
1369 2763 1418 2808 σοι

297 2847 499 2938 φαινομένων
540 2848 640 2925 οὕτως
673 2841 745 2929 ἐχου
786 2847 830 2925 ὡς
859 2847 925 2913 δπδ
954 2857 1013 2912 τοῦ
1041 2852 1123 2914 θεοῦ
1151 2846 1346 2932 τεταγμένος
1374 2845 1419 2926 είς

297 2956 416 3043 ταύτην
438 2955 495 3043 την
520 2955 636 3040 χώραν.
659 2951 804 3043 μέμνησό
828 2977 862 3019 τε
885 2953 986 3034 διότι,
1018 2951 1073 3019 ἐὰν
1094 2951 1154 3038 μὲν
1177 2951 1328 3044 ἐμμείηγς
1351 2955 1419 3032 τοῖς

297 3060 423 3140 αὐτοῖς,
457 3056 489 3128 oi
512 3059 751 3146 καταγελῶντές
781 3083 838 3128 σου
869 3061 907 3127 τὸ
930 3061 1089 3147 πρότερον
1119 3055 1211 3128 ούτοί
1232 3083 1268 3128 σε
1290 3063 1419 3148 ὕστερον

297 3165 544 3250 θαυμάσουται,
585 3166 641 3234 ἐὰν
669 3167 705 3234 δέ
735 3166 884 3256 ἡττηθῇς
914 3166 1034 3246 αὐτῶν,
1069 3167 1207 3234 διπλοῦν
1241 3169 1417 3256 προσλήιγη

297 3271 508 3359 καταγέλωτα
517 3285 539 3338 ⁸,

369 3395 397 3436 ε.
415 3380 587 3451 Impatieniia
610 3380 738 3450 sapientis
757 3383 888 3451 quatinus
913 3381 1035 3452 progredi
1054 3380 1149 3434 δεοεεε
1166 3399 1190 3435 v.
1209 3381 1280 3435 Dies.
1299 3381 1341 3434 ΙΠ
1359 3382 1417 3447 2,4

299 3473 331 3524 ού
350 3471 395 3524 δεῖ
412 3473 466 3542 γάρ
483 3489 520 3542 με
544 3471 615 3523 εἶναι
635 3472 735 3537 δπαθη
753 3473 788 3532 ὡς
807 3471 972 3543 ἀνδριάντα,
1002 3473 1072 3523 ἀλλὰ
1092 3472 1140 3531 τάς
1159 3475 1267 3540 σχέσεις
1285 3481 1416 3544 τηροῦντα

298 3561 347 3619 τὰς
366 3561 484 3629 φυσικὰς
503 3562 548 3611 καὶ
569 3560 715 3620 ἐπιθέτους
735 3561 770 3620 ὡς
784 3561 888 3626 εὐσεβῆ,
908 3562 943 3620 ὡς
964 3560 1031 3624 υἱόν,
1050 3561 1086 3620 ὡς
1100 3558 1231 3630 ἀδελφόν,
1251 3561 1287 3620 ὡς
1305 3564 1416 3630 πατέρα,

299 3650 334 3708 ὡς
352 3649 474 3713 πολίτην.
510 3645 715 3712 Ιυ.117,1();
743 3645 814 3700 Man.
839 3647 883 3700 24.
902 3646 946 3700 32.
983 3645 1052 3700 Nam
1083 3661 1145 3700 suae
1173 3646 1258 3716 ipsius
1285 3647 1417 3702 felicitatis

298 3735 386 3804 gratia
408 3734 486 3788 homo
511 3734 591 3787 etiam
615 3733 726 3788 aliorum
750 3735 904 3788 felicitatem
923 3751 1014 3788 ευτεεε
1032 3735 1124 3810 debet:
1152 3733 1266 3805 Ερίοίετ.
1286 3752 1327 3806 ap.
1347 3736 1416 3790 Βίου.

298 3823 367 3879 Flor.
393 3823 460 3878 157
486 3828 511 3878 εἰ
535 3825 627 3891 βούλει
652 3825 797 3894 ἀταράχως
821 3829 867 3878 καὶ
892 3825 1043 3894 εὐαρέστως
1062 3826 1113 3891 ζῆν,
1140 3835 1226 3898 πειρῶ
1244 3827 1308 3886 τοὺς
1327 3843 1416 3880 συνοι-

298 3916 415 3974 κοῦντάς
435 3930 480 3966 σοι
500 3916 607 3974 πάντας
625 3913 750 3982 ἀγαθούς
769 3914 847 3984 ἔχειν.

193 4070 271 4165 ,ζζξξ
365 4072 506 4143 nisan
531 4081 585 4150 10,
616 4081 644 4136 1.
684 4047 822 4158 ’Σκέψαι
858 4069 908 4150 τίς
937 4064 975 4137 εί.
1013 4073 1051 4138 τὸ
1074 4085 1206 4160 πρῶτον
1229 4071 1485 4160 ἄνθρωπος*ΠΛ

298 4189 394 4244 τοῦτο
424 4168 459 4244 δ’
484 4174 573 4244 ἐστιν
602 4176 693 4244 οὐδὲν
723 4174 803 4260 ἔχων
837 4178 1030 4266 κυριώτερον
1061 4177 1301 4266 προαιρέσεως,
1336 4177 1416 4245 ἀλλὰ

298 4285 399 4372 ταύτῃ
433 4287 475 4350 τὰ
509 4284 595 4350 άλλα
629 4283 891 4370 ὑποτεταγμένα,
927 4283 1026 4373 αὐτὴν
1055 4273 1090 4350 δ’
1115 4284 1332 4352 άδούλευτον1
1362 4282 1415 4350 καὶ

371 4461 399 4524 1)
418 4460 586 4514 ἀδούλευτον
603 4461 678 4515 libri:
699 4463 859 4517 ἀδούλωτον
878 4461 965 4530 Wolf„
984 4461 1093 4518 Salmas·
