3140 4990
625 305 802 374 Empedocles.
1223 303 1276 366 luo
1303 340 1304 344 ,

151 469 333 546 πεδοκλίοας
357 479 421 544 τοῖς
443 461 616 552 πράγμασι,
645 474 762 549 μᾶλλον
786 469 819 532 δὲ
842 466 915 545 τοὺς
938 462 1085 542 παλαιοδς
1108 473 1193 554 κινῇς
1219 475 1276 534 Τι-

153 577 248 652 τᾶνας
271 575 317 639 ἰπὶ
340 569 396 660 την
419 571 512 661 φύσιν
534 580 582 659 καί
607 579 636 638 Γ
638 573 789 660 ίγαντας(ἰ
811 578 859 638 καί
875 569 931 658 τὴν
946 572 1083 659 μυθικὴν
1100 577 1212 658 ἐκείνην
1226 580 1275 639 καὶ

152 681 290 770 φοβερὰν
322 676 471 764 ἀκοσμίαν
501 685 548 746 καί
580 681 784 764 πλημμέλειαν
807 683 918 747 ἐπιδεῖν
940 681 1065 766 ποθῇς·
1096 686 1212 766 „purple
1239 676 1274 746 τὸ

149 785 233 874 napi
255 788 315 853 πᾶν
338 793 386 852 καί
410 791 504 872 χωρίς
526 782 561 852 τὸ
585 790 739 875 κοῦφσνιί,

178 903 239 962 135
264 889 336 958 ἔνθ’
362 885 434 958 οὔτ’
459 890 568 978 ἠελίοιο
594 896 760 958 δεδίσκεται
783 888 895 980 ἀγλαὸν
918 888 1035 972 εἶδος,ὀ
1211 901 1251 959 72

264 997 336 1068 οὐδὲ
358 1001 413 1082 μίν
438 994 508 1065 οὔδ’
533 1001 601 1082 αῖης
624 996 729 1064 λάσιον
751 1002 844 1081 με’νος
867 994 940 1064 udde
962 995 1116 1079 θάλασσα,

152 1107 195 1186 δίς
225 1134 317 1194 φησιν
338 1103 564 1190 Ἐμπεδοκλῆς·
589 1102 624 1170 οὗ
655 1107 694 1190 γῆ
723 1099 916 1192 θερμότητος
938 1116 1080 1187 μετεῖχεν,
1110 1102 1167 1188 οὐχ
1189 1099 1276 1193 δ’διορ

152 1212 343 1296 πνεύματος,
375 1209 429 1276 οὐκ
452 1205 515 1277 ι’ίνιο
539 1240 568 1278 τι
592 1212 654 1277 τῶν
677 1212 808 1296 βαρέων,
840 1207 876 1276 οὗ
899 1209 981 1277 κιίτιο
1005 1239 1033 1277 τι
1056 1212 1116 1276 τῶν
1140 1207 1275 1299 κοδφιον,

151 1317 219 1386 ἀλλ’
244 1317 366 1406 ι’ίκρατοι
389 1323 437 1384 καὶ
461 1310 604 1404 δίστοργοι
627 1324 675 1382 καί
698 1315 830 1401 μονάδες
859 1320 889 1382 αί
911 1318 974 1382 τῶν
998 1316 1088 1383 δλιον·
1102 1315 1196 1404 ἀρχαί
1201 1371 1208 1401 ,
1233 1314 1277 1402 μη

152 1431 344 1510 προσιέμεναι
374 1423 528 1509 σύγκρισιν
551 1423 655 1510 ίτέρου
679 1423 753 1510 πρὸς
776 1425 875 1510 ἕτερον
898 1429 977 1509 μηδὲ
999 1428 1167 1504 κοινωνίαν,
1198 1421 1276 1491 α’λλδι

153 1531 317 1623 φεύγουσαι
339 1538 387 1598 καί
410 1528 676 1617 ἀποστρεφόμεναι
694 1569 746 1608 -,
770 1523 857 1616 ι’ίχρις
880 1523 917 1596 οὗ
940 1530 976 1597 τὸ
999 1530 1120 1618 ἱμερτὸν
1142 1521 1212 1618 ἧκεν
1228 1537 1276 1598 ἐπὶ

152 1640 208 1726 τὴν
224 1638 316 1726 φύσιν
332 1642 363 1706 ἐκ
378 1642 531 1724 προνοίας,
559 1633 727 1722 Φιλίτητος
743 1637 936 1722 ἐγγενομένης
954 1643 1002 1702 καὶ
1017 1633 1206 1724 Ἀφροδίτης
1227 1644 1276 1704 καὶ

146 1743 294 1832 Ἔρωτος,
320 1739 361 1820 ὦς
381 1741 586 1829 Ἐμπεδοκλῆς
609 1747 685 1828 λέγει
709 1749 756 1809 καί
779 1747 978 1829 Παρμενίδης
1001 1751 1048 1810 καί
1071 1738 1216 1823 Ἡσίοδος
1234 1743 1252 1810 f.

224 1883 253 1924 a.
281 1869 366 1933 „Cum
381 1869 469 1921 omnia
481 1867 525 1936 (ab
535 1866 630 1920 Amore
645 1865 758 1936 scilicet)
773 1869 925 1922 consociata
939 1870 1010 1933 sunt,
1031 1870 1089 1922 tum
1102 1885 1184 1937 neque
1203 1868 1274 1937 ignis

150 1959 285 2026 comparet
302 1972 384 2025 neque
402 1972 472 2025 aqua
494 1957 567 2026 (narn
577 1956 753 2024 sequebantur
763 1957 811 2010 alii
822 1972 920 2021 uersus,
930 1956 957 2010 id
967 1955 1035 2025 quod
1046 1960 1156 2025 apparet
1169 1973 1198 2010 ex
1211 1957 1275 2010 Plu·

151 2046 265 2114 tarcho),
285 2045 329 2098 sed
348 2045 507 2099 Harmoniae
534 2045 613 2099 denso
641 2046 774 2099 involucro
804 2037 962 2100 constrictus
990 2049 1030 2098 est
1049 2043 1180 2113 Sphaerus
1205 2043 1274 2099 orbi-

151 2136 259 2190 culatus
284 2136 311 2188 et
329 2133 428 2187 fruitur
446 2133 533 2203 quiete
552 2149 597 2202 per
616 2149 704 2187 omnes
723 2136 812 2202 partes
826 2133 931 2187 diffusa.
968 2132 1075 2197 Deinde,
1099 2132 1275 2188 invalescente

152 2222 302 2288 Discordia,
331 2225 464 2286 movetur,
493 2223 629 2290 quassatis
657 2223 777 2276 omnibus
806 2221 925 2290 deinceps
953 2221 1077 2276 membris
1105 2221 1146 2275 dei
1154 2225 1171 2249 “
1198 2221 1227 2290 (i.
1253 2237 1274 2276 e.

151 2311 282 2381 Sphaeri).
319 2310 360 2365 Cf,
379 2309 482 2379 Philop.
503 2311 536 2364 ad
555 2311 636 2364 Arist.
651 2310 688 2364 de
707 2309 771 2364 Gen.
786 2313 813 2363 et
828 2310 977 2366 Corr.15¹.
992 2310 1078 2378 (med.)
1115 2305 1190 2382 Ἔμπ.
1209 2326 1276 2380 φησι

152 2403 198 2464 τῆς
218 2400 309 2458 Φιλίας
328 2397 476 2465 κρατούσης
496 2393 530 2450 τοί
549 2397 639 2450 πάντα
658 2397 689 2450 ἓν
707 2401 857 2467 γίγνεσθαι
875 2401 921 2450 καὶ
935 2397 983 2450 τδν
998 2405 1120 2468 Σφαῖρον
1133 2396 1276 2455 α’ποτελεῖν

151 2485 249 2541 ἄποιον
268 2481 445 2556 δπιίρχοντιι,
464 2488 501 2546 ιδς
519 2487 613 2557 μηκέτι
630 2487 701 2558 μήτε
719 2487 767 2552 τήν
785 2489 834 2539 τοῦ
848 2486 935 2557 πυρδς
949 2485 1019 2558 μήτε
1033 2492 1087 2541 τῶν
1101 2486 1189 2541 ἄλλων
1202 2488 1276 2548 τινδς

152 2576 293 2638 σώζεσθαι
312 2574 343 2628 ἐν
362 2572 435 2647 αὐτῷ
453 2573 585 2638 ἰδιότητα.

224 2666 254 2721 b.
283 2665 401 2719 Eundem
421 2667 502 2719 etiarn
520 2668 615 2718 neutro
633 2681 724 2734 genere
750 2681 805 2718 esse
829 2665 992 2735 appellatum
1021 2667 1138 2719 testatur
1156 2663 1275 2733 Simplio.

151 2755 240 2810 2581.
269 2756 313 2805 καὶ
341 2753 409 2805 θεὸν
437 2751 600 2824 ἐπονομάζει
627 2757 672 2805 καὶ
696 2749 848 2822 οὐδετέροις
872 2758 938 2806 ποτὲ
962 2753 1053 2806 καλεῖ·
1079 2759 1203 2822 Σφαῖρον
1221 2750 1275 2817 ἔην.

152 2842 309 2897 Aristotelea
327 2845 478 2912 plerumque
499 2843 530 2894 τδ
548 2843 585 2906 ἕν,
605 2859 794 2912 nonnunquam
814 2839 862 2894 τὸν
881 2841 951 2896 θεόν
970 2843 1043 2896 dicit.

224 2946 251 2987 o.
271 2933 385 3000 Delapsa
403 2948 432 2986 eo
451 2935 565 3000 ternpore
584 2931 653 3000 quod
672 2933 705 2985 iis
720 2933 814 3000 (amori
824 2936 851 2986 et
860 2933 1033 3000 contentioni)
1047 2949 1064 2986 a
1078 2931 1165 2988 valido
1184 2948 1276 2986 sacra-

151 3022 236 3074 menti
260 3022 366 3074 nurnine
392 3022 473 3092 quasi,
493 3019 616 3085 ductum,
643 3021 669 3074 h.
689 3037 711 3075 c.
731 3021 869 3076 definitum
894 3025 942 3075 est.
980 3021 1074 3075 Bouitz
1094 3020 1127 3074 ad
1146 3019 1191 3074 Ar.
1211 3021 1276 3075 Met.

51 3145 55 3155 ·
151 3109 241 3164 1114.
261 3109 358 3163 100οὓ
380 3111 491 3165 14-16.
522 3107 698 3164 Z.1⁴710¹.
735 3110 811 3164 Libri
839 3107 1028 3178 πιιρελιίλατιιι
1056 3108 1136 3177 (quod
1160 3108 1275 3164 defendit

151 3198 282 3266 Mullach)
301 3200 328 3252 et
347 3198 521 3266 παρεληλιιτο.

225 3287 254 3340 d.
283 3286 412 3356 Gigantes
426 3305 484 3342 cum
497 3285 634 3340 Discordia
647 3286 813 3356 Empedoclis
825 3288 961 3354 comparat
971 3287 1053 3339 etiam
1067 3285 1151 3339 Procl.
1164 3286 1191 3338 iu
1203 3285 1274 3340 Plat.

151 3375 240 3429 Parm.
251 3393 275 3445 p.
287 3377 338 3431 659
358 3375 467 3430 staura:
488 3373 612 3428 ἐνταῦθα
631 3371 689 3443 γδρ
708 3373 740 3426 rei
756 3371 965 3444 Ἐμπεδόκλειον
981 3378 1075 3432 Νεῖκος
1093 3376 1139 3424 καί
1154 3373 1276 3440 δγιγαν-

151 3459 227 3522 τιιιδς
245 3463 375 3534 πόλεμος,
395 3463 452 3515 ἐκεῖ
470 3463 503 3516 δὲ
522 3464 535 3526 ἡ
555 3464 633 3516 Φιλία
652 3465 697 3514 καὶ
712 3463 727 3528 η’
737 3463 889 3522 ἕνωσιςκαὶ
900 3458 1186 3526 ἡὲνοποιδςτιιλνδλων
1197 3459 1274 3521 Ιθεός.

225 3567 251 3606 e.
276 3553 374 3606 Versus
389 3554 441 3607 135
459 3552 564 3606 videtur
582 3553 650 3607 idem
670 3569 725 3606 esse
744 3555 823 3622 atque
843 3553 889 3606 ille
908 3567 984 3620 quem
1003 3554 1189 3605 commemorat
1208 3550 1276 3606 Sim·

152 3641 256 3710 plicius‚
276 3645 307 3694 ut
326 3639 394 3694 alter
412 3641 454 3694 his
474 3641 590 3696 versibus
609 3641 641 3694 ad
662 3641 783 3696 effectum
803 3639 969 3705 Discordiae,
990 3641 1059 3693 alter
1077 3640 1111 3694 ad
1131 3640 1276 3709 Sphaerum

151 3729 350 3784 describendum
368 3745 431 3782 usus
451 3731 502 3794 sit,
521 3731 619 3784 rectius
639 3731 694 3783 sine
714 3729 795 3784 dubio
815 3729 983 3797 Simplicius,
1002 3744 1063 3782 curn
1083 3727 1152 3781 Solis
1171 3729 1275 3782 nomine

152 3821 184 3871 ut
203 3819 264 3872 aliis
283 3819 348 3872 locis
367 3818 532 3887 significetur
557 3819 640 3887 ignis:
670 3817 738 3886 quod
766 3817 854 3871 fraudi
881 3817 962 3870 fuisse
990 3816 1094 3870 ridetur
1121 3815 1275 3870 Plutarcho.

151 3907 195 3962 Cf.
210 3906 284 3960 Steiu
303 3917 328 3975 p,
344 3908 386 3960 46.
424 3907 537 3976 Reliqua
557 3907 643 3961 nescio
663 3923 697 3960 au
716 3906 750 3960 ad
768 3905 920 3960 Discordiac
938 3905 1059 3959 effectum
1078 3904 1276 3959 describendum

152 3996 334 4066 pertinuerint,
353 3996 437 4049 veluti
449 3999 535 4066 χωρὶς
549 3993 578 4046 τὸ
593 3992 663 4063 popel
678 3997 727 4048 etc.
747 3995 853 4062 aliaque
868 4009 897 4048 ex
912 3993 1067 4063 Empedocle
1085 3995 1213 4062 excerpta,
1232 4007 1275 4046 re·

150 4085 206 4139 luti
224 4081 334 4152 ι’ίκρατοι
353 4085 398 4134 καὶ
417 4078 556 4152 ι’ίστοργοι.
594 4083 705 4136 Versum
724 4083 826 4136 effinxit
845 4082 936 4136 Sturz:

262 4174 313 4227 143
349 4173 435 4240 χωρὶς
453 4175 508 4224 πᾶν
527 4171 558 4223 td
577 4169 647 4240 βαρδ
662 4176 747 4239 χωρίς
765 4187 795 4223 τε
812 4169 844 4222 εδ
862 4169 967 4240 κοῦφον
979 4166 1131 4238 (ἔθηκεν).

225 4333 272 4384 Vs.
292 4333 352 4386 136.
371 4330 446 4385 Libri
463 4330 551 4398 γένος.
578 4331 650 4385 (lorr.
670 4330 763 4400 Bergk.
793 4331 835 4384 (if.
851 4330 925 4399 limp.
940 4330 1043 4384 vadl'l
1062 4333 1089 4383 et
1108 4329 1275 4385 Parmenidis

152 4435 192 4474 vs.
212 4421 264 4474 143
282 4415 392 4487 ίίστρσιν
412 4418 520 4489 θερμδν
537 4417 629 4490 μένος.
