3146 4982
543 357 704 428 Apollonius.
732 357 899 412 Plutarchus.
1226 355 1279 419 bol

232 515 412 586 euphrone
436 516 492 570 eine
517 516 595 570 dubio
621 517 771 587 suppositae
794 519 866 571 eunt.
903 515 967 572 Vite
991 517 1158 586 Pythagoreo
1182 519 1281 589 poesim

160 605 292 676 exscripta
319 609 361 658 est
389 621 405 657 e
429 605 574 676 Porphyrio
600 606 643 672 (V.
666 606 744 674 Pyth.
765 607 793 672 2)
820 609 849 660 et
872 606 1017 662 Iamblicho
1043 606 1086 674 (V.
1105 607 1183 675 Pyth.
1209 607 1280 672 264).

160 693 232 747 Libri
251 698 314 768 περὶ
328 700 435 748 θυοιων
453 694 552 748 mentio
570 694 679 748 inicitur
696 695 777 748 etiem
795 695 866 765 opud
883 694 1009 749 Philostr.
1028 694 1060 749 V.
1075 694 1161 766 Apoll.
1180 695 1280 762 11141;

160 781 197 835 IV
217 783 263 850 1e;
282 782 457 851 fragmentum
477 782 533 836 ciue
551 785 639 838 exstet
657 784 727 854 apud
746 783 895 851 Eusebium,
914 799 938 838 r.
957 786 1001 838 BP
1020 783 1081 839 500.

110 995 152 1038 eoo
227 979 413 1062 Apollonius
437 998 485 1062 op.
507 979 622 1044 Eueeh.
645 979 698 1043 Pr.
720 980 777 1044 Ev.
792 979 840 1044 IV
867 988 917 1048 13.
961 980 1071 1056 Οῦιως
1093 976 1199 1046 τοίνυν
1213 978 1279 1063 μά-

160 1084 258 1150 λιστα
282 1083 320 1150 ἀν
342 1109 394 1164 τις
416 1076 512 1167 οἶμαι
534 1086 592 1173 τὴν
614 1085 846 1174 προσήκουσαν
860 1083 1052 1169 ἐπιμέλειαν
1074 1089 1208 1152 ποιοῖτο
1223 1097 1281 1152 τοῦ

160 1187 255 1256 θείου
276 1191 427 1276 τυγχάνοι
449 1215 484 1257 τε
507 1190 646 1258 αὐτόθεν
668 1191 746 1258 ἵλεώ
767 1215 804 1257 τε
826 1189 883 1258 καί
906 1190 1054 1276 εὐμενοῦς
1077 1190 1178 1259 αὐτοῦ
1191 1182 1278 1280 παρ’

160 1295 324 1362 ὁντιναοῦν
346 1296 443 1380 μόνος
466 1296 663 1385 ἀνθρώπων,
685 1293 715 1364 εί
736 1297 808 1384 θεῷ
829 1296 898 1381 μέν,
921 1294 957 1365 ὃν
979 1299 1019 1387 δι)
1042 1309 1175 1387 πρῶτον
1197 1293 1280 1386 ἔφα-

159 1425 233 1483 μεν,
268 1398 315 1468 ἑνί
342 1427 377 1468 τε
406 1399 475 1469 δντι
503 1402 561 1470 καί
590 1402 812 1492 κεχωρισμένῳ
835 1403 977 1485 πάντων,
1006 1393 1090 1487 μεθ’
1107 1399 1143 1471 ὃν
1165 1401 1281 1491 γνωρί-

160 1508 279 1588 ζεσθαι
301 1511 376 1588 τοὺς
399 1511 536 1589 λοιποὺς
558 1509 742 1596 ἀναγκαῖον,
772 1512 818 1599 μὴ
841 1511 920 1577 θόοι
943 1536 977 1577 τι
1000 1514 1058 1600 τὴν
1080 1509 1178 1600 ἀρχὴν
1200 1511 1282 1599 μήτε

159 1613 302 1682 ἀνάπεσε
331 1626 398 1704 πῦρ
426 1617 507 1705 μήτε
534 1617 682 1684 καθόλου
713 1642 747 1683 τι
776 1629 842 1683 τῶν
870 1614 1041 1707 αἰσθητῶν
1064 1617 1279 1702 ἐπονομάζει·

160 1721 266 1787 δεῖται
295 1724 355 1811 γάρ
386 1722 513 1802 οὐδενὸς
540 1722 615 1790 οὐδὲ
643 1725 738 1812 παρὰ
765 1737 832 1790 τῶν
853 1724 1043 1813 κρειττόνων
1072 1722 1156 1814 ἥπερ
1179 1725 1279 1812 ἡμεῖς,
1310 1769 1314 1776 -

161 1817 232 1894 οὐδ’
251 1823 339 1894 ἔδειν
353 1823 372 1896 ὃ
387 1832 443 1919 τὴν
466 1829 564 1919 ἀρχὴν
586 1843 625 1919 γη
648 1828 757 1920 ἀνίησι
771 1833 875 1920 φυτὸν
896 1832 917 1920 ἢ
938 1829 1051 1920 τρέφει
1074 1831 1156 1918 ζῷον
1175 1829 1280 1920 ἢάήρ,

160 1917 253 2024 ᾦμίγ
277 1934 435 2022 πρόσεστί
463 1935 500 2022 γε’
530 1961 563 2002 τι
585 1935 733 2020 μίασμα·
770 1937 860 2024 μόνη)
883 1936 920 2003 δὲ
940 1938 1046 2026 χρῷτο
1074 1938 1160 2024 πρὸς
1183 1935 1281 2002 αὐτὸν

160 2039 280 2129 ἀείτῷ
304 2040 462 2129 κρείττονι
485 2042 570 2130 λόγῳ
577 2093 585 2123 ,
616 2041 699 2128 λέγω
722 2041 759 2109 δὲ
781 2041 830 2129 τῷ
850 2044 895 2131 μὴ
918 2044 975 2108 διὰ
997 2041 1160 2126 στόματος
1188 2039 1279 2121 ἰόντι,

159 2145 216 2213 καί
239 2151 334 2235 παρὰ
364 2159 423 2214 τοῦ
444 2146 622 2214 καλλίστου
643 2161 708 2214 τῶν
730 2145 830 2214 όντων
858 2149 915 2214 διὰ
937 2159 995 2214 τοῦ
1016 2144 1192 2214 καλλίστου
1215 2159 1280 2213 τῶν

159 2252 193 2319 ἓν
226 2255 302 2341 ἡμῖν
337 2251 446 2343 αἰτοίη
479 2254 624 2339 τάγαθά.
670 2265 743 2333 νοῦς
765 2253 802 2320 δέ
827 2253 916 2321 ἐστιν
946 2249 1039 2333 οὗτος
1073 2252 1208 2342 ὀργάνου
1234 2255 1279 2343 μὴ

159 2359 315 2443 δεόμενος.

109 2521 150 2564 ⁶01
228 2501 352 2568 Suides.
399 2502 609 2591 Πλούταρχος
637 2505 823 2592 Χαιρωνεὺς
851 2515 908 2592 της
938 2499 1115 2584 Βοιωτίας,
1144 2501 1278 2590 γεγονὼς
1305 2519 1439 2562 Picumnus

160 2607 218 2673 ἐπὶ
247 2621 312 2673 τῶν
338 2612 499 2696 Τραϊανοῦ
528 2621 586 2675 τοῦ
599 2606 779 2698 ΙΚαίσαρος
806 2607 927 2697 χρόνων
949 2608 1007 2675 καί
1030 2605 1080 2675 ἔτι
1103 2608 1278 2698 πρόσθεν“.

158 2715 319 2798 μεταδοὺς
349 2713 385 2780 δὲ
414 2713 504 2802 αὐτῷ
531 2719 692 2804 Τραϊανὸς
715 2730 772 2806 της
795 2730 860 2782 τῶν
881 2715 1016 2782 ὑπάτων
1038 2711 1133 2794 ἀξίας
1156 2713 1279 2802 προσί-

159 2821 237 2901 ταξε
265 2819 387 2910 μηδένα
416 2835 481 2887 τῶν
511 2825 597 2888 κατὰ
626 2824 683 2911 τὴν
712 2812 874 2912 Ἰλλυρίδα
904 2822 1063 2911 ἀρχόντων
1092 2819 1200 2910 παρὲξ
1222 2833 1279 2909 της

159 2927 258 2994 αὐτοῦ
280 2928 407 3016 γνώμης
429 2951 462 2994 τι
486 2929 786 3018 διαπράττεσθαιλ.
821 2926 946 3017 ἔγραψε
969 2927 1006 2995 δὲ
1028 2927 1164 2995 πολλοίθ.

230 3087 368 3142 Plutarchi
385 3088 496 3142 Morelic
519 3089 559 3144 ed.
578 3090 612 3144 D.
631 3089 824 3159 Wyttenbeoh‚
848 3088 929 3145 Oxon.
949 3089 1019 3144 1795
1031 3106 1085 3160 eq.;
1112 3087 1141 3142 P.
1162 3088 1279 3154 Diibner,

158 3175 241 3230 Paris.
263 3176 340 3230 1841.
365 3176 449 3242 1847;
477 3177 509 3231 R.
529 3177 660 3245 Hercher,
687 3179 738 3233 vol,
756 3179 778 3246 Ι,
802 3178 971 3250 lupc1872.
999 3207 1035 3216 —
1063 3175 1230 3247 Scripserunt
1247 3175 1279 3228 de

159 3261 314 3318 Plutarcho:
339 3263 370 3318 0.
390 3263 501 3332 Greerd,
529 3265 561 3320 δι
580 3267 608 3322 le
626 3267 724 3322 morule
749 3267 782 3322 δε
800 3267 965 3336 Ρίιιτονηαε,
985 3265 1068 3320 Paris.
1089 3265 1159 3320 1866
1178 3264 1278 3330 (1874).

159 3351 191 3408 R.
205 3351 360 3420 Volkmann,
380 3351 479 3421 Lebcn,
498 3353 633 3422 Schriften
651 3371 679 3410 ιι.
693 3355 868 3426 Philosophia
887 3355 913 3410 d.
924 3355 976 3421 Po,
995 3353 1079 3408 Berol.
1099 3350 1169 3408 1869
1179 3351 1278 3420 (18ῦ2).

159 3441 186 3496 Z.
206 3441 304 3496 1112⁸
324 3442 474 3496 leo-202.

231 3563 260 3604 o.
280 3547 335 3604 Sub
360 3549 464 3604 Nerone
489 3551 523 3616 (e.
543 3550 589 3614 66)
612 3549 737 3604 audiebat
760 3548 940 3604 Ammonium:
968 3549 1007 3602 De
1025 3553 1061 3604 El
1087 3564 1129 3618 ep.
1147 3546 1277 3617 Delphi

158 3654 185 3707 p.
204 3637 266 3694 385.

230 3744 261 3800 b.
281 3744 375 3813 λίθους.
394 3743 470 3813 Sync.
489 3744 632 3813 chronogr.
656 3761 681 3814 p.
701 3744 786 3800 849Β
812 3747 994 3819 Πλούταρχος
1012 3745 1172 3818 Χαιρωνεῦς
1199 3743 1278 3814 φιλό-

160 3851 250 3907 σοφος
267 3837 460 3907 ἐπιτροπεύειν
477 3829 607 3895 Ἑλλάδος
632 3835 688 3888 ὑπὸ
712 3844 763 3888 τοῦ
787 3835 987 3908 αὐτοκράτορος
1010 3829 1177 3908 (Ἀδριανοῦ)
1199 3849 1279 3886 κατε·

160 3927 252 3990 σπάθη
269 3925 390 3996 γηραιός,
409 3922 441 3976 de
459 3939 511 3993 que
528 3925 620 3992 potest
637 3921 761 3976 dubitari,
798 3922 837 3977 Ex
860 3923 918 3994 ipso
935 3922 1078 3976 Plutarcho
1095 3922 1202 3976 conetct
1218 3935 1279 3974 eum

160 4027 249 4064 eonem
275 4011 421 4066 sacerdotio
445 4010 577 4082 Apollinis
605 4011 710 4080 Pythici
737 4015 861 4066 ornatum
887 4012 983 4067 fuieee:
1010 4010 1052 4064 An
1070 4009 1131 4064 Seni
1160 4009 1197 4064 eit
1223 4023 1277 4078 ger.

158 4098 239 4170 Reep.
259 4100 301 4166 17,
321 4101 339 4154 8
357 4117 382 4170 p.
403 4100 463 4155 792.
500 4100 588 4156 Nutue
615 4117 672 4154 esee
698 4099 804 4154 videtur
830 4101 890 4155 circ.
918 4117 942 4154 u.
965 4101 1010 4168 48,
1034 4101 1155 4154 mortuue
1172 4097 1232 4151 circ.
1254 4113 1278 4150 e.

161 4187 316 4243 leo-lue:
336 4190 362 4243 Z.
381 4205 406 4260 p.
428 4187 509 4245 160⁸.

231 4307 259 4350 o.
278 4295 423 4349 Plurimum
441 4296 550 4351 disserit
568 4295 600 4349 de
617 4295 733 4349 moribus
752 4297 781 4349 et
799 4294 831 4348 de
849 4294 950 4348 virtute
973 4311 1053 4365 eoque
1078 4309 1179 4348 omnem
1197 4292 1280 4363 philo-

159 4383 278 4454 sophiam
302 4384 472 4438 revocandum
495 4401 552 4438 cese
576 4384 725 4438 existimet:
753 4384 793 4438 De
811 4384 881 4438 Pr0f.
906 4384 934 4438 in
951 4384 1021 4438 Virt.
1041 4383 1057 4438 7
1081 4400 1107 4453 p.
1126 4383 1169 4438 76.
1206 4382 1280 4436 Solet

159 4475 249 4527 tumen
273 4475 302 4526 et
325 4472 358 4526 de
376 4473 417 4526 die
435 4476 463 4526 et
486 4473 564 4527 rebus
589 4473 684 4526 dirime
708 4473 843 4545 disputare
861 4472 895 4526 ud
913 4473 1059 4542 exemplum
1076 4471 1199 4540 magistri
1216 4471 1279 4525 Am-

1391 4591 1506 4622 ³—-
