3146 4982
274 326 329 388 tbss
653 329 821 399 Philosophia
837 329 1021 383 Romanorum.

273 487 373 554 Ritter,
391 487 463 542 Hist.
482 489 577 559 philos.
595 487 633 542 1V
648 489 700 544 106
711 505 750 559 sq.
768 517 804 528 -
823 489 862 544 De
879 488 998 546 fontibus
1015 488 1144 542 librorum
1161 489 1232 544 eius:
1250 487 1284 542 R.
1298 485 1399 553 Hister,

275 576 522 648 Ueteremcbmtpea
534 595 556 632 a
572 577 900 648 saepememorati,
919 578 989 647 lips.
1002 577 1188 634 retr-1883.
1215 576 1264 632 Th.
1280 575 1399 642 Schiche,

273 665 399 720 Jabreeb.
427 666 456 720 d.
482 666 579 736 philol.
604 665 717 722 Vereins
742 683 765 722 t.
787 668 903 722 Baetim:
932 666 987 724 Cic.
1010 667 1109 735 ptimo.
1136 665 1287 732 Schriften.
1316 665 1397 720 1880.

274 753 353 810 1882.
390 755 419 808 P.
439 753 587 822 Schwenke,
606 755 730 810 Jabresb.
749 755 771 821 s.
790 755 887 810 Altcrt.
911 755 992 812 Wisc.
1011 754 1165 822 47·(1886)‚
1185 753 1289 824 267sq.
1345 795 1348 802 .

344 893 372 936 a.
393 877 557 946 Constantia,
577 897 656 950 quam
669 880 769 948 laudat,
788 879 1002 934 Academicorum
1020 897 1051 934 ea
1064 883 1114 947 est,
1133 882 1165 932 ut
1179 879 1246 932 nihil
1260 895 1308 950 pro
1325 882 1398 932 certo

273 967 441 1035 affirmarent,
461 967 506 1022 sed
525 967 653 1040 quidquid
672 987 731 1022 eum
749 970 838 1040 aliqua
856 969 1043 1040 probabilitate
1062 969 1114 1022 diei
1132 970 1232 1039 posset,
1252 968 1281 1021 id
1294 969 1398 1038 copiose

272 1059 302 1110 et
319 1057 453 1126 eleganter
471 1057 595 1112 dicerent.
633 1057 671 1112 Cf.
690 1057 766 1112 'lhrse
785 1057 808 1110 V
827 1059 870 1113 32.
890 1059 939 1123 82;
960 1057 991 1112 de
1010 1056 1059 1113 off.
1078 1057 1093 1112 Ι
1111 1059 1136 1112 6.

343 1163 374 1219 b.
394 1163 483 1218 Cicero
508 1181 568 1218 eum
586 1163 726 1218 Academia
750 1182 817 1219 nove
834 1163 1028 1236 philosophiam
1045 1181 1103 1218 esee
1121 1166 1248 1233 tanquam
1267 1163 1399 1216 collectio·

272 1269 332 1307 nem
349 1253 465 1306 locorum
483 1253 659 1320 existimabat,
679 1254 711 1307 de
730 1254 825 1324 quibus
843 1253 871 1308 in
890 1257 1029 1323 utramque
1047 1255 1150 1323 partem
1168 1253 1260 1323 posset
1277 1251 1399 1321 apposite

273 1342 418 1412 disputari:
436 1341 513 1396 Tuae.
531 1341 554 1394 V
574 1343 609 1398 18
624 1342 783 1410 philesophi
800 1357 992 1412 quamcumque
1009 1357 1066 1398 ram
1082 1342 1184 1396 babmtt
1208 1341 1241 1396 in
1258 1340 1398 1407 mamitus,

271 1432 389 1484 ineam
412 1445 483 1498 qaae
507 1431 677 1486 conveniant
701 1437 852 1500 emmeram
875 1431 984 1500 ommia,
1009 1431 1062 1486 etsi
1085 1431 1142 1484 alio
1165 1431 1223 1485 loco
1248 1429 1400 1498 disputata

271 1524 347 1573 emat.
368 1547 401 1556 -
421 1521 463 1574 19.
478 1519 604 1590 propriis
622 1520 696 1574 caim
715 1525 739 1574 et
756 1521 815 1574 ertia
830 1520 1001 1590 arpamcatie
1019 1524 1046 1574 et
1063 1517 1304 1574 admonitionibus
1323 1522 1398 1571 trac·

274 1605 365 1661 tanda
383 1623 505 1677 quaeqae
523 1623 566 1661 res
584 1613 631 1662 eat.

345 1728 372 1768 e.
392 1713 461 1767 Hinc
485 1713 651 1782 intellegitur
669 1714 811 1784 plurimum
835 1732 852 1767 a
870 1715 991 1770 Cicerone
1009 1715 1102 1768 morali
1126 1713 1306 1784 philosophiae
1324 1713 1399 1782 parti

273 1801 404 1855 tributum
429 1819 499 1856 esse:
522 1801 598 1856 Tusc.
623 1801 713 1857 11157
740 1793 908 1872 sapientiam
933 1819 987 1859 east
1005 1803 1067 1870 (diei
1085 1804 1185 1873 potest)
1208 1817 1304 1857 reram
1323 1801 1398 1856 atet-

272 1905 377 1945 aarmm
399 1897 424 1946 et
448 1893 635 1946 bmnaammm
658 1892 804 1946 scientiam
828 1893 1077 1961 cepaitionempae,
1105 1909 1178 1961 qaae
1202 1892 1336 1959 casasque
1354 1891 1398 1944 rai

273 1996 360 2034 camec
378 1982 423 2036 eit.
459 1997 494 2034 ex
511 1996 565 2050 quo
583 1979 705 2047 estititmr
722 1987 757 2036 at
775 1981 873 2036 dicimo
890 1982 1024 2048 mattam,
1042 1981 1169 2038 tamam
1180 1981 1277 2036 ommia
1294 1979 1398 2046 1111αὲ-

272 2086 325 2124 ora
348 2070 453 2125 victime
477 2069 571 2125 ducat.
608 2070 640 2124 V.
660 2076 703 2123 R?
722 2070 784 2126 450.
827 2071 967 2140 Physicam
992 2071 1069 2140 longe
1092 2070 1270 2142 postponebat
1293 2067 1397 2133 morali,

273 2159 379 2212 tametsi
405 2159 485 2212 etiam
509 2159 582 2214 illam
606 2159 640 2211 ad
663 2159 869 2227 cognoscendum
894 2161 987 2214 utilem
1012 2177 1069 2216 esse
1093 2175 1248 2230 persuasum
1265 2157 1397 2210 habebat:

273 2247 319 2304 Aa.
338 2245 367 2300 lI
387 2248 453 2314 127;
473 2248 505 2300 de
522 2245 579 2301 Pin.
598 2247 637 2300 IV
656 2249 698 2302 11.

344 2353 374 2408 d.
393 2353 582 2424 Peripateticos
610 2357 711 2407 veteres
743 2355 853 2410 maxime
885 2359 994 2426 propter
1021 2355 1194 2426 multiplicem
1222 2353 1397 2408 eruditionem

274 2442 455 2496 commendare
474 2441 550 2508 solet,
569 2459 593 2496 v.
613 2441 645 2495 de
663 2441 719 2496 Pin.
739 2443 797 2496 Vl
826 2443 866 2496 act
884 2459 928 2498 ece
946 2444 1036 2512 ipitm·
1062 2450 1187 2498 converte
1217 2449 1257 2511 te,
1285 2459 1397 2512 quaeso.

272 2547 307 2585 ece
325 2547 418 2585 coram
442 2531 516 2585 emim
540 2531 653 2599 scriptis
680 2537 707 2584 et
734 2532 876 2586 institutis
903 2547 965 2586 cam
991 2534 1079 2586 ommia
1107 2532 1237 2587 matrina
1264 2533 1397 2598 liberalia,

272 2621 360 2676 onmia
373 2621 498 2688 historia,
517 2621 604 2676 amaia
617 2637 703 2676 semaa
717 2622 826 2690 almam
843 2622 917 2676 cami
925 2627 1025 2690 potest,
1044 2627 1104 2676 ma
1116 2621 1240 2678 varietas
1256 2626 1297 2676 ert
1312 2625 1397 2674 taneta

273 2709 387 2777 aetiam,
406 2715 439 2764 at
457 2725 534 2764 acero
553 2710 613 2762 siaa
630 2724 662 2764 aa
679 2709 863 2764 imitamento
887 2709 926 2763 aa
944 2711 1033 2764 milam
1056 2725 1113 2764 cem
1131 2710 1308 2764 illustriorem
1325 2708 1398 2764 satie

273 2804 389 2852 armatae
402 2799 494 2866 poerit
508 2797 642 2854 accedere.
680 2798 715 2852 ab
734 2798 924 2866 temeratores,
944 2799 978 2852 ab
993 2799 1036 2854 bie
1049 2799 1230 2868 imperatam
1248 2813 1282 2852 ac
1300 2813 1397 2852 reram

268 2887 449 2954 publicatam
463 2887 606 2956 principes
625 2887 796 2942 exstiterant.
833 2892 866 2940 at
884 2887 922 2940 ad
940 2888 1050 2941 minora
1069 2887 1186 2954 etaiam,
1209 2885 1397 2940 mathematici

269 2979 370 3042 poetae
393 2975 492 3029 lamaci
515 2975 615 3029 acedici
641 2974 758 3044 denique
782 2990 815 3028 ece
839 2976 892 3029 tac
911 2981 1051 3044 tamquam
1068 2975 1192 3030 ommium
1211 2975 1315 3028 aetiam
1333 2973 1395 3040 offi-

274 3063 339 3116 cima
353 3062 475 3132 profecti
492 3069 567 3117 meat.

345 3182 371 3224 e.
391 3167 430 3222 Ut
452 3169 576 3224 solacium
599 3172 736 3240 praeberet
760 3171 789 3251 in
813 3172 890 3224 rebus
915 3171 1045 3238 adversis,
1069 3171 1119 3224 hoe
1142 3171 1254 3224 maxime
1277 3169 1396 3240 aphile-

273 3258 365 3328 sophia
383 3259 522 3328 exigebant
539 3259 650 3316 Romani
668 3261 789 3329 interque
807 3257 852 3314 eos
870 3258 973 3326 Cicero,
998 3259 1044 3328 qui
1069 3261 1158 3314 tamen
1180 3259 1230 3312 hoo
1252 3275 1337 3326 genus
1354 3273 1395 3310 eo-

273 3347 333 3402 laeii
359 3347 420 3418 plus
450 3348 529 3402 semel
557 3349 677 3418 queritur
704 3349 775 3402 haud
800 3365 902 3418 semper
926 3348 1058 3413 sulficere;
1085 3365 1109 3402 v.
1135 3347 1168 3400 ad
1186 3346 1247 3402 Att.
1272 3347 1325 3400 XII
1343 3347 1393 3412 46;

272 3435 357 3506 Epist.
376 3437 399 3486 V
418 3437 461 3492 15.

345 3543 368 3598 i.
387 3544 558 3612 Intellegitur
576 3561 607 3596 ex
624 3545 674 3598 hoe
691 3545 747 3598 loeo
761 3545 939 3616 philosophiae
954 3544 1072 3598 studium
1086 3543 1155 3614 apud
1168 3543 1301 3604 Romanos
1315 3558 1395 3612 quan-

274 3636 362 3704 topere
381 3629 534 3704 pependerit
551 3650 568 3686 a
585 3633 699 3702 negotiis
717 3636 746 3686 et
764 3633 854 3686 officiis
873 3633 1000 3686 civilibus.
1037 3631 1073 3685 Et
1090 3632 1146 3704 ipse
1160 3631 1248 3686 Cicero
1266 3631 1394 3700 imprimis

272 3725 380 3792 propter
397 3721 573 3790 eloquentiam
591 3721 770 3792 philosophiae
796 3721 892 3774 studiis
911 3737 938 3775 se
957 3721 1117 3786 tradiderat,
1145 3720 1177 3774 el.
1195 3719 1272 3773 Brut.
1291 3721 1344 3774 306
1355 3735 1393 3789 sq.

90 3832 246 3884 praeceptores
273 3809 490 3881 Praeceptoribus
517 3811 644 3864 utebatur
670 3809 788 3863 Phaedro
814 3809 910 3880 (Epist.
937 3809 1003 3862 xm
1023 3809 1050 3874 1)
1076 3812 1105 3862 et
1132 3809 1233 3862 Zenone
1259 3807 1393 3878 Epicureis

273 3901 316 3960 (D.
326 3899 360 3954 N.
378 3899 460 3964 1593
479 3897 554 3952 Tuae.
573 3898 615 3952 111
632 3899 679 3964 38)
696 3901 725 3952 et
741 3901 846 3968 praeter
863 3899 924 3952 illos
941 3897 1051 3954 Philone
1068 3898 1155 3964 (Brut.
1174 3896 1240 3962 306;
1259 3897 1293 3954 de
1311 3897 1344 3950 1).
1358 3896 1392 3950 N.

272 3990 332 4055 16)
350 3992 379 4042 et
396 3987 526 4044 Antiocho
544 3989 588 4054 (1).
607 3987 642 4044 N.
661 3988 675 4042 I
693 3991 725 4054 6;
743 3988 821 4042 Bmt.
840 3987 917 4054 315),
943 3987 989 4058 qni
1006 3987 1031 4040 ei
1048 3987 1216 4043 Academiam
1233 3987 1394 4040 commenda·

273 4078 346 4144 bant,
366 4077 477 4148 denique
495 4075 609 4130 Diodoto
634 4077 676 4143 (de
695 4076 727 4130 D.
748 4076 782 4130 N.
801 4075 815 4128 I
834 4079 863 4142 6;
882 4076 928 4130 Aa.
947 4076 974 4128 Π
993 4076 1058 4141 115;
1083 4075 1160 4130 Brut.
1179 4075 1246 4141 309;
1274 4073 1351 4129 Tusa.
1369 4074 1393 4126 V

90 4183 248 4236 interpretandi
275 4167 338 4230 113)
356 4170 384 4220 et
402 4165 540 4220 Posidonio
558 4165 602 4232 (D.
617 4165 651 4220 N.
670 4164 730 4232 163
749 4165 825 4219 Tusa.
840 4163 928 4229 1161)
946 4163 1049 4218 Stoicis.
1069 4199 1105 4208 -
1122 4163 1161 4217 Ea
1178 4180 1264 4234 opera,
1284 4180 1393 4233 quorum

139 4237 195 4280 ratio

273 4254 371 4308 mentm
393 4254 426 4308 fit
443 4257 534 4310 nostro
552 4255 622 4320 loeo,
647 4253 826 4324 publicaverat
850 4253 995 4323 pertimeo
1014 4255 1130 4323 tempore
1149 4269 1199 4323 quo
1217 4255 1326 4348 prppter
1343 4253 1393 4322 pri·

273 4357 330 4396 mos
350 4343 509 4410 triumviros,
527 4345 625 4414 partim
643 4361 673 4398 eo
692 4361 743 4414 quo
762 4345 871 4414 propter
883 4341 1020 4398 Caesarem
1038 4360 1054 4395 a
1071 4343 1179 4396 civitate
1197 4343 1314 4396 remotim
1327 4341 1398 4406 vive,

273 4431 328 4484 bat.
364 4431 395 4486 In
420 4432 516 4500 quibus
540 4432 724 4503 componendis
747 4433 876 4502 quantum
902 4431 1056 4501 pependerit
1080 4429 1220 4486 aGraeeis
1238 4431 1295 4500 ipse
1314 4429 1394 4484 diser-
