3156 4988
305 378 360 442 320
780 380 945 436 Aristoteles.

309 540 422 619 πάσας
460 563 495 626 γε
527 541 678 606 δυνατόν·
723 539 820 616 δῆλον
852 541 915 625 γάρ
950 540 994 618 ὡς
1028 536 1135 606 α’ίτιάν
1167 561 1201 604 τι
1235 541 1306 616 τοῖς
1339 537 1424 604 αάτά

306 643 406 712 ἑαυτά
420 644 561 712 κινοῦσίν
576 644 647 712 ἐστι
670 656 728 713 τοῦ
743 644 872 728 ὁτὲμὲν
887 637 971 711 εἶναι
994 643 1049 711 δτδ
1071 643 1108 711 δέ
1128 644 1183 732 μή.
1217 643 1339 728 τὸμὲν
1361 646 1422 732 γάρ

305 750 385 818 αάτδ
408 748 504 818 ἑαυτὸ
526 762 634 818 κινοῦν
655 753 748 816 άπαν
770 747 851 832 ἔχειν
874 749 995 840 ἀνάγκη
1018 748 1172 836 μέγεθος,
1195 747 1225 816 εί
1246 749 1346 838 μηδὲν
1368 775 1420 816 κι-

303 861 407 923 νεῖται
430 855 559 946 ἀμερές,
593 859 632 924 τδ
655 856 692 924 δὲ
713 867 820 923 κινοῦν
843 854 977 940 οὐδεμία
991 856 1123 944 ’ἀνάγκη
1147 854 1184 922 ἐκ
1206 869 1270 922 τῶν
1292 853 1420 945 εἰρημέ-

303 974 392 1029 νων“.
421 973 480 1030 τοῦ
501 963 541 1052 δὴ
563 965 606 1029 τά
627 961 687 1046 μὲν
708 961 878 1049 γίγνεσθαι
900 964 943 1028 τὰ
966 962 1003 1028 δὲ
1024 960 1237 1050 φθείρεσθαι,
1260 960 1318 1028 καί
1333 951 1417 1028 τοῦτ’

303 1061 387 1136 εἶναι
408 1083 553 1151 συνεχῶς,
576 1067 668 1136 οὐδέν
690 1065 798 1135 α’ίτιον
819 1083 885 1134 τῶν
907 1068 1066 1157 ἀκινήτων
1087 1067 1147 1152 μὲν
1167 1071 1213 1157 μή
1236 1067 1287 1134 ἀεί
1310 1057 1342 1134 δ’
1366 1065 1419 1135 δν-

302 1199 377 1256 των,
400 1164 471 1242 οὐδ’
489 1171 530 1241 αδ
552 1188 618 1241 τῶν
639 1174 690 1241 ἀεὶ
711 1173 771 1259 μέν
793 1174 870 1242 ταδί
893 1176 1080 1257 κινούντων,
1114 1175 1236 1241 τούτων
1259 1167 1293 1241 δ’
1316 1173 1418 1262 ἕτερα.

302 1291 361 1348 τοῦ
388 1283 450 1369 γάρ
480 1280 532 1347 ἀεὶ
559 1279 618 1347 καί
647 1293 793 1363 συνεχοῦς
821 1279 893 1348 οἰίτε
914 1279 1052 1348 ἕκαστον
1081 1279 1187 1347 αὐτῶν
1210 1275 1318 1347 αἴτιον
1348 1279 1419 1347 οίίτε

302 1387 431 1453 πάντα·
477 1389 515 1454 τδ
537 1387 596 1471 μὲν
618 1389 679 1476 γάρ
703 1388 805 1466 οὕτως
827 1383 909 1469 ἔχειν
937 1385 1043 1454 ἀίδιον
1065 1385 1124 1453 καὶ
1146 1386 1182 1467 ἐξ
1204 1387 1353 1474 ἀνάγκης,
1376 1388 1419 1452 τά

302 1491 339 1558 δὲ
361 1493 472 1558 πάντα
495 1492 627 1580 ἀπειρα,
650 1492 709 1560 καὶ
731 1492 787 1575 οάχ
809 1496 879 1577 άμα
902 1493 1014 1559 πάντα
1036 1491 1143 1560 δνταλ.
1189 1493 1287 1582 δῆλον
1314 1489 1419 1558 τοίνυν

302 1598 363 1680 δτι,
386 1595 416 1665 εί
438 1597 496 1664 καὶ
517 1599 672 1687 μυριάκις
694 1596 779 1666 ἔνιαι
802 1599 899 1688 ἀρχαί
922 1614 987 1665 τῶν
1002 1599 1161 1688 ἀκινήτων
1182 1598 1242 1683 μὲν
1263 1610 1418 1666 κινουσῶν

303 1701 347 1784 δέ,
370 1703 429 1769 καί
451 1705 561 1771 πολλά
582 1719 648 1771 τῶν
672 1704 755 1771 αάτδι
779 1701 880 1772 ἑαυτά
902 1706 1074 1772 κινούντων
1097 1703 1283 1794 φθείρωσι,
1317 1706 1360 1770 τά
1381 1693 1415 1769 δ’

302 1806 521 1896 ἐπιγίγνεται,
551 1809 609 1876 καί
631 1810 706 1877 τάδε
728 1810 787 1895 μὲν
809 1810 961 1900 ἀκίνητον
983 1813 1019 1878 δν
1040 1811 1114 1878 τάδε
1137 1815 1229 1893 κινεῖ,
1252 1809 1360 1899 ἕτερον
1381 1808 1419 1875 δὲ

300 1910 389 1980 τοδί·
435 1905 509 1981 ἀλλ’
530 1913 621 1982 οὐδέν
642 1911 739 2005 ἦττον
761 1912 832 1983 ἔστι
854 1942 889 1984 τι
911 1914 930 1984 δ
952 1916 1109 2006 περιέχει,
1132 1916 1308 1984 καὶτοῦτο
1330 1905 1414 2003 παρ’

300 2017 447 2106 ἕκαστον,
471 2023 491 2089 ὅ
511 2021 600 2090 ἐστιν
622 2020 730 2091 α’ίτιον
752 2034 811 2089 τοῦ
832 2025 874 2089 τά
895 2023 955 2108 μέν
977 2017 1062 2091 εἶναι
1089 2026 1132 2090 τὰ
1154 2023 1191 2091 δέ
1212 2026 1258 2113 μή
1280 2021 1339 2089 καὶ
1359 2033 1418 2109 τῆς

300 2138 445 2208 συνεχοῦς
466 2129 665 2217 μεταβολῆς·
710 2127 768 2195 καί
790 2140 887 2196 τοῦτο
910 2128 970 2213 μέν
991 2130 1131 2212 τείποις,
1161 2141 1266 2196 ταῦτα
1289 2127 1326 2194 δέ
1347 2131 1417 2205 τοῖς

300 2232 413 2311 ἀλλοις
436 2231 530 2300 αἴτια
553 2235 714 2322 κινήσεως.
761 2231 854 2322 εἴπερ
884 2232 939 2302 οὖν
968 2233 1075 2314 ἀίδιος
1105 2233 1287 2325 ήκίνησις,
1311 2231 1418 2300 ἀίδιον

299 2337 358 2404 καί
368 2341 406 2405 τδ
417 2351 524 2407 κινοῦν
535 2336 628 2406 ἔσται
640 2353 780 2429 πρῶτον,
803 2339 832 2407 εί
843 2339 892 2407 έν·
920 2338 949 2407 εἰ
960 2340 997 2408 δὲ
1008 2339 1123 2423 πλείω,
1139 2339 1245 2408 πλείω
1256 2343 1298 2407 τά
1313 2338 1415 2406 ἀίδια.

299 2438 333 2510 ’ἓν
355 2443 535 2529 δὲμᾶλλον
557 2447 577 2534 ἢ
600 2446 710 2512 πολλά
732 2446 790 2513 καί
813 2446 1046 2535 πεπερασμένα
1069 2447 1227 2537 ήάπειρα
1251 2448 1302 2514 δεῖ
1323 2443 1416 2530 νομί-

299 2549 371 2632 ζειν.
416 2565 481 2618 τῶν
515 2551 621 2618 αὐτῶν
652 2555 712 2641 γάρ
747 2553 988 2637 συμβαινόντων
1022 2552 1073 2620 ἀεὶ
1105 2556 1148 2619 τά
1182 2549 1415 2641 πεπερασμένα

297 2657 422 2740 μᾶλλον
444 2656 604 2746 ληπτέον·
649 2658 682 2726 ἐν
712 2661 773 2748 γὰρ
803 2663 874 2738 τοῖς
896 2661 992 2740 φύσει
1022 2661 1072 2726 δεῖ
1101 2661 1140 2726 τὸ
1169 2657 1416 2748 πεπερασμένον

297 2762 356 2829 καὶ
379 2764 418 2830 τὸ
439 2763 583 2848 βέλτιον,
612 2765 651 2830 ἀν
673 2763 853 2854 ἐνδέχηται,
882 2765 1039 2853 ὑπάρχειν
1067 2766 1200 2850 μᾶλλον.
1247 2761 1356 2832 ίκανδν
1378 2763 1415 2830 δὲ

297 2867 355 2934 καί
377 2866 406 2936 εί
428 2868 470 2952 έν,
494 2867 513 2936 ὃ
534 2883 666 2959 πρῶτον
687 2883 752 2936 τῶν
775 2870 933 2960 ἀκινήτων
955 2869 1060 2938 ἀίδιον
1082 2872 1118 2938 δν
1134 2868 1227 2937 ἔσται
1250 2871 1329 2960 ἀρχή
1344 2875 1414 2949 τοῖς

297 2972 410 3052 ἀλλοις
433 2975 594 3064 κινήσεως.
640 2977 778 3065 φανερὸν
801 2975 917 3042 δὲκαὶ
940 2975 977 3043 ἐκ
998 2977 1091 3044 τοῦδε
1113 2977 1164 3043 δτι
1187 2976 1307 3066 ἀνάγκη
1331 2970 1415 3043 είναί

296 3103 330 3144 τι
363 3075 397 3144 ἓν
431 3078 505 3146 καίΙ
522 3079 628 3147 ἀίδιον
660 3083 699 3148 τδ
733 3095 865 3170 πρῶτον
897 3093 1013 3149 κινοῦν.
1071 3081 1234 3150 δέδεικται
1267 3086 1327 3170 γάρ
1362 3083 1413 3149 ὅτι

297 3183 417 3274 ἀνάγκη
441 3185 491 3252 ἀεί
513 3184 638 3276 κίνησιν
659 3179 751 3254 εἶναι.
782 3185 811 3254 εἰ
834 3186 871 3254 δὲ
893 3186 953 3269 ἀεί,
978 3188 1098 3277 ἀνάγκη
1114 3188 1171 3254 καί
1186 3201 1298 3277 συνεχή
1312 3182 1412 3254 εἶναι·

296 3288 354 3356 καί
377 3294 446 3380 γάρ,
460 3294 499 3358 τδ
521 3291 573 3359 ἀεὶ
595 3291 728 3375 συνεχές,
752 3295 790 3360 τδ
814 3283 847 3358 δ’
865 3293 981 3382 ἐφεξῆς
1003 3293 1040 3360 οὐ
1062 3293 1195 3376 συνεχές.
1241 3295 1325 3360 ἀλλὰ
1350 3297 1412 3383 μήν

296 3393 389 3484 εἴγε
417 3400 561 3487 συνεχής,
590 3397 661 3482 μία.
707 3396 769 3483 μία
792 3389 837 3480 δ’,
867 3397 896 3466 εί
925 3398 982 3488 ὑφ’
1011 3396 1080 3478 ἑνός
1107 3425 1142 3466 τε
1171 3411 1228 3467 τοῦ
1249 3409 1411 3476 κινοῦντος

296 3501 353 3568 καί
377 3500 446 3582 ἓνδς
467 3516 525 3571 τοῦ
547 3503 770 3589 κινουμένουο·
815 3504 844 3572 εἰ
867 3506 928 3594 γάρ
951 3531 985 3572 τι
1009 3506 1089 3572 ἀλλο
1112 3505 1169 3573 καί
1185 3505 1263 3572 άλλο
1280 3507 1408 3594 κινήσει,

296 3606 333 3676 οὐ
355 3612 483 3698 συνεχής
505 3612 525 3699 ή
547 3611 605 3699 δλη
628 3609 762 3700 κίνησις,
786 3601 860 3677 ἀλλ’
878 3611 1003 3700 ἐφεξῆς.

367 3781 395 3822 a.
415 3765 453 3822 Cf.
471 3769 536 3822 Met.
554 3769 607 3822 XII
626 3771 650 3824 7.
670 3771 794 3824 107325
819 3772 958 3825 δέδεικται
983 3772 1013 3826 δὲ
1041 3777 1088 3826 καὶ
1117 3771 1160 3825 ὅτι
1182 3777 1303 3845 μέγεθος
1328 3773 1411 3827 οὐδὲν

296 3857 369 3928 ἔχειν
386 3857 527 3927 ἐνδέχεται
546 3860 648 3925 ταύτην
666 3860 715 3932 τήν
733 3861 833 3913 οὐσίαν
856 3861 916 3925 (τήν
935 3860 1029 3913 ἀίδιον
1053 3864 1100 3912 καὶ
1120 3863 1246 3927 ἀκίνητον
1263 3865 1311 3914 καὶ
1329 3881 1408 3931 κεχω-

295 3949 427 4017 ρισμένην
444 3957 499 3999 τῶν
517 3946 685 4014 αἰσθητῶν),
711 3944 771 4000 ἀλλ’
794 3948 895 4021 ἀμερής
913 3951 959 4001 καὶ
978 3948 1134 4023 ἀδιαίρετός
1152 3950 1233 4003 ἐστιν,
1270 3955 1339 4002 κινεῖ
1356 3951 1409 4023 γάρ

295 4036 344 4087 τδν
371 4039 486 4105 άπειρον
509 4034 626 4108 χρόνον,
655 4035 739 4088 οὐδὲν
766 4031 796 4088 δ’
813 4037 870 4106 ἔχει
898 4036 1021 4108 δύναμιν
1046 4041 1161 4109 ἄπειρον
1185 4042 1407 4112 πεπερασμένον·

295 4122 356 4176 ἐπεὶ
380 4123 412 4176 δὲ
436 4132 494 4176 πᾶν
516 4126 637 4196 μέγεθος
661 4127 811 4197 ἢάπειρον
829 4129 845 4190 ἢ
863 4129 1089 4197 πεπερασμένον,
1119 4130 1330 4200 πεπερασμένον
1356 4128 1408 4199 μὲν

295 4209 345 4262 διὰ
369 4220 451 4264 τοῦτο
475 4213 525 4264 οὐκ
549 4213 584 4264 ἀν
602 4212 662 4282 ἔχει
678 4215 813 4284 μέγεθος,
840 4217 955 4286 άπειρον
972 4210 1000 4268 δ’
1018 4214 1062 4267 ὅτι
1080 4214 1148 4275 δλως
1166 4215 1214 4268 οὐκ
1232 4215 1309 4268 ἔστιν
1327 4216 1410 4268 οὐδέν

296 4300 411 4364 ἄπειρον
427 4302 555 4369 μέγεθος.
591 4299 631 4352 Do
648 4299 742 4353 iisdem
760 4299 890 4369 copiosius
908 4301 987 4370 Phys.
1007 4301 1072 4354 vm
1089 4303 1132 4356 10.
1169 4302 1286 4356 Primum
1304 4319 1408 4356 movens

294 4387 326 4437 ut
344 4387 477 4439 aeternum
496 4389 525 4440 et
541 4387 677 4441 immotum
696 4405 710 4442 ε
728 4389 852 4458 temporis
871 4406 972 4461 quoque
989 4389 1086 4443 finibus
1104 4393 1233 4444 exemtum
1251 4393 1305 4444 est:
1329 4391 1407 4459 Phys.

291 4471 330 4526 1v
348 4473 389 4526 12.
409 4471 479 4526 22st
497 4475 521 4528 3.
