3156 4988
716 328 817 397 Lugios.
1248 406 1249 410 ρ
1270 327 1321 386 301

276 501 305 542 a.
330 490 484 560 Συμπλοκὴ
507 489 550 542 est
573 489 712 542 contextus
731 488 880 554 vorborum,
904 506 928 542 v.
947 489 1016 542 Plat.
1036 489 1114 559 Soph.
1138 489 1225 544 2621)
1251 507 1322 562 συμ-
1397 467 1402 478 ’

201 581 311 631 πλέκων
338 579 372 630 τὰ
401 578 511 650 ῥήματα
539 583 597 636 τοῖς
624 579 751 650 ὀνόμασι.
788 577 873 632 2620
897 581 943 631 καὶ
970 579 1051 648 λόγος
1075 580 1183 648 ἐγένετο
1207 581 1323 645 εὐθὺςὴ

199 668 297 740 ’πρώτη
315 667 475 738 συμπλοκή,
501 693 534 704 ·-
561 667 628 719 όταν
653 671 717 738 stup
743 686 785 726 τις
797 661 960 740 ’Ἀνθρωπος
977 671 1125 738 μανθάνει,
1151 669 1234 740 λόγον
1252 669 1323 720 εἶναι

205 755 259 824 φὴς
277 763 377 808 τοῦτον
393 755 539 824 ἐλάχιστόν
558 773 586 808 τε
604 758 651 808 καὶ
670 765 788 826 πρῶτον.

275 857 305 914 b.
330 858 394 914 Mer.
414 859 452 913 VI
469 860 494 914 4.
515 859 603 914 10271)
623 860 658 914 25
678 862 710 914 οὐ
727 863 782 934 γάρ
799 862 859 914 ἔστι
883 863 914 913 τό
934 861 1037 928 ψεῦδος
1060 865 1107 914 καὶ
1126 865 1157 914 τὸ
1176 863 1276 928 ἀληθές
1293 865 1323 915 έν

200 953 262 1008 Ιτοῖς
280 951 452 1022 πράγμασιν,
472 943 532 1002 οἷον
550 949 652 1021 τὸμὲν
671 951 780 1018 ἀγαθὸν
795 949 894 1016 ἀληθὲς
912 951 944 1002 τὸ
962 949 994 1004 δὲ
1007 952 1092 1003 κακόν
1109 951 1192 1011 εὐθὺς
1211 951 1322 1018 ψεῦδος,

205 1033 264 1090 ἀλλ’
281 1039 311 1092 έν
329 1038 449 1106 διανοίᾳ.
486 1035 525 1091 Cf.
544 1043 587 1090 ΕΡ
605 1037 686 1092 3076.

276 1149 461 1218 Κατηγορίαι,
490 1146 717 1217 κατηγορήματα,
746 1149 811 1214 γένη
839 1157 893 1198 τῶν
915 1156 1097 1218 κατηγοριῶν,
1128 1147 1258 1219 σχήματα
1277 1153 1323 1212 τῆς

203 1237 368 1304 κατηγορίας
384 1234 450 1299 (των
467 1234 646 1304 κατηγοριῶν)
666 1235 730 1286 sunt
747 1250 849 1287 summa
866 1250 962 1302 genera
979 1233 1199 1287 enuntiationum.
1227 1234 1323 1286 Decem

201 1321 349 1388 ¹categoriae
373 1323 546 1374 numerantur
563 1321 625 1390 Top.
645 1321 658 1373 I
677 1321 701 1376 9.
722 1319 794 1376 1031)
812 1322 845 1374 21
872 1323 932 1376 ἔστι
956 1323 988 1376 δὲ
1012 1332 1098 1375 ταῦτα
1125 1324 1174 1375 τὸν
1199 1323 1323 1396 ἀριθμὸν

203 1411 278 1474 δέκα,
298 1414 327 1462 τί
343 1411 410 1475 ἔστι,
429 1411 527 1474 ποσόν,
546 1412 637 1474 ποιόν,
658 1411 726 1478 πρός
745 1430 778 1474 τι,
798 1420 862 1474 ποῦ,
887 1414 964 1476 ποτέ,
983 1416 1102 1475 κεῖσθαι,
1122 1411 1201 1480 ἔχειν,
1222 1415 1321 1473 ποιεῖν,
1431 1431 1432 1434 ’

203 1503 330 1570 πάσχειν.
358 1497 476 1552 Primum
489 1498 574 1551 locum
592 1497 673 1551 habet
686 1501 702 1565 ἡ
717 1501 798 1553 οὐσία
813 1499 866 1552 sive
881 1502 913 1552 τὸ
926 1505 954 1552 τί
967 1501 1050 1562 ἐστιν,
1069 1513 1135 1568 quae
1146 1497 1323 1552 substantiam

203 1588 346 1642 subiectam
371 1587 503 1656 significat
530 1590 584 1654 (BP
606 1588 705 1654 acab),
733 1605 794 1641 nam
822 1587 854 1641 de
882 1604 913 1640 ea
939 1588 1054 1658 reliquae
1082 1587 1268 1657 praedicantur
1294 1589 1323 1638 ot

200 1693 303 1746 semper
321 1693 377 1730 eam
395 1676 543 1746 requirunt,
561 1677 593 1731 cf.
612 1676 676 1730 Met.
696 1677 736 1730 IX
755 1678 778 1730 1.
799 1675 888 1731 1045¹³
907 1677 941 1730 27
963 1682 1025 1752 περὶ
1042 1678 1096 1750 μὲν
1115 1673 1163 1730 οὖν
1182 1687 1231 1729 τοῦ
1248 1677 1322 1750 πρώ-

203 1785 254 1827 τως
272 1769 350 1826 ὄντος
367 1769 414 1818 καὶ
433 1767 501 1836 πρὸς
520 1766 535 1818 ὃ
554 1775 645 1819 πᾶσαι
665 1768 695 1838 αἱ
713 1769 794 1818 άλλαι
811 1770 973 1836 κατηγορίαι
997 1775 1048 1818 τοῦ
1072 1768 1150 1826 ὄντος
1169 1767 1322 1836 ἀναφέρον-

203 1874 248 1908 ται
266 1859 376 1928 είρηται,
396 1857 459 1924 περὶ
478 1862 524 1920 τῆς
543 1855 645 1914 οὐσίας.
670 1853 722 1904 VH
738 1853 761 1906 1.
781 1854 871 1908 1028*
890 1855 932 1908 18.
970 1852 1092 1908 Ceterum
1110 1853 1159 1906 hae
1177 1852 1322 1920 categoriae

201 1959 331 2011 nusquam
349 1958 364 1994 a
382 1941 517 2011 principiis
536 1941 615 1994 certis
634 1941 795 2008 derivantur,
815 1942 861 1994 sed
879 1942 952 1995 velut
969 1943 1106 2012 postulata
1120 1941 1216 2010 ubique
1230 1957 1323 2010 suppo

201 2033 315 2096 cuntur,
334 2047 418 2099 neque
437 2029 469 2083 de
488 2030 608 2083 omuibus
627 2032 748 2082 accurate
766 2031 888 2100 exposuit
905 2029 1075 2096 Aristoteles,
1093 2033 1125 2082 ut
1143 2029 1257 2082 multum
1270 2029 1323 2082 iam

200 2119 271 2172 inter
289 2119 411 2188 antiquos
430 2118 462 2171 de
479 2119 513 2170 iis
532 2117 680 2172 dissensum
699 2118 749 2184 sit,
768 2135 792 2172 v.
811 2118 923 2188 Dexipp.
943 2117 1029 2171 Schol.
1048 2115 1131 2170 Arist.
1151 2117 1205 2171 39¹»
1223 2117 1258 2172 34
1276 2117 1321 2171 Br.

200 2208 275 2262 Inter
301 2207 459 2261 recentiores
486 2207 517 2260 cf.
542 2206 769 2274 Treudelenburg‚
798 2207 894 2261 Gcaoh.
924 2207 950 2260 d.
970 2205 1224 2274 Καλιροιίιαλιίωι,
1244 2205 1320 2260 Berl.

84 2341 86 2348 ,
203 2298 281 2362 1846,
299 2313 324 2365 p.
344 2295 464 2360 1-195;
491 2295 600 2362 Bonita,
625 2301 652 2350 o.
672 2295 699 2350 d.
718 2294 819 2362 Korea.
839 2295 865 2348 d.
885 2295 946 2362 Aa,
964 2294 1075 2350 διάνοια.
1095 2295 1121 2348 d.
1147 2294 1240 2350 λίπα.
1259 2295 1321 2348 Λα,

197 2385 267 2452 pau.
292 2385 354 2438 orer.
374 2381 423 2438 Kl.
442 2384 526 2447 1853,
551 2383 745 2438 rear-645.
789 2384 831 2438 W.
851 2384 983 2453 Schuppe‚
1012 2383 1037 2438 d.
1067 2385 1116 2437 Ar.
1146 2381 1321 2451 Kareporrea

199 2473 285 2526 Berol.
306 2473 385 2527 1871.

147 2648 206 2690 307·
266 2615 314 2680 De
337 2615 501 2697 interpret.
527 2623 556 2678 4.
582 2624 643 2680 17²
667 2625 696 2678 1.
734 2601 829 2679 ’Ἐστι
853 2612 889 2679 δὲ
911 2613 1033 2698 λόγος
1056 2616 1147 2690 ἅπας
1168 2612 1228 2696 μὲν
1258 2635 1316 2700 ση-
1344 2611 1455 2704 ‘tm‘

198 2719 368 2804 μαντικός,
399 2755 443 2766 -
473 2719 700 2807 circumducente
730 2719 767 2784 δὲ
796 2719 833 2785 οὐ
856 2730 940 2801 πάς,
971 2709 1048 2786 ἀλλ’
1067 2719 1100 2785 ἐν
1127 2703 1153 2804 ᾦ
1178 2719 1215 2782 τὸ
1238 2717 1319 2805 άλη-

199 2826 309 2892 ureae
343 2827 363 2914 ἢ
397 2825 583 2912 ψεύδεσθαι
617 2824 764 2911 ὑπάρχει.
812 2824 870 2890 οὐκ
900 2825 933 2890 ἐν
967 2829 1076 2891 ἅπασι
1106 2825 1143 2891 δὲ
1172 2823 1319 2910 ὑπάρχει,

199 2922 268 2998 οἷον
301 2934 320 3019 ἡ
350 2930 423 3018 εὐχὴ
453 2931 546 3016 λόγος
567 2929 642 3014 μέν,
676 2929 751 2996 ἀλλ’
770 2929 842 2997 etiae
864 2931 992 3020 άληόὴς
1015 2930 1087 2996 otius
1111 2931 1242 3019 ψευδής.
1289 2927 1321 2996 οἱ

198 3037 259 3122 μὲν
292 3034 347 3103 οὖν
381 3037 477 3103 ἄλλοι
510 3035 741 3125 ἀφείσθωσαν·
792 3043 962 3126 ῥητορικῆς
996 3040 1056 3125 γὰρ
1092 3039 1112 3126 ἢ
1146 3047 1321 3126 ποιητικῆς

190 3139 380 3225 ὀἰκειοτέρα
396 3147 416 3231 ἡ
432 3141 567 3231 σκέψις·
599 3142 670 3208 ὅδὲ
692 3142 983 3230 άποφαντικὸς
1006 3157 1063 3230 τῆς
1078 3154 1132 3208 νῦν
1146 3141 1318 3230 &emptast
1345 3158 1352 3198 i
1386 3159 1430 3198 reu

200 3259 231 3317 5.
246 3238 342 3315 ’Ἐστι
365 3249 403 3314 δὲ
425 3241 472 3326 εἷς
494 3261 627 3335 πρῶτος
650 3248 745 3334 λόγος
767 3249 995 3337 α’ποφαντικὸς
1018 3249 1224 3336 κατάφασις,
1247 3241 1320 3312 εἶτα

200 3355 391 3444 ἀπόφασις·
437 3351 469 3421 ολ
500 3344 531 3420 δ’
551 3355 648 3420 όλλοι
677 3355 799 3432 πάντες
829 3354 995 3442 συνδέσμῳ
1025 3345 1080 3432 εἷς.
1131 3354 1254 3441 ἀνάγκη
1285 3352 1321 3422 δὲ

200 3461 313 3527 πάντα
340 3461 435 3546 λόγον
457 3461 685 3550 ἀποφαντικὸν
708 3460 743 3526 ἐκ
766 3462 908 3549 ῥήματος
935 3453 1019 3528 εἶναι
1043 3463 1062 3548 ἢ
1086 3461 1241 3538 πτώσεως
1264 3461 1320 3547 ῥή-

198 3589 319 3650 ματος·
365 3566 423 3632 καὶ
454 3568 514 3654 γὰρ
538 3567 556 3633 ὁ
586 3578 643 3632 τοῦ
672 3567 851 3653 ἀνθρώπου
882 3567 990 3651 λόγος,
1027 3566 1082 3632 ἐὰν
1104 3569 1149 3655 μὴ
1172 3569 1210 3632 τὸ
1233 3562 1321 3632 ἔστιν

198 3675 219 3762 ἢ
241 3671 279 3761 ἣν
301 3674 322 3762 ἢ
348 3669 442 3760 ἔσται
464 3673 484 3760 ἢ
505 3683 653 3740 τοιοῦτον
673 3672 857 3762 προστιθῇ,
893 3671 985 3738 σ’όπω
1013 3673 1106 3757 λόγος
1132 3672 1320 3760 οἷποφαντιψ

197 3778 283 3856 adet
317 3817 358 3826 --
391 3790 419 3846 6.
442 3778 701 3866 Κατάφασις
724 3777 761 3844 δέ
789 3775 878 3844 ἐστιν
907 3776 1095 3866 άπόφαισίς
1123 3803 1211 3855 τινος
1233 3776 1318 3842 κατά
1346 3805 1359 3832 ιι
1386 3805 1449 3834 rmar

197 3907 294 3964 τινος,
318 3885 534 3972 άπόφασις
558 3883 595 3950 δέ
617 3883 703 3952 ἐστιν
726 3881 914 3972 άπόφανσίς
936 3908 1025 3962 τινος
1047 3883 1116 3950 ἀπό
1138 3893 1251 3960 τινοςῦ.

273 4057 301 4100 a.
326 4042 405 4096 Secus
429 4043 560 4096 faciebant
578 4043 672 4109 Stoici,
700 4041 911 4098 v.1u³390fin.
941 4071 975 4083 -
1003 4045 1098 4114 Λόγος
1127 4045 1318 4121 ιἰποφαντικός

199 4131 254 4184 sive
274 4134 433 4202 ἀπόφανσις
451 4131 562 4199 (Urteil)
581 4134 623 4185 est
641 4131 808 4184 enuntiatum
827 4131 858 4184 de
872 4148 901 4184 eo
914 4131 983 4200 quod
1001 4132 1042 4184 vel
1061 4148 1117 4184 esse
1135 4132 1176 4184 vel
1195 4147 1247 4184 non
1261 4145 1318 4183 esse

199 4219 338 4274 statuitur,
367 4220 407 4272 De
426 4221 573 4274 rationibus
591 4220 648 4272 eius
667 4219 820 4289 disputatur
837 4219 865 4272 in
883 4219 951 4272 libro
970 4224 1032 4292 περὶ
1051 4221 1200 4292 ἑρμηνείας.

268 4341 299 4398 b·
325 4337 368 4395 De¹
382 4341 495 4412 Interpr.
521 4343 562 4396 10.
588 4341 639 4396 19¹³
663 4343 698 4396 10
725 4343 803 4396 ἔσται
829 4352 909 4396 πάσα
928 4345 1085 4413 κατάφασις
1110 4347 1156 4396 καὶ
1175 4345 1319 4414 ἀπόφασις

197 4457 232 4468 ··-
252 4431 281 4490 ἐξ
300 4433 436 4503 ὀνόματος
454 4435 501 4484 καλ
519 4433 641 4504 ῥήματος
660 4457 702 4495 ·-,
731 4435 802 4506 duee
821 4432 853 4485 δὲ
876 4433 998 4505 ῥήματος
1024 4432 1142 4504 οὐδεμία
1161 4436 1319 4504 κατάφασις
