<?xml version="1.0" encoding="UTF-8"?>
<!DOCTYPE html PUBLIC "-//W3C//DTD XHTML 1.0 Transitional//EN"
    "http://www.w3.org/TR/xhtml1/DTD/xhtml1-transitional.dtd">
<html xmlns="http://www.w3.org/1999/xhtml" xml:lang="en" lang="en">
 <head>
  <title>
</title>
<meta http-equiv="Content-Type" content="text/html;charset=utf-8" />
  <meta name='ocr-system' content='tesseract 3.04.00' />
  <meta name='ocr-capabilities' content='ocr_page ocr_carea ocr_par ocr_line ocrx_word'/>
</head>
<body>
  <div class='ocr_page' id='page_1' title='image "./historiaphiloso00rittgoog_0343.png"; bbox 0 0 3156 4988; ppageno 0'>
   <div class='ocr_carea' id='block_1_1' title="bbox 655 326 1272 396">
    <p class='ocr_par' dir='ltr' id='par_1_1' title="bbox 655 326 1272 396">
     <span class='ocr_line' id='line_1_1' title="bbox 655 326 1272 396; baseline 0 -16"><span class='ocrx_word' id='word_1_1' title='bbox 655 327 775 396; x_wconf 79' lang='lat' dir='ltr'><strong>Physica.</strong></span> <span class='ocrx_word' id='word_1_2' title='bbox 1218 326 1272 387; x_wconf 74' lang='lat'><strong>835</strong></span> 
     </span>
    </p>
   </div>
   <div class='ocr_carea' id='block_1_2' title="bbox 152 461 1275 1864">
    <p class='ocr_par' dir='ltr' id='par_1_2' title="bbox 152 461 1274 1593">
     <span class='ocr_line' id='line_1_2' title="bbox 152 461 1271 558; baseline 0.003 -27"><span class='ocrx_word' id='word_1_3' title='bbox 152 468 281 555; x_wconf 77' lang='grc' dir='ltr'><strong>κινητὸν</strong></span> <span class='ocrx_word' id='word_1_4' title='bbox 303 463 418 548; x_wconf 77' lang='grc' dir='ltr'><strong><em>άίδιον,</em></strong></span> <span class='ocrx_word' id='word_1_5' title='bbox 442 463 482 534; x_wconf 75' lang='grc' dir='ltr'><strong>οὗ</strong></span> <span class='ocrx_word' id='word_1_6' title='bbox 500 469 546 556; x_wconf 76' lang='grc' dir='ltr'><strong>μὴ</strong></span> <span class='ocrx_word' id='word_1_7' title='bbox 570 467 730 550; x_wconf 78' lang='grc' dir='ltr'><strong><em>ἐνδέχεται</em></strong></span> <span class='ocrx_word' id='word_1_8' title='bbox 757 461 840 534; x_wconf 80' lang='grc' dir='ltr'><strong><em>εἶναι</em></strong></span> <span class='ocrx_word' id='word_1_9' title='bbox 864 471 950 535; x_wconf 79' lang='grc' dir='ltr'><strong><em>κατὰ</em></strong></span> <span class='ocrx_word' id='word_1_10' title='bbox 980 470 1077 556; x_wconf 79' lang='grc' dir='ltr'><em>φύσιν</em></span> <span class='ocrx_word' id='word_1_11' title='bbox 1100 472 1157 558; x_wconf 77' lang='grc' dir='ltr'><strong>τὴν</strong></span> <span class='ocrx_word' id='word_1_12' title='bbox 1181 468 1271 558; x_wconf 82' lang='grc' dir='ltr'><strong><em>κίνη-</em></strong></span> 
     </span>
     <span class='ocr_line' id='line_1_3' title="bbox 152 562 1272 663; baseline 0.002 -25"><span class='ocrx_word' id='word_1_13' title='bbox 152 593 205 638; x_wconf 89' lang='grc' dir='ltr'><strong>σιν</strong></span> <span class='ocrx_word' id='word_1_14' title='bbox 228 569 349 638; x_wconf 79' lang='grc' dir='ltr'><strong>ἀίδιον·</strong></span> <span class='ocrx_word' id='word_1_15' title='bbox 381 573 517 638; x_wconf 79' lang='grc' dir='ltr'><strong><em>ἰοίπων</em></strong></span> <span class='ocrx_word' id='word_1_16' title='bbox 532 562 566 638; x_wconf 75' lang='grc' dir='ltr'><strong>δ’</strong></span> <span class='ocrx_word' id='word_1_17' title='bbox 585 572 681 639; x_wconf 79' lang='grc' dir='ltr'><strong>ἐστὶ1</strong></span> <span class='ocrx_word' id='word_1_18' title='bbox 706 571 839 663; x_wconf 80' lang='grc' dir='ltr'><strong>κίνησις.</strong></span> <span class='ocrx_word' id='word_1_19' title='bbox 887 574 939 640; x_wconf 79' lang='grc' dir='ltr'><strong>ὅτι</strong></span> <span class='ocrx_word' id='word_1_20' title='bbox 961 573 1021 657; x_wconf 82' lang='grc' dir='ltr'><strong>μὲν</strong></span> <span class='ocrx_word' id='word_1_21' title='bbox 1043 572 1150 641; x_wconf 81' lang='grc' dir='ltr'><strong><em>τοίνυν</em></strong></span> <span class='ocrx_word' id='word_1_22' title='bbox 1173 575 1272 661; x_wconf 86' lang='grc' dir='ltr'><strong><em>άναγ-</em></strong></span> 
     </span>
     <span class='ocr_line' id='line_1_4' title="bbox 153 671 1272 768; baseline 0.004 -27"><span class='ocrx_word' id='word_1_23' title='bbox 153 682 247 744; x_wconf 82' lang='grc' dir='ltr'><strong><em>κοιῖον</em></strong></span> <span class='ocrx_word' id='word_1_24' title='bbox 269 671 352 744; x_wconf 79' lang='grc' dir='ltr'><strong><em>εἶναι</em></strong></span> <span class='ocrx_word' id='word_1_25' title='bbox 374 676 509 764; x_wconf 81' lang='grc' dir='ltr'><strong>γένεσιν,</strong></span> <span class='ocrx_word' id='word_1_26' title='bbox 545 678 583 746; x_wconf 80' lang='grc' dir='ltr'><strong>ἐκ</strong></span> <span class='ocrx_word' id='word_1_27' title='bbox 604 680 726 746; x_wconf 83' lang='grc' dir='ltr'><strong><em>τούτων</em></strong></span> <span class='ocrx_word' id='word_1_28' title='bbox 749 680 853 768; x_wconf 74' lang='grc' dir='ltr'><strong>δῆλον.</strong></span> <span class='ocrx_word' id='word_1_29' title='bbox 893 677 923 746; x_wconf 82' lang='grc' dir='ltr'><strong>εί</strong></span> <span class='ocrx_word' id='word_1_30' title='bbox 946 679 982 746; x_wconf 77' lang='grc' dir='ltr'><strong>δὲ</strong></span> <span class='ocrx_word' id='word_1_31' title='bbox 1004 679 1140 765; x_wconf 85' lang='grc' dir='ltr'><strong><em>γένεσιν,</em></strong></span> <span class='ocrx_word' id='word_1_32' title='bbox 1173 681 1272 767; x_wconf 81' lang='grc' dir='ltr'><strong><em>ἄναγ-</em></strong></span> 
     </span>
     <span class='ocr_line' id='line_1_5' title="bbox 152 777 1273 874; baseline 0.002 -24"><span class='ocrx_word' id='word_1_33' title='bbox 152 788 248 850; x_wconf 82' lang='grc' dir='ltr'><strong><em>κοιῖον</em></strong></span> <span class='ocrx_word' id='word_1_34' title='bbox 269 783 327 850; x_wconf 82' lang='grc' dir='ltr'><strong>καὶ</strong></span> <span class='ocrx_word' id='word_1_35' title='bbox 350 784 451 873; x_wconf 82' lang='grc' dir='ltr'><strong>άλλην</strong></span> <span class='ocrx_word' id='word_1_36' title='bbox 473 777 557 850; x_wconf 76' lang='grc' dir='ltr'><strong><em>εἶναι</em></strong></span> <span class='ocrx_word' id='word_1_37' title='bbox 579 784 712 872; x_wconf 52' lang='grc' dir='ltr'><strong><em>φοράνθ,</em></strong></span> <span class='ocrx_word' id='word_1_38' title='bbox 735 783 850 874; x_wconf 75' lang='grc' dir='ltr'><strong><em>ἢμίαν</em></strong></span> <span class='ocrx_word' id='word_1_39' title='bbox 872 786 893 874; x_wconf 73' lang='grc' dir='ltr'>ἢ</span> <span class='ocrx_word' id='word_1_40' title='bbox 915 782 1066 864; x_wconf 82' lang='grc' dir='ltr'><strong>πλείους·</strong></span> <span class='ocrx_word' id='word_1_41' title='bbox 1111 788 1197 852; x_wconf 80' lang='grc' dir='ltr'><strong><em>κατὰ</em></strong></span> <span class='ocrx_word' id='word_1_42' title='bbox 1212 790 1273 874; x_wconf 87' lang='grc' dir='ltr'><strong>γάρ</strong></span> 
     </span>
     <span class='ocr_line' id='line_1_6' title="bbox 153 887 1273 979; baseline 0.002 -23"><span class='ocrx_word' id='word_1_43' title='bbox 153 892 211 979; x_wconf 78' lang='grc' dir='ltr'><strong>τὴν</strong></span> <span class='ocrx_word' id='word_1_44' title='bbox 232 901 291 956; x_wconf 81' lang='grc' dir='ltr'><strong>τοῦ</strong></span> <span class='ocrx_word' id='word_1_45' title='bbox 313 891 388 956; x_wconf 80' lang='grc' dir='ltr'><strong>άλου</strong></span> <span class='ocrx_word' id='word_1_46' title='bbox 413 891 567 970; x_wconf 77' lang='grc' dir='ltr'><em>ὡσαύτως</em></span> <span class='ocrx_word' id='word_1_47' title='bbox 590 890 768 976; x_wconf 81' lang='grc' dir='ltr'><strong><em>άναγιοιῖον</em></strong></span> <span class='ocrx_word' id='word_1_48' title='bbox 791 887 873 974; x_wconf 61' lang='lat' dir='ltr'><strong>tigata</strong></span> <span class='ocrx_word' id='word_1_49' title='bbox 895 892 1105 974; x_wconf 72' lang='grc' dir='ltr'><strong><em>τὰστοιχεῖα</em></strong></span> <span class='ocrx_word' id='word_1_50' title='bbox 1121 905 1185 958; x_wconf 80' lang='grc' dir='ltr'><strong>τῶν</strong></span> <span class='ocrx_word' id='word_1_51' title='bbox 1208 913 1273 958; x_wconf 83' lang='grc' dir='ltr'><strong>σιο-</strong></span> 
     </span>
     <span class='ocr_line' id='line_1_7' title="bbox 152 995 1274 1086; baseline 0.002 -24"><span class='ocrx_word' id='word_1_52' title='bbox 152 997 265 1080; x_wconf 82' lang='grc' dir='ltr'><em>μάτων</em></span> <span class='ocrx_word' id='word_1_53' title='bbox 287 998 372 1084; x_wconf 83' lang='grc' dir='ltr'><strong>πρὸς</strong></span> <span class='ocrx_word' id='word_1_54' title='bbox 395 995 530 1086; x_wconf 74' lang='grc' dir='ltr'><em>ἄλληλα.</em></span> <span class='ocrx_word' id='word_1_55' title='bbox 578 998 772 1085; x_wconf 75' lang='grc' dir='ltr'><strong>λεχθήσεται</strong></span> <span class='ocrx_word' id='word_1_56' title='bbox 796 996 832 1063; x_wconf 80' lang='grc' dir='ltr'><strong>δὲ</strong></span> <span class='ocrx_word' id='word_1_57' title='bbox 855 996 913 1062; x_wconf 80' lang='grc' dir='ltr'><strong>καί</strong></span> <span class='ocrx_word' id='word_1_58' title='bbox 933 997 1011 1085; x_wconf 85' lang='grc' dir='ltr'><strong><em>περί</em></strong></span> <span class='ocrx_word' id='word_1_59' title='bbox 1026 999 1139 1079; x_wconf 81' lang='grc' dir='ltr'><strong><em>τούτου</em></strong></span> <span class='ocrx_word' id='word_1_60' title='bbox 1157 998 1189 1064; x_wconf 77' lang='grc' dir='ltr'><strong>ἐν</strong></span> <span class='ocrx_word' id='word_1_61' title='bbox 1204 1003 1274 1076; x_wconf 81' lang='grc' dir='ltr'><strong><em>τοῖς</em></strong></span> 
     </span>
     <span class='ocr_line' id='line_1_8' title="bbox 154 1099 1272 1192; baseline 0.002 -24"><span class='ocrx_word' id='word_1_62' title='bbox 154 1099 327 1186; x_wconf 76' lang='grc' dir='ltr'><em>ἑπομένοις</em></span> <span class='ocrx_word' id='word_1_63' title='bbox 350 1100 558 1190; x_wconf 80' lang='grc' dir='ltr'><strong><em>σαφέστερον.</em></strong></span> <span class='ocrx_word' id='word_1_64' title='bbox 604 1113 658 1168; x_wconf 82' lang='grc' dir='ltr'><strong>νῦν</strong></span> <span class='ocrx_word' id='word_1_65' title='bbox 681 1101 717 1169; x_wconf 77' lang='grc' dir='ltr'><strong>δὲ</strong></span> <span class='ocrx_word' id='word_1_66' title='bbox 739 1102 892 1169; x_wconf 75' lang='grc' dir='ltr'><strong><em>τοσοῦτόν</em></strong></span> <span class='ocrx_word' id='word_1_67' title='bbox 915 1101 984 1168; x_wconf 78' lang='grc' dir='ltr'><em>ἐστι</em></span> <span class='ocrx_word' id='word_1_68' title='bbox 1001 1104 1104 1192; x_wconf 73' lang='grc' dir='ltr'><strong>δῆλον,</strong></span> <span class='ocrx_word' id='word_1_69' title='bbox 1128 1105 1184 1170; x_wconf 80' lang='grc' dir='ltr'><strong>διὰ</strong></span> <span class='ocrx_word' id='word_1_70' title='bbox 1200 1103 1272 1170; x_wconf 80' lang='grc' dir='ltr'><strong><em>τίνα</em></strong></span> 
     </span>
     <span class='ocr_line' id='line_1_9' title="bbox 154 1196 1274 1298; baseline 0.002 -24"><span class='ocrx_word' id='word_1_71' title='bbox 154 1205 266 1274; x_wconf 78' lang='grc' dir='ltr'><strong><em>αἰτίαν</em></strong></span> <span class='ocrx_word' id='word_1_72' title='bbox 288 1205 392 1274; x_wconf 75' lang='grc' dir='ltr'><strong><em>πλείω</em></strong></span> <span class='ocrx_word' id='word_1_73' title='bbox 415 1211 457 1274; x_wconf 83' lang='grc' dir='ltr'><strong>τά</strong></span> <span class='ocrx_word' id='word_1_74' title='bbox 481 1209 633 1294; x_wconf 81' lang='grc' dir='ltr'><strong>ἕγκύκλιά</strong></span> <span class='ocrx_word' id='word_1_75' title='bbox 657 1209 728 1275; x_wconf 77' lang='grc' dir='ltr'><em>ἐστι</em></span> <span class='ocrx_word' id='word_1_76' title='bbox 751 1196 904 1293; x_wconf 79' lang='grc' dir='ltr'><strong>σώμοιτα,</strong></span> <span class='ocrx_word' id='word_1_77' title='bbox 935 1209 987 1276; x_wconf 80' lang='grc' dir='ltr'><strong>ὅτι</strong></span> <span class='ocrx_word' id='word_1_78' title='bbox 1010 1208 1131 1298; x_wconf 78' lang='grc' dir='ltr'><strong><em>ἀνάγκη</em></strong></span> <span class='ocrx_word' id='word_1_79' title='bbox 1154 1209 1274 1296; x_wconf 79' lang='grc' dir='ltr'><strong><em>γένεσιν</em></strong></span> 
     </span>
     <span class='ocr_line' id='line_1_10' title="bbox 153 1305 1273 1405; baseline 0.001 -24"><span class='ocrx_word' id='word_1_80' title='bbox 153 1307 246 1395; x_wconf 78' lang='grc' dir='ltr'><strong><em>εἶναι,</em></strong></span> <span class='ocrx_word' id='word_1_81' title='bbox 270 1313 390 1400; x_wconf 83' lang='grc' dir='ltr'><strong><em>γένεσιν</em></strong></span> <span class='ocrx_word' id='word_1_82' title='bbox 412 1305 457 1396; x_wconf 76' lang='grc' dir='ltr'><strong>δ’,</strong></span> <span class='ocrx_word' id='word_1_83' title='bbox 481 1313 575 1404; x_wconf 80' lang='grc' dir='ltr'><strong><em>εἴπερ</em></strong></span> <span class='ocrx_word' id='word_1_84' title='bbox 599 1314 657 1381; x_wconf 82' lang='grc' dir='ltr'><strong>καί</strong></span> <span class='ocrx_word' id='word_1_85' title='bbox 680 1327 755 1404; x_wconf 83' lang='grc' dir='ltr'><strong><em>πῦρ,</em></strong></span> <span class='ocrx_word' id='word_1_86' title='bbox 778 1327 874 1382; x_wconf 76' lang='grc' dir='ltr'><strong><em>τοῦτο</em></strong></span> <span class='ocrx_word' id='word_1_87' title='bbox 898 1315 934 1382; x_wconf 80' lang='grc' dir='ltr'><strong>δὲ</strong></span> <span class='ocrx_word' id='word_1_88' title='bbox 958 1316 1015 1382; x_wconf 81' lang='grc' dir='ltr'><strong>καὶ</strong></span> <span class='ocrx_word' id='word_1_89' title='bbox 1037 1311 1157 1398; x_wconf 80' lang='grc' dir='ltr'><em>τᾶλλα,</em></span> <span class='ocrx_word' id='word_1_90' title='bbox 1181 1313 1273 1405; x_wconf 81' lang='grc' dir='ltr'><strong><em>ε’ίπερ</em></strong></span> 
     </span>
     <span class='ocr_line' id='line_1_11' title="bbox 153 1411 1274 1511; baseline -0.001 -23"><span class='ocrx_word' id='word_1_91' title='bbox 153 1419 212 1488; x_wconf 81' lang='grc' dir='ltr'><strong>ναί</strong></span> <span class='ocrx_word' id='word_1_92' title='bbox 227 1433 298 1510; x_wconf 76' lang='grc' dir='ltr'><strong><em>γῆν·</em></strong></span> <span class='ocrx_word' id='word_1_93' title='bbox 329 1422 449 1511; x_wconf 80' lang='grc' dir='ltr'><strong><em>ταύτην</em></strong></span> <span class='ocrx_word' id='word_1_94' title='bbox 472 1411 506 1486; x_wconf 72' lang='grc' dir='ltr'><strong>δ’</strong></span> <span class='ocrx_word' id='word_1_95' title='bbox 526 1419 578 1488; x_wconf 79' lang='grc' dir='ltr'><strong>ὅτι</strong></span> <span class='ocrx_word' id='word_1_96' title='bbox 594 1421 715 1510; x_wconf 79' lang='grc' dir='ltr'><strong><em>ἀνάγκη</em></strong></span> <span class='ocrx_word' id='word_1_97' title='bbox 731 1421 838 1506; x_wconf 79' lang='grc' dir='ltr'><strong><em>μένειν</em></strong></span> <span class='ocrx_word' id='word_1_98' title='bbox 860 1447 893 1488; x_wconf 80' lang='grc' dir='ltr'><strong>τι</strong></span> <span class='ocrx_word' id='word_1_99' title='bbox 916 1420 975 1502; x_wconf 86' lang='grc' dir='ltr'><strong><em>άεί,</em></strong></span> <span class='ocrx_word' id='word_1_100' title='bbox 999 1418 1091 1510; x_wconf 80' lang='grc' dir='ltr'><strong><em>εἴπερ</em></strong></span> <span class='ocrx_word' id='word_1_101' title='bbox 1108 1421 1274 1489; x_wconf 68' lang='grc' dir='ltr'><strong><em>κινεῖσθαί</em></strong></span> 
     </span>
     <span class='ocr_line' id='line_1_12' title="bbox 154 1524 1014 1593; baseline 0.001 -2"><span class='ocrx_word' id='word_1_102' title='bbox 154 1551 188 1593; x_wconf 78' lang='grc' dir='ltr'><strong>τι</strong></span> <span class='ocrx_word' id='word_1_103' title='bbox 212 1524 271 1592; x_wconf 87' lang='grc' dir='ltr'><strong><em>άεί.</em></strong></span> <span class='ocrx_word' id='word_1_104' title='bbox 1013 1551 1014 1554; x_wconf 69' lang='grc'>’</span> 
     </span>
    </p>

    <p class='ocr_par' dir='ltr' id='par_1_3' title="bbox 227 1669 450 1724">
     <span class='ocr_line' id='line_1_13' title="bbox 227 1669 450 1724; baseline -0.004 0"><span class='ocrx_word' id='word_1_105' title='bbox 227 1683 255 1724; x_wconf 72' lang='lat'><strong>8·</strong></span> <span class='ocrx_word' id='word_1_106' title='bbox 274 1669 306 1724; x_wconf 82' lang='lat' dir='ltr'><strong>V.</strong></span> <span class='ocrx_word' id='word_1_107' title='bbox 325 1673 369 1721; x_wconf 72' lang='grc' dir='ltr'><strong>ΒΡ</strong></span> <span class='ocrx_word' id='word_1_108' title='bbox 389 1669 450 1723; x_wconf 77' lang='lat'><strong>324.</strong></span> 
     </span>
    </p>

    <p class='ocr_par' dir='ltr' id='par_1_4' title="bbox 227 1791 1275 1864">
     <span class='ocr_line' id='line_1_14' title="bbox 227 1791 1275 1864; baseline 0 -18"><span class='ocrx_word' id='word_1_109' title='bbox 227 1791 257 1847; x_wconf 80' lang='lat' dir='ltr'><strong>b.</strong></span> <span class='ocrx_word' id='word_1_110' title='bbox 283 1792 321 1847; x_wconf 81' lang='lat' dir='ltr'><strong>Cf.</strong></span> <span class='ocrx_word' id='word_1_111' title='bbox 345 1792 469 1846; x_wconf 83' lang='lat' dir='ltr'><strong>Nicolaus</strong></span> <span class='ocrx_word' id='word_1_112' title='bbox 501 1793 578 1863; x_wconf 86' lang='lat' dir='ltr'><strong>apud.</strong></span> <span class='ocrx_word' id='word_1_113' title='bbox 604 1793 765 1864; x_wconf 78' lang='lat' dir='ltr'><strong>Simplicium</strong></span> <span class='ocrx_word' id='word_1_114' title='bbox 789 1794 829 1847; x_wconf 92' lang='lat' dir='ltr'><strong>De</strong></span> <span class='ocrx_word' id='word_1_115' title='bbox 857 1793 934 1848; x_wconf 83' lang='lat' dir='ltr'><strong>Caele</strong></span> <span class='ocrx_word' id='word_1_116' title='bbox 969 1793 1065 1860; x_wconf 80' lang='lat' dir='ltr'><strong>(Sahal.</strong></span> <span class='ocrx_word' id='word_1_117' title='bbox 1093 1791 1175 1846; x_wconf 86' lang='lat' dir='ltr'><strong>Arist.</strong></span> <span class='ocrx_word' id='word_1_118' title='bbox 1201 1794 1275 1847; x_wconf 72' lang='grc' dir='ltr'><strong>493Ι</strong></span> 
     </span>
    </p>
   </div>
   <div class='ocr_carea' id='block_1_3' title="bbox 154 1879 1276 2131">
    <p class='ocr_par' dir='ltr' id='par_1_5' title="bbox 154 1879 1276 2131">
     <span class='ocr_line' id='line_1_15' title="bbox 154 1879 1274 1956; baseline -0.001 -21"><span class='ocrx_word' id='word_1_119' title='bbox 154 1880 190 1935; x_wconf 75' lang='lat'><strong>25</strong></span> <span class='ocrx_word' id='word_1_120' title='bbox 199 1880 257 1944; x_wconf 70' lang='grc' dir='ltr'><strong>ΒΓ.)</strong></span> <span class='ocrx_word' id='word_1_121' title='bbox 284 1881 333 1934; x_wconf 70' lang='lat' dir='ltr'><strong>tit</strong></span> <span class='ocrx_word' id='word_1_122' title='bbox 352 1886 380 1934; x_wconf 84' lang='grc' dir='ltr'><strong>τί</strong></span> <span class='ocrx_word' id='word_1_123' title='bbox 403 1879 453 1934; x_wconf 81' lang='grc' dir='ltr'><strong>οὖν</strong></span> <span class='ocrx_word' id='word_1_124' title='bbox 472 1883 523 1952; x_wconf 83' lang='grc' dir='ltr'><strong>οὐχ</strong></span> <span class='ocrx_word' id='word_1_125' title='bbox 542 1882 604 1942; x_wconf 83' lang='grc' dir='ltr'><em>ὅλος</em></span> <span class='ocrx_word' id='word_1_126' title='bbox 631 1884 768 1956; x_wconf 69' lang='grc' dir='ltr'><strong><em>ὁμόσμος</em></strong></span> <span class='ocrx_word' id='word_1_127' title='bbox 787 1893 926 1948; x_wconf 82' lang='grc' dir='ltr'><strong><em>τοιοῦτος,·</em></strong></span> <span class='ocrx_word' id='word_1_128' title='bbox 950 1883 993 1936; x_wconf 79' lang='grc' dir='ltr'><strong>ὅτι</strong></span> <span class='ocrx_word' id='word_1_129' title='bbox 1012 1885 1117 1952; x_wconf 78' lang='grc' dir='ltr'><strong><em>ἀνάγκη</em></strong></span> <span class='ocrx_word' id='word_1_130' title='bbox 1135 1886 1229 1954; x_wconf 79' lang='grc' dir='ltr'><strong><em>μένειν</em></strong></span> <span class='ocrx_word' id='word_1_131' title='bbox 1248 1903 1274 1934; x_wconf 85' lang='grc' dir='ltr'><strong>τι</strong></span> 
     </span>
     <span class='ocr_line' id='line_1_16' title="bbox 155 1971 1276 2044; baseline -0.003 -20"><span class='ocrx_word' id='word_1_132' title='bbox 155 1974 219 2042; x_wconf 79' lang='grc' dir='ltr'><strong><em>περὶ</em></strong></span> <span class='ocrx_word' id='word_1_133' title='bbox 238 1972 270 2023; x_wconf 88' lang='grc' dir='ltr'><strong>τὸ</strong></span> <span class='ocrx_word' id='word_1_134' title='bbox 287 1973 376 2042; x_wconf 75' lang='grc' dir='ltr'><strong><em>μέσον</em></strong></span> <span class='ocrx_word' id='word_1_135' title='bbox 394 1979 445 2023; x_wconf 83' lang='grc' dir='ltr'><strong>τοῦ</strong></span> <span class='ocrx_word' id='word_1_136' title='bbox 461 1973 549 2040; x_wconf 83' lang='grc' dir='ltr'><em>κύκλῳ</em></span> <span class='ocrx_word' id='word_1_137' title='bbox 569 1975 730 2044; x_wconf 72' lang='grc' dir='ltr'><strong><em>φερομένου,</em></strong></span> <span class='ocrx_word' id='word_1_138' title='bbox 750 1973 782 2024; x_wconf 84' lang='grc' dir='ltr'><strong>τὸ</strong></span> <span class='ocrx_word' id='word_1_139' title='bbox 801 1971 832 2025; x_wconf 75' lang='grc' dir='ltr'><strong>δὲ</strong></span> <span class='ocrx_word' id='word_1_140' title='bbox 851 1975 982 2044; x_wconf 74' lang='grc' dir='ltr'><strong><em>πέμπτον</em></strong></span> <span class='ocrx_word' id='word_1_141' title='bbox 1001 1981 1082 2043; x_wconf 79' lang='grc' dir='ltr'><strong><em>σῶμα</em></strong></span> <span class='ocrx_word' id='word_1_142' title='bbox 1103 1974 1163 2024; x_wconf 73' lang='grc' dir='ltr'><strong>οὔτε</strong></span> <span class='ocrx_word' id='word_1_143' title='bbox 1181 1973 1276 2042; x_wconf 74' lang='grc' dir='ltr'><strong><em>μένειν</em></strong></span> 
     </span>
     <span class='ocr_line' id='line_1_17' title="bbox 155 2059 651 2131; baseline 0 -19"><span class='ocrx_word' id='word_1_144' title='bbox 155 2059 275 2112; x_wconf 68' lang='grc' dir='ltr'><strong><em>ἐδύνατο</em></strong></span> <span class='ocrx_word' id='word_1_145' title='bbox 295 2061 356 2112; x_wconf 74' lang='grc' dir='ltr'><strong><em>οὔτε</em></strong></span> <span class='ocrx_word' id='word_1_146' title='bbox 375 2061 405 2113; x_wconf 74' lang='grc' dir='ltr'><strong>ἐν</strong></span> <span class='ocrx_word' id='word_1_147' title='bbox 423 2061 460 2128; x_wconf 82' lang='grc' dir='ltr'><strong>τῷ</strong></span> <span class='ocrx_word' id='word_1_148' title='bbox 478 2063 555 2131; x_wconf 80' lang='grc' dir='ltr'><strong><em>μέσῳ</em></strong></span> <span class='ocrx_word' id='word_1_149' title='bbox 574 2059 651 2113; x_wconf 75' lang='grc' dir='ltr'><strong><em>εἶναι.</em></strong></span> 
     </span>
    </p>
   </div>
   <div class='ocr_carea' id='block_1_4' title="bbox 228 2181 709 2267">
    <p class='ocr_par' dir='ltr' id='par_1_6' title="bbox 228 2181 709 2267">
     <span class='ocr_line' id='line_1_18' title="bbox 228 2181 709 2267; baseline 0 -31"><span class='ocrx_word' id='word_1_150' title='bbox 228 2195 255 2236; x_wconf 81' lang='lat' dir='ltr'><strong>e.</strong></span> <span class='ocrx_word' id='word_1_151' title='bbox 273 2181 314 2235; x_wconf 91' lang='lat' dir='ltr'><strong>De</strong></span> <span class='ocrx_word' id='word_1_152' title='bbox 333 2181 409 2236; x_wconf 84' lang='lat' dir='ltr'><strong>Caelo</strong></span> <span class='ocrx_word' id='word_1_153' title='bbox 426 2181 454 2235; x_wconf 92' lang='lat' dir='ltr'><strong>II</strong></span> <span class='ocrx_word' id='word_1_154' title='bbox 474 2183 517 2267; x_wconf 52' lang='lat'><strong>14.</strong></span> <span class='ocrx_word' id='word_1_155' title='bbox 535 2183 607 2237; x_wconf 70' lang='lat'>296⁸</span> <span class='ocrx_word' id='word_1_156' title='bbox 625 2183 661 2236; x_wconf 80' lang='lat'><strong>24</strong></span> <span class='ocrx_word' id='word_1_157' title='bbox 671 2199 709 2252; x_wconf 90' lang='lat' dir='ltr'><strong>sq.</strong></span> 
     </span>
    </p>
   </div>
   <div class='ocr_carea' id='block_1_5' title="bbox 152 2305 1279 3952">
    <p class='ocr_par' dir='ltr' id='par_1_7' title="bbox 152 2305 1279 3952">
     <span class='ocr_line' id='line_1_19' title="bbox 228 2305 1273 2378; baseline -0.001 -19"><span class='ocrx_word' id='word_1_158' title='bbox 228 2305 258 2360; x_wconf 81' lang='lat' dir='ltr'><strong>d.</strong></span> <span class='ocrx_word' id='word_1_159' title='bbox 278 2305 410 2378; x_wconf 75' lang='lat' dir='ltr'><strong>Quattuor</strong></span> <span class='ocrx_word' id='word_1_160' title='bbox 428 2306 558 2359; x_wconf 85' lang='lat' dir='ltr'><strong>elementa</strong></span> <span class='ocrx_word' id='word_1_161' title='bbox 575 2323 631 2360; x_wconf 83' lang='lat' dir='ltr'><strong>esse</strong></span> <span class='ocrx_word' id='word_1_162' title='bbox 650 2307 751 2360; x_wconf 86' lang='lat' dir='ltr'><strong>duobus</strong></span> <span class='ocrx_word' id='word_1_163' title='bbox 775 2306 938 2374; x_wconf 76' lang='lat' dir='ltr'><strong>argumentis</strong></span> <span class='ocrx_word' id='word_1_164' title='bbox 963 2305 1166 2360; x_wconf 81' lang='lat' dir='ltr'><strong>demonstratur.</strong></span> <span class='ocrx_word' id='word_1_165' title='bbox 1203 2305 1273 2358; x_wconf 90' lang='lat' dir='ltr'><strong>Nam</strong></span> 
     </span>
     <span class='ocr_line' id='line_1_20' title="bbox 154 2394 1276 2466; baseline -0.002 -18"><span class='ocrx_word' id='word_1_166' title='bbox 154 2395 269 2465; x_wconf 89' lang='lat' dir='ltr'><strong>primum</strong></span> <span class='ocrx_word' id='word_1_167' title='bbox 288 2411 354 2464; x_wconf 85' lang='lat' dir='ltr'><strong>quae</strong></span> <span class='ocrx_word' id='word_1_168' title='bbox 372 2395 504 2448; x_wconf 82' lang='lat' dir='ltr'><strong>contraria</strong></span> <span class='ocrx_word' id='word_1_169' title='bbox 522 2397 611 2460; x_wconf 80' lang='lat' dir='ltr'><strong>tantu,</strong></span> <span class='ocrx_word' id='word_1_170' title='bbox 631 2395 676 2466; x_wconf 90' lang='lat' dir='ltr'><strong>qui</strong></span> <span class='ocrx_word' id='word_1_171' title='bbox 695 2411 787 2448; x_wconf 87' lang='lat' dir='ltr'><strong>sensus</strong></span> <span class='ocrx_word' id='word_1_172' title='bbox 805 2395 899 2448; x_wconf 82' lang='lat' dir='ltr'><strong>ceteris</strong></span> <span class='ocrx_word' id='word_1_173' title='bbox 919 2394 1038 2447; x_wconf 88' lang='lat' dir='ltr'><strong>omnibus</strong></span> <span class='ocrx_word' id='word_1_174' title='bbox 1057 2395 1162 2460; x_wconf 90' lang='lat' dir='ltr'><strong>subest,</strong></span> <span class='ocrx_word' id='word_1_175' title='bbox 1188 2394 1276 2464; x_wconf 87' lang='lat' dir='ltr'><strong>depre-</strong></span> 
     </span>
     <span class='ocr_line' id='line_1_21' title="bbox 155 2482 1277 2552; baseline -0.002 -16"><span class='ocrx_word' id='word_1_176' title='bbox 155 2483 324 2550; x_wconf 90' lang='lat' dir='ltr'><strong>henduntur,</strong></span> <span class='ocrx_word' id='word_1_177' title='bbox 349 2483 474 2551; x_wconf 85' lang='lat' dir='ltr'><strong>frigidum</strong></span> <span class='ocrx_word' id='word_1_178' title='bbox 492 2483 619 2550; x_wconf 84' lang='lat' dir='ltr'><strong>calidum,</strong></span> <span class='ocrx_word' id='word_1_179' title='bbox 645 2483 747 2536; x_wconf 88' lang='lat' dir='ltr'><strong>aridum</strong></span> <span class='ocrx_word' id='word_1_180' title='bbox 765 2483 860 2550; x_wconf 89' lang='lat' dir='ltr'><strong>udum,</strong></span> <span class='ocrx_word' id='word_1_181' title='bbox 889 2500 919 2536; x_wconf 88' lang='lat' dir='ltr'><strong>ea</strong></span> <span class='ocrx_word' id='word_1_182' title='bbox 938 2483 1038 2536; x_wconf 86' lang='lat' dir='ltr'><strong>diverse</strong></span> <span class='ocrx_word' id='word_1_183' title='bbox 1062 2482 1206 2552; x_wconf 82' lang='lat' dir='ltr'><strong>composita</strong></span> <span class='ocrx_word' id='word_1_184' title='bbox 1225 2483 1277 2535; x_wconf 90' lang='lat' dir='ltr'><strong>sin-</strong></span> 
     </span>
     <span class='ocr_line' id='line_1_22' title="bbox 157 2571 1277 2640; baseline 0 -16"><span class='ocrx_word' id='word_1_185' title='bbox 157 2572 230 2640; x_wconf 81' lang='lat' dir='ltr'><strong>gulis</strong></span> <span class='ocrx_word' id='word_1_186' title='bbox 255 2571 392 2626; x_wconf 82' lang='lat' dir='ltr'><strong>elementis</strong></span> <span class='ocrx_word' id='word_1_187' title='bbox 414 2573 455 2625; x_wconf 89' lang='lat' dir='ltr'><strong>ita</strong></span> <span class='ocrx_word' id='word_1_188' title='bbox 473 2571 642 2626; x_wconf 82' lang='lat' dir='ltr'><strong>eontinentur</strong></span> <span class='ocrx_word' id='word_1_189' title='bbox 659 2575 692 2626; x_wconf 92' lang='lat' dir='ltr'><strong>ut</strong></span> <span class='ocrx_word' id='word_1_190' title='bbox 708 2572 778 2640; x_wconf 86' lang='lat' dir='ltr'><strong>ignis</strong></span> <span class='ocrx_word' id='word_1_191' title='bbox 803 2571 839 2624; x_wconf 87' lang='lat' dir='ltr'><strong>sit</strong></span> <span class='ocrx_word' id='word_1_192' title='bbox 862 2572 963 2624; x_wconf 82' lang='lat' dir='ltr'><strong>calidus</strong></span> <span class='ocrx_word' id='word_1_193' title='bbox 981 2574 1009 2624; x_wconf 88' lang='lat' dir='ltr'><strong>et</strong></span> <span class='ocrx_word' id='word_1_194' title='bbox 1027 2571 1129 2636; x_wconf 84' lang='lat' dir='ltr'><strong>aridus,</strong></span> <span class='ocrx_word' id='word_1_195' title='bbox 1155 2587 1199 2623; x_wconf 87' lang='lat' dir='ltr'><strong>aer</strong></span> <span class='ocrx_word' id='word_1_196' title='bbox 1217 2571 1277 2624; x_wconf 85' lang='lat' dir='ltr'><strong>eali-</strong></span> 
     </span>
     <span class='ocr_line' id='line_1_23' title="bbox 156 2657 1276 2730; baseline -0.003 -16"><span class='ocrx_word' id='word_1_197' title='bbox 156 2661 207 2714; x_wconf 86' lang='lat' dir='ltr'><strong>dus</strong></span> <span class='ocrx_word' id='word_1_198' title='bbox 235 2663 265 2714; x_wconf 88' lang='lat' dir='ltr'><strong>et</strong></span> <span class='ocrx_word' id='word_1_199' title='bbox 288 2659 372 2726; x_wconf 86' lang='lat' dir='ltr'><strong>udus,</strong></span> <span class='ocrx_word' id='word_1_200' title='bbox 396 2677 464 2730; x_wconf 83' lang='lat' dir='ltr'><strong>equa</strong></span> <span class='ocrx_word' id='word_1_201' title='bbox 488 2660 584 2728; x_wconf 81' lang='lat' dir='ltr'><strong>frigida</strong></span> <span class='ocrx_word' id='word_1_202' title='bbox 607 2663 636 2714; x_wconf 90' lang='lat' dir='ltr'><strong>et</strong></span> <span class='ocrx_word' id='word_1_203' title='bbox 655 2660 713 2726; x_wconf 89' lang='lat' dir='ltr'><strong>uda,</strong></span> <span class='ocrx_word' id='word_1_204' title='bbox 739 2663 811 2714; x_wconf 86' lang='lat' dir='ltr'><strong>terra</strong></span> <span class='ocrx_word' id='word_1_205' title='bbox 829 2660 924 2729; x_wconf 77' lang='lat' dir='ltr'><strong>frigida</strong></span> <span class='ocrx_word' id='word_1_206' title='bbox 942 2663 971 2713; x_wconf 83' lang='lat' dir='ltr'><strong>et</strong></span> <span class='ocrx_word' id='word_1_207' title='bbox 989 2659 1070 2714; x_wconf 83' lang='lat' dir='ltr'><strong>arida.</strong></span> <span class='ocrx_word' id='word_1_208' title='bbox 1107 2659 1146 2712; x_wconf 87' lang='lat' dir='ltr'><strong>De</strong></span> <span class='ocrx_word' id='word_1_209' title='bbox 1165 2657 1229 2712; x_wconf 83' lang='lat' dir='ltr'><strong>Gen.</strong></span> <span class='ocrx_word' id='word_1_210' title='bbox 1248 2661 1276 2711; x_wconf 87' lang='lat' dir='ltr'><strong>at</strong></span> 
     </span>
     <span class='ocr_line' id='line_1_24' title="bbox 157 2747 1276 2818; baseline -0.004 -14"><span class='ocrx_word' id='word_1_211' title='bbox 157 2749 230 2806; x_wconf 81' lang='lat' dir='ltr'><strong>Gerr.</strong></span> <span class='ocrx_word' id='word_1_212' title='bbox 249 2747 320 2803; x_wconf 79' lang='lat'>112,</span> <span class='ocrx_word' id='word_1_213' title='bbox 340 2750 364 2802; x_wconf 86' lang='lat'><strong>3.</strong></span> <span class='ocrx_word' id='word_1_214' title='bbox 400 2749 510 2815; x_wconf 82' lang='lat' dir='ltr'><strong>Deinde,</strong></span> <span class='ocrx_word' id='word_1_215' title='bbox 530 2749 600 2802; x_wconf 87' lang='lat' dir='ltr'><strong>sieut</strong></span> <span class='ocrx_word' id='word_1_216' title='bbox 618 2751 706 2802; x_wconf 88' lang='lat' dir='ltr'><strong>metus</strong></span> <span class='ocrx_word' id='word_1_217' title='bbox 725 2749 860 2802; x_wconf 76' lang='lat' dir='ltr'><strong>circularis</strong></span> <span class='ocrx_word' id='word_1_218' title='bbox 884 2749 999 2802; x_wconf 83' lang='lat' dir='ltr'><strong>aetheris</strong></span> <span class='ocrx_word' id='word_1_219' title='bbox 1017 2748 1138 2818; x_wconf 86' lang='lat' dir='ltr'><strong>proprius</strong></span> <span class='ocrx_word' id='word_1_220' title='bbox 1157 2749 1211 2812; x_wconf 89' lang='lat' dir='ltr'><strong>est,</strong></span> <span class='ocrx_word' id='word_1_221' title='bbox 1237 2747 1276 2800; x_wconf 88' lang='lat' dir='ltr'><strong>ita</strong></span> 
     </span>
     <span class='ocr_line' id='line_1_25' title="bbox 156 2835 1275 2908; baseline -0.003 -17"><span class='ocrx_word' id='word_1_222' title='bbox 156 2838 346 2892; x_wconf 86' lang='lat' dir='ltr'><strong>elementorum</strong></span> <span class='ocrx_word' id='word_1_223' title='bbox 364 2837 494 2904; x_wconf 82' lang='lat' dir='ltr'><strong>directus,</strong></span> <span class='ocrx_word' id='word_1_224' title='bbox 523 2838 568 2908; x_wconf 89' lang='lat' dir='ltr'><strong>qui</strong></span> <span class='ocrx_word' id='word_1_225' title='bbox 586 2837 745 2890; x_wconf 86' lang='lat' dir='ltr'><strong>naturaliter</strong></span> <span class='ocrx_word' id='word_1_226' title='bbox 769 2840 816 2890; x_wconf 86' lang='lat' dir='ltr'><strong>aut</strong></span> <span class='ocrx_word' id='word_1_227' title='bbox 842 2854 945 2890; x_wconf 89' lang='lat' dir='ltr'><strong>sursum</strong></span> <span class='ocrx_word' id='word_1_228' title='bbox 971 2837 1059 2890; x_wconf 87' lang='lat' dir='ltr'><strong>tendit</strong></span> <span class='ocrx_word' id='word_1_229' title='bbox 1082 2838 1129 2888; x_wconf 91' lang='lat' dir='ltr'><strong>aut</strong></span> <span class='ocrx_word' id='word_1_230' title='bbox 1148 2835 1275 2888; x_wconf 86' lang='lat' dir='ltr'><strong>deorsum.</strong></span> 
     </span>
     <span class='ocr_line' id='line_1_26' title="bbox 154 2924 1277 2995; baseline -0.004 -15"><span class='ocrx_word' id='word_1_231' title='bbox 154 2925 323 2980; x_wconf 83' lang='lat' dir='ltr'><strong>Elementum</strong></span> <span class='ocrx_word' id='word_1_232' title='bbox 347 2943 425 2993; x_wconf 85' lang='lat' dir='ltr'><strong>grave</strong></span> <span class='ocrx_word' id='word_1_233' title='bbox 444 2926 513 2995; x_wconf 82' lang='lat' dir='ltr'><strong>qued</strong></span> <span class='ocrx_word' id='word_1_234' title='bbox 538 2926 658 2978; x_wconf 87' lang='lat' dir='ltr'><strong>deorsum</strong></span> <span class='ocrx_word' id='word_1_235' title='bbox 682 2926 767 2978; x_wconf 88' lang='lat' dir='ltr'><strong>fertur</strong></span> <span class='ocrx_word' id='word_1_236' title='bbox 785 2929 827 2978; x_wconf 87' lang='lat' dir='ltr'><strong>est</strong></span> <span class='ocrx_word' id='word_1_237' title='bbox 845 2929 929 2991; x_wconf 85' lang='lat' dir='ltr'><strong>terra,</strong></span> <span class='ocrx_word' id='word_1_238' title='bbox 959 2925 1115 2978; x_wconf 89' lang='lat' dir='ltr'><strong>elementum</strong></span> <span class='ocrx_word' id='word_1_239' title='bbox 1134 2925 1189 2977; x_wconf 84' lang='lat' dir='ltr'><strong>leve</strong></span> <span class='ocrx_word' id='word_1_240' title='bbox 1208 2924 1277 2993; x_wconf 90' lang='lat' dir='ltr'><strong>quod</strong></span> 
     </span>
     <span class='ocr_line' id='line_1_27' title="bbox 157 3013 1277 3082; baseline -0.003 -14"><span class='ocrx_word' id='word_1_241' title='bbox 157 3031 263 3069; x_wconf 86' lang='lat' dir='ltr'><strong>sursum</strong></span> <span class='ocrx_word' id='word_1_242' title='bbox 280 3014 378 3067; x_wconf 88' lang='lat' dir='ltr'><strong>nititur</strong></span> <span class='ocrx_word' id='word_1_243' title='bbox 395 3014 473 3082; x_wconf 82' lang='lat' dir='ltr'><strong>ignis.</strong></span> <span class='ocrx_word' id='word_1_244' title='bbox 509 3015 649 3066; x_wconf 84' lang='lat' dir='ltr'><strong>Praeterea</strong></span> <span class='ocrx_word' id='word_1_245' title='bbox 672 3030 776 3067; x_wconf 85' lang='lat' dir='ltr'><strong>necesse</strong></span> <span class='ocrx_word' id='word_1_246' title='bbox 801 3015 843 3066; x_wconf 87' lang='lat' dir='ltr'><strong>est</strong></span> <span class='ocrx_word' id='word_1_247' title='bbox 860 3013 974 3066; x_wconf 87' lang='lat' dir='ltr'><strong>medium</strong></span> <span class='ocrx_word' id='word_1_248' title='bbox 993 3029 1063 3078; x_wconf 91' lang='lat' dir='ltr'><strong>esse,</strong></span> <span class='ocrx_word' id='word_1_249' title='bbox 1089 3013 1157 3082; x_wconf 88' lang='lat' dir='ltr'><strong>quud</strong></span> <span class='ocrx_word' id='word_1_250' title='bbox 1176 3016 1203 3065; x_wconf 90' lang='lat' dir='ltr'><strong>et</strong></span> <span class='ocrx_word' id='word_1_251' title='bbox 1222 3029 1277 3066; x_wconf 90' lang='lat' dir='ltr'><strong>sur·</strong></span> 
     </span>
     <span class='ocr_line' id='line_1_28' title="bbox 152 3101 1277 3175; baseline -0.004 -17"><span class='ocrx_word' id='word_1_252' title='bbox 152 3119 214 3158; x_wconf 85' lang='lat' dir='ltr'><strong>sum</strong></span> <span class='ocrx_word' id='word_1_253' title='bbox 234 3107 262 3156; x_wconf 88' lang='lat' dir='ltr'><strong>et</strong></span> <span class='ocrx_word' id='word_1_254' title='bbox 280 3102 401 3156; x_wconf 85' lang='lat' dir='ltr'><strong>deorsum</strong></span> <span class='ocrx_word' id='word_1_255' title='bbox 420 3103 534 3168; x_wconf 81' lang='lat' dir='ltr'><strong>feratur3</strong></span> <span class='ocrx_word' id='word_1_256' title='bbox 553 3102 581 3155; x_wconf 91' lang='lat' dir='ltr'><strong>id</strong></span> <span class='ocrx_word' id='word_1_257' title='bbox 600 3103 701 3155; x_wconf 89' lang='lat' dir='ltr'><strong>duobus</strong></span> <span class='ocrx_word' id='word_1_258' title='bbox 717 3103 824 3175; x_wconf 87' lang='lat' dir='ltr'><strong>reliquis</strong></span> <span class='ocrx_word' id='word_1_259' title='bbox 838 3101 978 3154; x_wconf 64' lang='lat' dir='ltr'><strong>‘elementis</strong></span> <span class='ocrx_word' id='word_1_260' title='bbox 997 3101 1153 3167; x_wconf 81' lang='lat' dir='ltr'><strong>continetur,</strong></span> <span class='ocrx_word' id='word_1_261' title='bbox 1173 3117 1231 3154; x_wconf 82' lang='lat' dir='ltr'><strong>aare</strong></span> <span class='ocrx_word' id='word_1_262' title='bbox 1249 3105 1277 3154; x_wconf 92' lang='lat' dir='ltr'><strong>et</strong></span> 
     </span>
     <span class='ocr_line' id='line_1_29' title="bbox 155 3189 1278 3262; baseline -0.004 -16"><span class='ocrx_word' id='word_1_263' title='bbox 155 3209 233 3262; x_wconf 88' lang='lat' dir='ltr'><strong>aqua.</strong></span> <span class='ocrx_word' id='word_1_264' title='bbox 270 3192 310 3244; x_wconf 91' lang='lat' dir='ltr'><strong>De</strong></span> <span class='ocrx_word' id='word_1_265' title='bbox 329 3189 406 3246; x_wconf 82' lang='lat' dir='ltr'><strong>Caelo</strong></span> <span class='ocrx_word' id='word_1_266' title='bbox 424 3191 462 3244; x_wconf 89' lang='lat' dir='ltr'><strong>IV</strong></span> <span class='ocrx_word' id='word_1_267' title='bbox 480 3191 505 3244; x_wconf 81' lang='lat'><strong>4.</strong></span> <span class='ocrx_word' id='word_1_268' title='bbox 524 3190 550 3244; x_wconf 83' lang='lat'><strong>5.</strong></span> <span class='ocrx_word' id='word_1_269' title='bbox 577 3220 611 3228; x_wconf 98' lang='lat'><strong>—</strong></span> <span class='ocrx_word' id='word_1_270' title='bbox 638 3190 711 3244; x_wconf 87' lang='lat' dir='ltr'><strong>Haee</strong></span> <span class='ocrx_word' id='word_1_271' title='bbox 733 3191 861 3244; x_wconf 88' lang='lat' dir='ltr'><strong>elementa</strong></span> <span class='ocrx_word' id='word_1_272' title='bbox 878 3189 906 3242; x_wconf 91' lang='lat' dir='ltr'><strong>in</strong></span> <span class='ocrx_word' id='word_1_273' title='bbox 925 3206 953 3242; x_wconf 86' lang='lat' dir='ltr'><strong>se</strong></span> <span class='ocrx_word' id='word_1_274' title='bbox 971 3189 1080 3242; x_wconf 80' lang='lat' dir='ltr'><strong>invicem</strong></span> <span class='ocrx_word' id='word_1_275' title='bbox 1099 3192 1278 3242; x_wconf 81' lang='lat' dir='ltr'><strong>transmuten-</strong></span> 
     </span>
     <span class='ocr_line' id='line_1_30' title="bbox 156 3276 1277 3350; baseline -0.004 -16"><span class='ocrx_word' id='word_1_276' title='bbox 156 3284 216 3346; x_wconf 85' lang='lat' dir='ltr'><strong>tur,</strong></span> <span class='ocrx_word' id='word_1_277' title='bbox 242 3279 305 3350; x_wconf 87' lang='lat' dir='ltr'><strong>quia</strong></span> <span class='ocrx_word' id='word_1_278' title='bbox 328 3281 356 3332; x_wconf 86' lang='lat' dir='ltr'><strong>et</strong></span> <span class='ocrx_word' id='word_1_279' title='bbox 380 3280 489 3346; x_wconf 87' lang='lat' dir='ltr'><strong>agentes</strong></span> <span class='ocrx_word' id='word_1_280' title='bbox 512 3282 576 3332; x_wconf 90' lang='lat' dir='ltr'><strong>sunt</strong></span> <span class='ocrx_word' id='word_1_281' title='bbox 594 3281 622 3332; x_wconf 90' lang='lat' dir='ltr'><strong>et</strong></span> <span class='ocrx_word' id='word_1_282' title='bbox 639 3279 785 3349; x_wconf 85' lang='lat' dir='ltr'><strong>patientes,</strong></span> <span class='ocrx_word' id='word_1_283' title='bbox 812 3279 851 3330; x_wconf 90' lang='lat' dir='ltr'><strong>De</strong></span> <span class='ocrx_word' id='word_1_284' title='bbox 870 3277 946 3332; x_wconf 84' lang='lat' dir='ltr'><strong>Caelo</strong></span> <span class='ocrx_word' id='word_1_285' title='bbox 964 3277 1004 3330; x_wconf 91' lang='grc' dir='ltr'><strong>ΠΙ</strong></span> <span class='ocrx_word' id='word_1_286' title='bbox 1024 3278 1048 3332; x_wconf 90' lang='grc'><strong>6.</strong></span> <span class='ocrx_word' id='word_1_287' title='bbox 1086 3276 1155 3341; x_wconf 82' lang='lat' dir='ltr'><strong>Quid</strong></span> <span class='ocrx_word' id='word_1_288' title='bbox 1173 3277 1210 3330; x_wconf 87' lang='lat' dir='ltr'><strong>sit</strong></span> <span class='ocrx_word' id='word_1_289' title='bbox 1228 3276 1277 3329; x_wconf 88' lang='lat' dir='ltr'><strong>ele-</strong></span> 
     </span>
     <span class='ocr_line' id='line_1_31' title="bbox 156 3365 1277 3437; baseline -0.006 -14"><span class='ocrx_word' id='word_1_290' title='bbox 156 3371 277 3423; x_wconf 85' lang='lat' dir='ltr'><strong>mentum</strong></span> <span class='ocrx_word' id='word_1_291' title='bbox 302 3367 389 3437; x_wconf 77' lang='lat' dir='ltr'><strong>aperit</strong></span> <span class='ocrx_word' id='word_1_292' title='bbox 411 3367 447 3420; x_wconf 89' lang='lat' dir='ltr'><strong>ib.</strong></span> <span class='ocrx_word' id='word_1_293' title='bbox 467 3368 492 3420; x_wconf 88' lang='lat'><strong>3.</strong></span> <span class='ocrx_word' id='word_1_294' title='bbox 511 3367 584 3420; x_wconf 64' lang='lat'><strong>302³</strong></span> <span class='ocrx_word' id='word_1_295' title='bbox 603 3366 637 3420; x_wconf 86' lang='lat'><strong>15</strong></span> <span class='ocrx_word' id='word_1_296' title='bbox 657 3368 726 3421; x_wconf 77' lang='grc' dir='ltr'><em>ἔστω</em></span> <span class='ocrx_word' id='word_1_297' title='bbox 744 3367 779 3432; x_wconf 76' lang='grc' dir='ltr'><strong>δὴ</strong></span> <span class='ocrx_word' id='word_1_298' title='bbox 799 3373 937 3436; x_wconf 82' lang='grc' dir='ltr'><strong><em>στοιχεῖον</em></strong></span> <span class='ocrx_word' id='word_1_299' title='bbox 956 3376 1010 3418; x_wconf 82' lang='grc' dir='ltr'><strong>τῶν</strong></span> <span class='ocrx_word' id='word_1_300' title='bbox 1029 3369 1178 3437; x_wconf 86' lang='grc' dir='ltr'><strong><em>σωμάτων,</em></strong></span> <span class='ocrx_word' id='word_1_301' title='bbox 1205 3365 1277 3424; x_wconf 62' lang='lat' dir='ltr'><strong>sirii</strong></span> 
     </span>
     <span class='ocr_line' id='line_1_32' title="bbox 157 3455 1277 3527; baseline -0.005 -15"><span class='ocrx_word' id='word_1_302' title='bbox 157 3459 243 3512; x_wconf 77' lang='grc' dir='ltr'><em>τᾶλλα</em></span> <span class='ocrx_word' id='word_1_303' title='bbox 268 3458 385 3525; x_wconf 79' lang='grc' dir='ltr'><strong><em>σώματα</em></strong></span> <span class='ocrx_word' id='word_1_304' title='bbox 411 3456 574 3527; x_wconf 71' lang='grc' dir='ltr'><strong>διαιρεῖται,</strong></span> <span class='ocrx_word' id='word_1_305' title='bbox 605 3458 762 3526; x_wconf 77' lang='grc' dir='ltr'><strong><em>ἐνυπάρχον</em></strong></span> <span class='ocrx_word' id='word_1_306' title='bbox 781 3455 899 3526; x_wconf 71' lang='grc' dir='ltr'><strong>δυνάμει</strong></span> <span class='ocrx_word' id='word_1_307' title='bbox 919 3458 934 3519; x_wconf 75' lang='grc' dir='ltr'>ἢ</span> <span class='ocrx_word' id='word_1_308' title='bbox 952 3457 1085 3524; x_wconf 74' lang='grc' dir='ltr'><strong><em>ἐνεργείᾳ·</em></strong></span> <span class='ocrx_word' id='word_1_309' title='bbox 1123 3463 1204 3506; x_wconf 84' lang='grc' dir='ltr'><strong><em>τοῦτο</em></strong></span> <span class='ocrx_word' id='word_1_310' title='bbox 1223 3455 1277 3525; x_wconf 79' lang='grc' dir='ltr'><strong>γάρ</strong></span> 
     </span>
     <span class='ocr_line' id='line_1_33' title="bbox 157 3539 1277 3620; baseline -0.005 -20"><span class='ocrx_word' id='word_1_311' title='bbox 157 3551 280 3620; x_wconf 76' lang='grc' dir='ltr'><strong><em>ποτέρως</em></strong></span> <span class='ocrx_word' id='word_1_312' title='bbox 305 3545 345 3598; x_wconf 78' lang='grc' dir='ltr'><strong>ἔτι</strong></span> <span class='ocrx_word' id='word_1_313' title='bbox 370 3546 629 3616; x_wconf 81' lang='grc' dir='ltr'><strong>ἀμφισβητήσιμον·</strong></span> <span class='ocrx_word' id='word_1_314' title='bbox 667 3546 736 3596; x_wconf 80' lang='grc' dir='ltr'><em>αὐτὸ</em></span> <span class='ocrx_word' id='word_1_315' title='bbox 760 3539 788 3596; x_wconf 78' lang='lat' dir='ltr'><strong>‹i’</strong></span> <span class='ocrx_word' id='word_1_316' title='bbox 806 3545 882 3596; x_wconf 73' lang='grc' dir='ltr'><strong><em>ἐστὶν</em></strong></span> <span class='ocrx_word' id='word_1_317' title='bbox 907 3542 1065 3612; x_wconf 65' lang='grc' dir='ltr'><strong><em>ἀδιαίρετον</em></strong></span> <span class='ocrx_word' id='word_1_318' title='bbox 1087 3547 1125 3602; x_wconf 74' lang='grc' dir='ltr'><strong>είς</strong></span> <span class='ocrx_word' id='word_1_319' title='bbox 1144 3542 1221 3614; x_wconf 75' lang='grc' dir='ltr'><strong><em>ἕτερα</em></strong></span> <span class='ocrx_word' id='word_1_320' title='bbox 1240 3547 1277 3611; x_wconf 79' lang='grc' dir='ltr'><strong>τῷ</strong></span> 
     </span>
     <span class='ocr_line' id='line_1_34' title="bbox 156 3632 1279 3705; baseline -0.006 -15"><span class='ocrx_word' id='word_1_321' title='bbox 156 3637 238 3690; x_wconf 70' lang='lat' dir='ltr'><strong>sture·</strong></span> <span class='ocrx_word' id='word_1_322' title='bbox 278 3643 404 3686; x_wconf 83' lang='grc' dir='ltr'><strong>τοιοῦτον</strong></span> <span class='ocrx_word' id='word_1_323' title='bbox 428 3635 483 3705; x_wconf 89' lang='grc' dir='ltr'><strong>γάρ</strong></span> <span class='ocrx_word' id='word_1_324' title='bbox 506 3652 533 3686; x_wconf 84' lang='grc' dir='ltr'><strong>τι</strong></span> <span class='ocrx_word' id='word_1_325' title='bbox 558 3635 589 3684; x_wconf 85' lang='grc' dir='ltr'><strong>τὸ</strong></span> <span class='ocrx_word' id='word_1_326' title='bbox 608 3638 745 3702; x_wconf 82' lang='grc' dir='ltr'><strong><em>στοιχεῖον</em></strong></span> <span class='ocrx_word' id='word_1_327' title='bbox 764 3633 884 3690; x_wconf 78' lang='grc' dir='ltr'><strong><em>ἅπαντες</em></strong></span> <span class='ocrx_word' id='word_1_328' title='bbox 909 3635 956 3684; x_wconf 85' lang='grc' dir='ltr'><strong>καὶ</strong></span> <span class='ocrx_word' id='word_1_329' title='bbox 975 3633 1004 3683; x_wconf 76' lang='grc' dir='ltr'><strong>ἐν</strong></span> <span class='ocrx_word' id='word_1_330' title='bbox 1023 3632 1114 3684; x_wconf 80' lang='grc' dir='ltr'><strong><em>άπασι</em></strong></span> <span class='ocrx_word' id='word_1_331' title='bbox 1132 3634 1279 3698; x_wconf 79' lang='grc' dir='ltr'><strong>βούλονται</strong></span> 
     </span>
     <span class='ocr_line' id='line_1_35' title="bbox 156 3719 1277 3793; baseline -0.004 -16"><span class='ocrx_word' id='word_1_332' title='bbox 156 3728 253 3793; x_wconf 84' lang='grc' dir='ltr'><strong>λέγειν.</strong></span> <span class='ocrx_word' id='word_1_333' title='bbox 283 3751 318 3760; x_wconf 92' lang='grc'>-</span> <span class='ocrx_word' id='word_1_334' title='bbox 346 3719 474 3774; x_wconf 84' lang='lat' dir='ltr'><strong>Omnibus</strong></span> <span class='ocrx_word' id='word_1_335' title='bbox 485 3775 488 3780; x_wconf 72' lang='grc'>,</span> <span class='ocrx_word' id='word_1_336' title='bbox 499 3719 635 3772; x_wconf 84' lang='lat' dir='ltr'><strong>elementis</strong></span> <span class='ocrx_word' id='word_1_337' title='bbox 660 3735 794 3772; x_wconf 85' lang='lat' dir='ltr'><strong>commuue</strong></span> <span class='ocrx_word' id='word_1_338' title='bbox 813 3722 855 3772; x_wconf 85' lang='lat' dir='ltr'><strong>est</strong></span> <span class='ocrx_word' id='word_1_339' title='bbox 874 3721 905 3772; x_wconf 90' lang='lat' dir='ltr'><strong>ut</strong></span> <span class='ocrx_word' id='word_1_340' title='bbox 924 3719 979 3772; x_wconf 92' lang='lat' dir='ltr'><strong>sint</strong></span> <span class='ocrx_word' id='word_1_341' title='bbox 997 3719 1122 3782; x_wconf 82' lang='lat' dir='ltr'><strong>materia,</strong></span> <span class='ocrx_word' id='word_1_342' title='bbox 1142 3735 1208 3787; x_wconf 87' lang='lat' dir='ltr'><strong>quae</strong></span> <span class='ocrx_word' id='word_1_343' title='bbox 1226 3735 1277 3772; x_wconf 92' lang='lat' dir='ltr'><strong>non</strong></span> 
     </span>
     <span class='ocr_line' id='line_1_36' title="bbox 156 3805 1276 3878; baseline -0.004 -14"><span class='ocrx_word' id='word_1_344' title='bbox 156 3810 265 3865; x_wconf 86' lang='lat' dir='ltr'><strong>exsistit</strong></span> <span class='ocrx_word' id='word_1_345' title='bbox 291 3809 344 3862; x_wconf 91' lang='lat' dir='ltr'><strong>nisi</strong></span> <span class='ocrx_word' id='word_1_346' title='bbox 370 3808 490 3878; x_wconf 82' lang='lat' dir='ltr'><strong>potentia</strong></span> <span class='ocrx_word' id='word_1_347' title='bbox 513 3812 541 3860; x_wconf 85' lang='lat' dir='ltr'><strong>et</strong></span> <span class='ocrx_word' id='word_1_348' title='bbox 566 3807 692 3877; x_wconf 87' lang='lat' dir='ltr'><strong>oppositis</strong></span> <span class='ocrx_word' id='word_1_349' title='bbox 711 3807 901 3877; x_wconf 85' lang='lat' dir='ltr'><strong>qualitatibus,</strong></span> <span class='ocrx_word' id='word_1_350' title='bbox 928 3807 968 3859; x_wconf 88' lang='lat' dir='ltr'><strong>De</strong></span> <span class='ocrx_word' id='word_1_351' title='bbox 988 3805 1051 3860; x_wconf 89' lang='lat' dir='ltr'><strong>Gen.</strong></span> <span class='ocrx_word' id='word_1_352' title='bbox 1071 3809 1099 3858; x_wconf 90' lang='lat' dir='ltr'><strong>et</strong></span> <span class='ocrx_word' id='word_1_353' title='bbox 1117 3805 1188 3860; x_wconf 84' lang='lat' dir='ltr'><strong>Gerr.</strong></span> <span class='ocrx_word' id='word_1_354' title='bbox 1207 3807 1234 3858; x_wconf 88' lang='lat' dir='ltr'><strong>II</strong></span> <span class='ocrx_word' id='word_1_355' title='bbox 1253 3808 1276 3860; x_wconf 90' lang='lat'><strong>1.</strong></span> 
     </span>
     <span class='ocr_line' id='line_1_37' title="bbox 156 3899 292 3952; baseline -0.015 0"><span class='ocrx_word' id='word_1_356' title='bbox 156 3899 230 3952; x_wconf 70' lang='lat'>329⁸</span> <span class='ocrx_word' id='word_1_357' title='bbox 248 3899 292 3951; x_wconf 82' lang='lat'><strong>24.</strong></span> 
     </span>
    </p>
   </div>
   <div class='ocr_carea' id='block_1_6' title="bbox 66 4015 1280 4266">
    <p class='ocr_par' dir='ltr' id='par_1_8' title="bbox 66 4015 1280 4266">
     <span class='ocr_line' id='line_1_38' title="bbox 230 4015 1280 4100; baseline -0.007 -26"><span class='ocrx_word' id='word_1_358' title='bbox 230 4035 258 4075; x_wconf 91' lang='lat' dir='ltr'><strong>e.</strong></span> <span class='ocrx_word' id='word_1_359' title='bbox 269 4021 311 4074; x_wconf 84' lang='lat' dir='ltr'><strong>Ad</strong></span> <span class='ocrx_word' id='word_1_360' title='bbox 319 4025 401 4088; x_wconf 81' lang='grc' dir='ltr'><strong>άλλην</strong></span> <span class='ocrx_word' id='word_1_361' title='bbox 410 4023 502 4094; x_wconf 86' lang='grc' dir='ltr'><strong><em>φορὰν</em></strong></span> <span class='ocrx_word' id='word_1_362' title='bbox 511 4037 542 4074; x_wconf 86' lang='lat' dir='ltr'><strong>ex</strong></span> <span class='ocrx_word' id='word_1_363' title='bbox 553 4020 723 4090; x_wconf 85' lang='lat' dir='ltr'><strong>sequentibus</strong></span> <span class='ocrx_word' id='word_1_364' title='bbox 731 4019 927 4090; x_wconf 72' lang='lat' dir='ltr'><strong>supplendumii</strong></span> <span class='ocrx_word' id='word_1_365' title='bbox 938 4021 986 4085; x_wconf 82' lang='grc' dir='ltr'><strong>τὴν</strong></span> <span class='ocrx_word' id='word_1_366' title='bbox 995 4028 1046 4072; x_wconf 78' lang='grc' dir='ltr'><strong>τοῦ</strong></span> <span class='ocrx_word' id='word_1_367' title='bbox 1055 4019 1127 4070; x_wconf 84' lang='grc' dir='ltr'><strong><em>ὅλου.</em></strong></span> <span class='ocrx_word' id='word_1_368' title='bbox 1136 4045 1169 4054; x_wconf 87' lang='lat'>-</span> <span class='ocrx_word' id='word_1_369' title='bbox 1176 4015 1280 4100; x_wconf 82' lang='lat' dir='ltr'><strong>Statuit</strong></span> 
     </span>
     <span class='ocr_line' id='line_1_39' title="bbox 66 4105 1279 4190; baseline -0.006 -25"><span class='ocrx_word' id='word_1_370' title='bbox 66 4181 70 4190; x_wconf 29' lang='grc'>1</span> <span class='ocrx_word' id='word_1_371' title='bbox 158 4111 228 4164; x_wconf 90' lang='lat' dir='ltr'><strong>enim</strong></span> <span class='ocrx_word' id='word_1_372' title='bbox 238 4109 396 4162; x_wconf 84' lang='lat' dir='ltr'><strong>Aristoteles</strong></span> <span class='ocrx_word' id='word_1_373' title='bbox 408 4108 556 4162; x_wconf 85' lang='lat' dir='ltr'><strong>inferiorem</strong></span> <span class='ocrx_word' id='word_1_374' title='bbox 575 4109 666 4162; x_wconf 87' lang='lat' dir='ltr'><strong>mundi</strong></span> <span class='ocrx_word' id='word_1_375' title='bbox 680 4109 817 4178; x_wconf 85' lang='lat' dir='ltr'><strong>sphaeram</strong></span> <span class='ocrx_word' id='word_1_376' title='bbox 831 4107 943 4178; x_wconf 86' lang='lat' dir='ltr'><strong>pendere</strong></span> <span class='ocrx_word' id='word_1_377' title='bbox 960 4105 1118 4176; x_wconf 86' lang='lat' dir='ltr'><strong>asuperiore</strong></span> <span class='ocrx_word' id='word_1_378' title='bbox 1132 4107 1160 4156; x_wconf 88' lang='lat' dir='ltr'><strong>et</strong></span> <span class='ocrx_word' id='word_1_379' title='bbox 1171 4121 1222 4173; x_wconf 89' lang='lat' dir='ltr'><strong>quo</strong></span> <span class='ocrx_word' id='word_1_380' title='bbox 1240 4121 1279 4158; x_wconf 84' lang='lat' dir='ltr'><strong>ra-</strong></span> 
     </span>
     <span class='ocr_line' id='line_1_40' title="bbox 158 4192 1279 4266; baseline -0.004 -14"><span class='ocrx_word' id='word_1_381' title='bbox 158 4197 255 4252; x_wconf 84' lang='lat' dir='ltr'><strong>motior</strong></span> <span class='ocrx_word' id='word_1_382' title='bbox 275 4197 312 4249; x_wconf 87' lang='lat' dir='ltr'><strong>sit</strong></span> <span class='ocrx_word' id='word_1_383' title='bbox 330 4213 346 4248; x_wconf 89' lang='lat' dir='ltr'><strong>a</strong></span> <span class='ocrx_word' id='word_1_384' title='bbox 363 4196 447 4266; x_wconf 90' lang='lat' dir='ltr'><strong>primo</strong></span> <span class='ocrx_word' id='word_1_385' title='bbox 465 4199 566 4248; x_wconf 86' lang='lat' dir='ltr'><strong>metere</strong></span> <span class='ocrx_word' id='word_1_386' title='bbox 585 4213 614 4250; x_wconf 88' lang='lat' dir='ltr'><strong>eo</strong></span> <span class='ocrx_word' id='word_1_387' title='bbox 632 4196 719 4250; x_wconf 88' lang='lat' dir='ltr'><strong>minus</strong></span> <span class='ocrx_word' id='word_1_388' title='bbox 733 4195 874 4266; x_wconf 78' lang='lat' dir='ltr'><strong>perfectam</strong></span> <span class='ocrx_word' id='word_1_389' title='bbox 889 4213 960 4250; x_wconf 85' lang='lat' dir='ltr'><strong>esse:</strong></span> <span class='ocrx_word' id='word_1_390' title='bbox 979 4197 1068 4264; x_wconf 87' lang='lat' dir='ltr'><strong>itaque</strong></span> <span class='ocrx_word' id='word_1_391' title='bbox 1087 4192 1132 4262; x_wconf 83' lang='lat' dir='ltr'><strong>qui</strong></span> <span class='ocrx_word' id='word_1_392' title='bbox 1151 4193 1279 4262; x_wconf 85' lang='lat' dir='ltr'><strong>reperian-</strong></span> 
     </span>
    </p>
   </div>
   <div class='ocr_carea' id='block_1_7' title="bbox 233 4424 833 4495">
    <p class='ocr_par' dir='ltr' id='par_1_9' title="bbox 233 4424 833 4495">
     <span class='ocr_line' id='line_1_41' title="bbox 233 4424 833 4495; baseline -0.007 -15"><span class='ocrx_word' id='word_1_393' title='bbox 233 4427 261 4492; x_wconf 89' lang='lat'><strong>1)</strong></span> <span class='ocrx_word' id='word_1_394' title='bbox 279 4429 339 4482; x_wconf 72' lang='lat' dir='ltr'><strong>iuri</strong></span> <span class='ocrx_word' id='word_1_395' title='bbox 358 4425 428 4492; x_wconf 90' lang='lat' dir='ltr'><strong>libri,</strong></span> <span class='ocrx_word' id='word_1_396' title='bbox 447 4425 577 4495; x_wconf 86' lang='lat' dir='ltr'><strong>Simplie.:</strong></span> <span class='ocrx_word' id='word_1_397' title='bbox 596 4432 634 4486; x_wconf 78' lang='grc' dir='ltr'><strong>εἴς</strong></span> <span class='ocrx_word' id='word_1_398' title='bbox 652 4446 679 4478; x_wconf 77' lang='grc' dir='ltr'><strong>τι</strong></span> <span class='ocrx_word' id='word_1_399' title='bbox 696 4427 713 4492; x_wconf 81' lang='grc' dir='ltr'><strong><em>ἡ</em></strong></span> <span class='ocrx_word' id='word_1_400' title='bbox 730 4424 833 4478; x_wconf 86' lang='lat' dir='ltr'><strong>Prautl.</strong></span> 
     </span>
    </p>
   </div>
   <div class='ocr_carea' id='block_1_8' title="bbox 1299 2316 1409 2358">
    <p class='ocr_par' dir='ltr' id='par_1_10' title="bbox 1299 2316 1409 2358">
     <span class='ocr_line' id='line_1_42' title="bbox 1299 2316 1409 2358; baseline -0.009 -1"><span class='ocrx_word' id='word_1_401' title='bbox 1299 2316 1409 2358; x_wconf 80' lang='lat' dir='ltr'><strong>elementa</strong></span> 
     </span>
    </p>
   </div>
   <div class='ocr_carea' id='block_1_9' title="bbox 0 0 1587 4988">
    <p class='ocr_par' dir='ltr' id='par_1_11' title="bbox 0 0 1587 4988">
     <span class='ocr_line' id='line_1_43' title="bbox 0 0 1587 4988; baseline 0 0"><span class='ocrx_word' id='word_1_402' title='bbox 0 0 1587 4988; x_wconf 95' lang='lat' dir='ltr'><strong> </strong></span> 
     </span>
    </p>
   </div>
  </div>
 </body>
</html>
