3156 4988
600 311 689 366 Piime
705 311 877 382 philosophia.
1242 305 1296 370 321

216 453 222 463 ’
249 470 280 525 b.
300 469 464 542 Explicatius
482 470 561 539 Phys.
580 469 645 524 VIII
664 471 689 526 6.
708 469 780 525 2591)
802 473 816 524 l
841 475 948 544 ὁρῶμεν
965 471 998 525 ἀὲ
1016 475 1062 525 καλ
1087 481 1210 544 φανερῶς
1228 475 1296 525 όντα

179 560 331 614 τοιαῦταά
354 566 425 615 κινεῖ
450 561 520 614 αὐτά
544 559 642 626 ἑαυτό,
672 554 732 614 οἷον
749 562 782 614 τὸ
800 570 854 614 τῶν
872 562 1008 633 ἐμψύχων
1031 565 1078 614 καλ
1102 563 1134 614 τὸ
1152 570 1206 614 τῶν
1224 556 1297 629 ζῴων

179 653 264 718 γένος.
302 658 390 703 ταῦτα
414 648 449 716 δὴ
474 653 521 703 καὶ
544 648 631 710 ύόξαν
650 655 764 722 παρεῖχε
788 650 828 720 μή
846 644 911 702 ποτ’
933 647 1074 719 ἐνδέχεται
1096 653 1203 716 κίνησιν
1220 649 1296 718 ἐγγί-

178 745 297 808 γνεσθαι
314 739 354 811 μὴ
373 733 461 791 οὖσαν
478 739 553 801 ὅλως,
573 737 622 790 ύιά
641 739 672 790 τό
691 739 721 791 ἐν
734 740 842 798 τούτοις
860 739 927 812 όράν
939 739 1012 804 ἡμᾶς
1025 746 1107 791 τοῦτο
1126 743 1294 810 συμβαῖνον·

179 828 294 894 ἀκίνητα
312 830 366 898 γάρ
385 845 452 880 ποτε
471 829 538 880 ὄντα
557 831 672 880 κινεῖται
691 829 784 892 πόλιν,
803 828 838 887 ὡς
855 827 939 879 δοκεῖ.
976 835 1059 880 τοῦτο
1070 826 1114 892 ’ἀὴ
1132 826 1178 880 ἀεῖ
1194 829 1295 894 λαβεῖν,

179 914 222 968 ὅτι
239 920 311 986 μίαν
328 920 435 982 κίνησιν
454 916 524 968 αὐτά
541 920 612 968 κινεῖ
627 915 688 980 (τήν
701 915 771 967 κατὰ
786 913 884 980 τόπον)
901 917 948 968 καλ
966 913 1010 968 ὅτι
1028 916 1131 982 ταύτην
1149 916 1183 968 ού
1200 919 1297 986 κυρίως

178 1003 237 1070 (τῆς
254 1005 362 1075 πρώτης
380 1005 465 1076 ἀρχῆς
483 1004 585 1064 ἔξωθεν
603 1003 703 1070 οὔσης).

252 1139 280 1181 (ι.
294 1121 343 1180 ‘'Ev
360 1130 524 1200 κινούμενον
541 1129 584 1180 est
601 1126 715 1193 eaelum,
739 1125 931 1180 of.1oP325b.
967 1125 1032 1180 Met.
1051 1125 1104 1180 XII
1121 1128 1146 1180 6.
1165 1127 1255 1181 1072*ι
1278 1125 1295 1181 9

179 1218 204 1268 εί
222 1215 258 1281 δή
276 1217 308 1268 τὸ
327 1217 394 1270 αὐτὸ
414 1218 457 1270 ἀεὶ
475 1216 604 1287 περιόδῳ,
623 1216 669 1270 δεῖ
686 1235 713 1268 τι
732 1216 775 1268 ἀεὶ
792 1218 887 1286 μένειν
904 1217 1034 1276 ὡσαύτως
1051 1215 1187 1288 ἐνεργοῦν.
1225 1220 1250 1269 εἰ
1262 1215 1296 1272 δὲ

178 1307 274 1375 μέλλει
291 1308 399 1374 γένεσις
416 1307 463 1357 καὶ
482 1306 577 1376 (pelopis
596 1304 677 1370 εἶναι,
703 1307 769 1356 ἀλλο
787 1305 833 1357 ἀεῖ
849 1303 920 1357 εἶναι
938 1305 981 1357 ἀεὶ
999 1305 1128 1376 ἐνεργοῦν
1146 1308 1232 1366 ίίλλως
1250 1309 1297 1359 καὶ

180 1395 273 1453 ἀλλως.
310 1395 416 1462 ἀνόγκη
444 1397 497 1466 ἀρα
522 1393 574 1446 tol
600 1394 654 1464 μέν
680 1389 748 1446 καθ’
767 1393 836 1445 αὐτὸ
854 1394 979 1465 ἐνεργεῖν,
1008 1393 1060 1446 oholi
1080 1393 1111 1446 ύέ
1131 1390 1195 1446 κατ’
1217 1396 1295 1446 ἀλλο·

178 1483 239 1545 ήτοι
258 1483 311 1552 ἀρα
329 1477 396 1534 καθ’
414 1481 507 1554 ἕτερον
524 1484 540 1546 ή
557 1483 628 1534 κατὰ
647 1483 679 1534 τὸ
697 1491 811 1554 πρῶτον.
849 1481 1004 1550 ἀνάγκηδὴ
1021 1483 1092 1534 κατά
1111 1491 1203 1535 τοῦτο·
1241 1485 1296 1535 πύ-

179 1571 224 1621 λιν
250 1571 304 1642 γὰρ
331 1571 418 1623 ἐκεῖνο
445 1572 519 1639 αύτῷ
546 1589 575 1624 τε
603 1575 694 1622 αἴτιον
716 1571 837 1638 κάκείνῳ.
876 1571 974 1623 οὐκοῦν
991 1573 1099 1638 βέλτιον
1123 1571 1295 1642 τὸπρῶτον·

178 1659 298 1730 καὶγὰρ
317 1661 406 1711 αἴτιον
424 1657 458 1724 ήν
475 1660 562 1712 ἐκεῖνο
580 1668 630 1711 τοῦ
647 1660 690 1712 ἀεὶ
709 1660 851 1722 ὡσαύτως,
879 1667 930 1711 τοῦ
948 1655 978 1711 (λ’
1001 1661 1087 1720 ίίλλως
1105 1657 1209 1731 ἕτερον·
1247 1667 1298 1711 τοῦ

179 1741 208 1798 (λ’
231 1747 271 1799 ἀελ
293 1749 379 1806 ἀλλως
397 1749 484 1816 ἀμφω
502 1745 636 1812 ύηλονότι.
666 1747 766 1799 οὐκοῦν
786 1747 870 1807 οὕτως
886 1749 934 1800 καὶ
948 1747 1061 1816 ἔχουσιν
1080 1749 1111 1800 αἱ
1127 1749 1251 1814 κινήσεις.
1262 1776 1296 1786 -

178 1831 219 1886 De
238 1831 302 1888 Gen.
322 1836 357 1887 et.
376 1832 448 1888 Corr.
466 1833 494 1886 H
512 1835 554 1888 10.
572 1835 645 1888 336ὃ
663 1835 698 1887 29
716 1835 761 1888 ύεῑ
779 1835 810 1888 (ll
829 1838 940 1895 πλείους
959 1835 1029 1888 εἶναι
1047 1835 1097 1896 τὰς
1113 1838 1231 1902 κινήσεις
1250 1839 1297 1888 καὶ

179 1923 306 1982 ἐναντίας
332 1927 348 1988 ή
375 1926 408 1995 τῇ
435 1925 510 1994 φορᾷ
537 1926 553 1989 ἢ
575 1927 608 1996 τῇ
633 1924 790 1995 ἀνωμαλία
836 1933 891 1976 των
923 1925 977 1993 γάρ
1000 1923 1132 1976 ἐναντίων
1162 1925 1296 1978 τάναντία

180 2015 263 2064 αἴτια.
300 2011 347 2064 διὸ
371 2015 418 2065 καὶ
444 2014 495 2081 οὐχ
522 2014 538 2078 ή
566 2013 658 2082 πρώτη
687 2013 761 2086 φορὰ
780 2014 856 2064 αἰτία
881 2013 941 2066 ἐστὶ
960 2015 1090 2080 γενέσεως
1113 2015 1161 2066 καλ
1179 2019 1296 2084 φθορᾶς,

89 2131 95 2144 ·
179 2096 275 2166 ἀλλ’ή
298 2102 368 2154 κατὰ
398 2103 446 2154 τὸν
470 2103 550 2162 λοξὸν
571 2103 678 2153 κύκλον.
704 2128 738 2137 -
766 2109 813 2167 τῆς
829 2100 883 2172 μὲν
902 2095 951 2153 οὖν
970 2105 1113 2170 συνεχείας
1129 2103 1146 2166 ή
1164 2110 1214 2153 τοῦ
1231 2101 1297 2154 ὅλου

180 2189 255 2261 φορὰ
275 2192 358 2253 αἰτία,
378 2199 429 2242 τοῦ
446 2189 478 2243 ἀὲ
498 2193 646 2262 προσιέναι
664 2191 711 2241 καὶ
731 2190 843 2242 ἀπιέναι
861 2191 877 2254 η
895 2189 1021 2258 ἔγκλισις.

250 2311 355 2364 Primus
373 2314 459 2365 motor
476 2313 509 2365 ab
527 2311 672 2366 Aristotele
691 2312 754 2364 deus
772 2311 928 2381 appellatur,
947 2311 1013 2366 Met.
1031 2311 1084 2364 XII
1098 2312 1122 2366 7.
1142 2310 1232 2366 1072b
1246 2312 1296 2378 25;

179 2401 206 2454 8.
226 2398 316 2454 low
336 2400 351 2453 7
370 2400 450 2467 (unde
467 2401 552 2470 prima
569 2399 734 2470 philosophia
752 2399 891 2468 theologia,
913 2399 951 2454 ih.
971 2399 1008 2452 VI
1026 2401 1051 2454 1.
1070 2399 1160 2454 1026ι
1179 2401 1237 2468 19),
1256 2402 1297 2456 vol

180 2488 347 2542 substantia:
366 2488 430 2542 Met.
449 2488 502 2542 XII
520 2489 545 2542 6.
565 2487 653 2542 1071b
672 2488 689 2541 4
713 2490 818 2557 ἀνάγκη
836 2488 908 2541 εἶναί
925 2508 986 2541 τινα
1006 2489 1100 2543 ἀίύιον
1119 2491 1219 2544 οὐσίαν
1237 2492 1297 2544 ἀκί-

179 2597 269 2644 νητον.
307 2580 339 2630 αλ
355 2596 384 2631 τε
402 2580 457 2649 γὰρ
477 2579 571 2632 οὐσίαι
588 2588 697 2652 πρῶται
715 2587 769 2630 των
796 2580 889 2640 όντων,
917 2581 964 2630 καὶ
992 2582 1017 2631 εἰ
1044 2587 1135 2632 πᾶσαι
1162 2585 1296 2649 φθαρταί,

180 2669 274 2720 πάντα
293 2669 414 2739 φθαρτά.
451 2665 578 2718 Materiae
596 2682 687 2735 expers
706 2667 761 2719 ost:
779 2664 920 2719 ib.1071b
940 2667 974 2720 19
992 2665 1134 2736 ἐνδέχεται
1151 2666 1183 2719 ἀὲ
1202 2668 1234 2719 τό
1247 2667 1297 2720 όυ·

179 2757 263 2826 νόμει
282 2758 314 2808 ὃν
330 2757 371 2826 μή
389 2755 466 2809 εἶναι.
504 2755 549 2808 olei
567 2759 619 2826 ἀρα
638 2754 709 2808 εἶναι
728 2756 814 2830 ἀρχὴν
832 2757 969 2821 τοιαύτην,
989 2749 1019 2822 ἧς
1037 2756 1053 2820 ή
1068 2755 1149 2807 οὐσία
1168 2755 1296 2824 ἐνέργεια,

178 2841 272 2912 Nequo
290 2843 411 2896 sensibus
428 2842 580 2912 percipitur,
599 2859 689 2895 verum
707 2845 750 2895 ost
767 2842 836 2894 idem
854 2845 952 2909 νοητὸν
965 2845 1045 2912 atque
1064 2852 1142 2903 νοῦς;
1161 2841 1297 2896 DoAnim.

178 2929 380 2986 111443023
399 2933 445 2984 ἐπὶ
462 2933 587 3003 μὲνγὰρ
606 2942 660 2984 τῶν
679 2935 744 2984 ἀνευ
763 2933 826 2998 ὕλης
844 2933 875 2984 τὸ
894 2932 962 2984 αὐτό
979 2932 1039 2985 ἐστι
1054 2933 1085 2984 τό
1099 2941 1182 2984 νοοῦν
1199 2934 1246 2984 καὶ
1265 2933 1297 2984 τό

179 3023 346 3090 νοούμενον·
383 3022 400 3085 ἡ
424 3021 478 3091 γὰρ
501 3021 638 3093 ἐπιστήμη
662 3021 846 3094 ήύεωρητικὴ
863 3023 910 3073 καὶ
934 3022 966 3073 τὸ
991 3020 1076 3081 οὕτως
1093 3020 1242 3087 ἐπιστητόν
1266 3022 1298 3074 τὸ

181 3110 250 3161 αὐτό
268 3110 350 3163 ἐστιν.
387 3107 425 3162 Cf.
444 3108 567 3162 1212324.

126 3345 170 3386 ooo
246 3324 324 3388 Met.
347 3323 412 3386 XII
436 3333 465 3388 7.
492 3328 597 3388 1072ιι
621 3328 672 3387 23.
710 3307 805 3384 ’Ἐστι
827 3315 932 3385 τοίνυν
954 3343 988 3384 τι
1010 3317 1068 3384 καὶ
1090 3315 1109 3385 ὃ
1131 3323 1214 3386 κινεῖ
1229 3320 1297 3404 (τὸν
1322 3303 1400 3397 ἓῗξῗζξ

180 3441 312 3517 πρῶτον
342 3425 496 3515 οὐρανόν).
542 3424 616 3492 ἐπεὶ
645 3423 681 3490 δὲ
711 3425 750 3490 τὸ
778 3425 962 3508 κινούμενον
991 3423 1049 3490 καὶ
1083 3435 1205 3507 κινοῦν,
1240 3425 1298 3491 καὶ

179 3533 278 3618 μέσον
300 3530 406 3600 τοίνυν
428 3529 499 3598 ἔστι
522 3556 555 3597 τι
577 3528 648 3597 tot
664 3530 845 3613 κινούμενον
867 3533 949 3596 κινεῖ
963 3532 983 3612 ¹,
1007 3527 1113 3596 ἀίδιον
1128 3529 1186 3596 καὶ
1202 3529 1297 3604 οὐσία

179 3639 239 3707 καὶ
261 3638 402 3727 ἐνέργεια
427 3635 523 3704 οὖσα·
569 3641 651 3703 κινεῖ
673 3635 710 3702 δὲ
732 3632 795 3702 ὧδε
815 3638 854 3703 τὸ
877 3634 1014 3723 ὀρεκτόν,
1044 3635 1102 3702 καὶ
1124 3638 1162 3702 τὸ
1184 3639 1297 3725 νοητὸν

180 3749 262 3812 κινεῖ
285 3744 322 3812 ού
345 3745 541 3828 κινούμενον·
571 3743 694 3810 τούτων
716 3745 758 3808 τὰ
781 3755 900 3830 πρῶτα
923 3744 965 3808 soi
988 3741 1098 3808 ovisd‘.
1127 3742 1297 3832 ἐπιθυμη-

180 3849 318 3936 τὸνμὲν
346 3854 406 3939 γὰρ
437 3852 475 3918 τὸ
498 3849 691 3938 φαινόμενον
713 3848 828 3929 καλόν,
859 3849 1016 3936 βουλητὸν
1046 3847 1082 3915 δὲ
1104 3861 1236 3936 πρῶτον
1257 3850 1296 3915 τὸ

177 3957 215 4024 tv
244 3955 352 4024 καλόν.
398 3955 580 4046 ὀρεγόμεθα
603 3954 639 4022 δὲ
662 3955 747 4021 όιότι
776 3955 865 4021 δοκεῖ
892 3956 1017 4039 μᾶλλον
1046 3956 1067 4044 ἢ
1093 3955 1182 4020 δοκεῖ
1210 3953 1297 4020 διότι

253 4225 281 4290 1)
298 4226 359 4293 post
382 4227 471 4296 μέσον
494 4222 617 4276 distinxit
634 4221 722 4276 Alexa
748 4223 809 4276 ἐπεὶ
833 4221 865 4276 ἀὲ
883 4224 915 4276 τὸ
938 4222 992 4294 μὲν
1009 4222 1175 4290 κινούμενον
1192 4220 1298 4291 καὶμὴ

179 4323 286 4378 κινοῦν,
314 4315 346 4366 τὸ
370 4313 402 4366 ύὲ
426 4314 589 4384 κινούμενον
612 4315 660 4366 καὶ
676 4320 782 4375 κινοῦν,
808 4313 856 4363 καὶ
873 4315 967 4384 τρίτον
990 4314 1085 4362 τοίνυν
1103 4308 1163 4362 ἔστι
1180 4325 1208 4360 τι
1232 4307 1298 4360 ooni.

179 4400 284 4467 Bonitz,
302 4399 367 4455 Met.
386 4399 414 4454 Il
432 4399 487 4454 495
503 4399 546 4467 (of.
565 4399 682 4454 eiusdem
700 4397 808 4454 Observ.
827 4398 862 4451 od
879 4396 926 4454 Ar.
945 4397 1010 4452 Met.
1029 4414 1056 4466 p.
1075 4394 1146 4460 125).
