3146 4982
616 320 691 374 Philo
709 319 829 374 Iudaeus.
1231 319 1283 380 493

163 483 275 558 ww,
299 475 458 565 όργανον1
484 479 544 565 γάρ
569 477 658 545 οόδέν
682 479 714 545 ἐν
730 476 859 558 ἑαυτοῖς
881 476 1000 563 ἔγαμεν,
1026 464 1053 566 ᾧ
1076 481 1283 570 δυνησόμεθα

164 585 265 653 ἐκεῖνο
278 590 575 673 φαντασιασθηναι,
592 575 662 651 οὔτ’
678 583 836 674 αἴσθησιν
852 583 1027 675 (αἰσθητὸν
1039 589 1100 674 γὰρ
1113 587 1170 653 οὐκ
1182 585 1282 674 ἐστιν)

164 690 237 757 οότε
260 688 355 774 ἶσχόν.
403 698 547 779 Μωυσῆς
571 689 624 757 οὖν
647 692 664 757 δ
687 705 744 780 της
766 693 893 771 ἀειδοῦς
923 695 1050 781 φάσεως
1073 696 1196 782 θεατὴς
1226 693 1283 760 καὶ

163 798 312 886 θεόπτης
335 795 394 883 (εἷς
416 799 476 886 γάρ
500 800 555 864 τδν
579 798 696 886 γνόφον
719 799 821 888 φασίν
845 798 941 864 αὐτὸν
958 795 988 865 οῖ
1010 799 1149 888 χρησμοί
1174 801 1283 885 (Exod.

165 915 216 984 20,
241 905 296 990 21)
327 901 487 970 εἰσελθεῖν
518 907 575 993 την
603 905 743 992 ἀόρατον
773 902 885 972 οὐσίαν
910 903 1138 991 αἰνιττόμενοι)
1173 907 1282 972 πάντα

163 1013 219 1077 διὰ
242 1011 375 1078 πάντων
398 1010 568 1099 ἐρευνήσας
591 1010 696 1100 ἐζήτει
719 1014 775 1078 τὸν
798 1013 1004 1100 τριπόθητον
1026 1012 1083 1078 καί
1106 1012 1203 1096 μόνον
1225 1037 1282 1101 τη-

163 1120 289 1203 λαυγῶς
313 1115 400 1184 ἰδεῖν.
447 1117 522 1183 ἐπεὶ
546 1107 579 1183 δ’
600 1117 690 1184 υάδέν
706 1121 856 1203 εὕρισκεν,
881 1107 956 1184 ἀλλ>
975 1117 1050 1185 οάδέ
1072 1118 1195 1206 ἐμφερῆ
1210 1143 1282 1184 τινα

163 1223 252 1290 ἰδέαν
275 1225 322 1311 τῷ
346 1222 557 1310 ἐλπιζομένην,
580 1227 638 1313 τὴν
660 1225 729 1290 ἀπὸ
744 1239 809 1290 τῶν
831 1225 938 1290 ἀλλων
961 1222 1179 1291 διδασκαλίαν
1195 1225 1282 1290 ἀπο-

161 1333 253 1418 γνοὺς
280 1321 340 1397 ἐπ’
363 1329 442 1396 αότδ
466 1332 662 1419 καταφεύγει
688 1333 725 1397 τὸ
753 1332 944 1420 ζητούμενον
968 1331 1026 1398 καὶ
1046 1333 1152 1397 δεῖται
1169 1330 1282 1418 λέγων·

162 1427 382 1528 ,Ἐμφάνισόν
399 1462 457 1522 μοι
469 1437 618 1518 σεαυτόν,
640 1451 790 1524 γνωστως
801 1434 862 1504 ἰ’δω
877 1444 936 1504 σε“
954 1439 1206 1523 (Exod.33‚13)‚
1226 1437 1282 1504 καί

162 1545 251 1628 ὅμως
284 1545 413 1632 ἀμοιρεῖ
446 1557 504 1632 της
538 1544 747 1632 προθέσεως,
783 1543 1044 1634 αὐταρκεστάτης
1079 1546 1204 1632 δωρεάς
1237 1544 1283 1631 τῷ

161 1645 274 1740 θνητῴ
297 1649 419 1738 ἀρίστην
442 1649 525 1736 γένει
547 1649 761 1740 νομισθείσης
776 1664 833 1740 της
855 1653 937 1734 μετὰ
959 1653 998 1717 τδ
1018 1652 1057 1740 δν
1074 1652 1234 1734 σωμάτων
1248 1676 1284 1716 τε

163 1759 243 1840 ὁμοῦ
272 1756 330 1822 καί
359 1757 562 1843 πραγμάτων
591 1757 784 1847 ἐπιστήμης.
821 1756 948 1843 λέγεται
980 1757 1058 1845 γάρ·
1095 1747 1211 1845 ,ζὈφει
1241 1761 1283 1823 τά

163 1861 270 1930 ὀπίσω
293 1887 371 1947 μου,
406 1865 444 1929 τὸ
475 1861 511 1928 δέ
534 1863 715 1951 πρόσωπόν
737 1889 800 1947 μου
825 1863 882 1929 οὐκ
905 1861 1091 1952 ὀφθήσεταί
1113 1885 1165 1930 σοι
1176 1869 1194 1900 “
1229 1866 1282 1949 (ib.

162 1992 191 2036 v.
216 1967 287 2056 23)·
322 1971 366 2048 ὡς
399 1983 464 2035 τῶν
499 1970 559 2035 ὅσα
589 1973 672 2054 μετὰ
702 1973 739 2036 τὸ
768 1969 811 2052 όν,
847 1970 1007 2052 σωμάτιον
1041 1994 1076 2036 τε
1111 1971 1191 2053 ὁμοῦ
1225 1970 1282 2035 καὶ

162 2077 373 2164 πραγμάτων,
397 2073 444 2154 εἰς
466 2077 656 2166 κατάληψιν
679 2076 863 2165 ἐρχομένων,
887 2073 916 2142 εί
939 2077 997 2142 καί
1019 2078 1064 2164 μὴ
1088 2077 1198 2142 πάντα
1221 2075 1281 2164 ἤδη

161 2182 466 2267 καταλαμβάνεται,
496 2183 595 2266 μόνον
628 2173 660 2248 δ’
679 2181 800 2249 ἐκείνου
831 2185 876 2271 μὴ
906 2183 1092 2271 πεφυκότος
1124 2183 1280 2270 δρᾶσθαι.

161 2289 218 2355 καί
241 2287 275 2354 τί
299 2291 492 2372 θαυμαστὸν
514 2286 544 2354 εἰ
567 2291 604 2356 τὸ
626 2290 662 2355 δν
685 2289 879 2376 ἀνθρώποις
902 2289 1145 2378 ἀκατάληπτον,
1182 2290 1282 2356 ὁπότε

162 2395 219 2462 καί
243 2397 260 2462 δ
284 2395 317 2461 ἐν
341 2391 468 2482 ἑκάστην
491 2406 563 2473 νοῦς
587 2395 749 2480 άγνωοτος
765 2398 841 2483 ἡμῖν
865 2395 949 2462 ἐστι·
974 2393 1025 2474 τίς
1049 2408 1154 2484 ψυχῆς
1170 2393 1281 2462 οὐσίαν

161 2495 261 2585 εἶδεν,·
294 2497 332 2590 ἧς
365 2504 384 2589 η
419 2501 578 2590 ἀδηλότης
611 2500 731 2590 μυρίας
766 2499 877 2590 ἐριδας
912 2507 1088 2591 σοφισταῖς
1123 2501 1281 2590 ἐγέννησεν
1348 2597 1351 2602 Ι

163 2606 310 2688 ἐναντίας
332 2606 569 2697 εἰσηγουμένοις
597 2611 726 2694 γνώμας
748 2610 768 2698 ἢ
791 2609 849 2675 καὶ
873 2609 960 2688 ὅλοις
984 2608 1104 2694 γένεσιν
1127 2609 1281 2674 ἀντιστα-

162 2717 308 2794 τοόσαςῦ.

233 2872 262 2912 a.
282 2857 320 2910 De
338 2857 439 2910 Praem.
464 2859 491 2910 et
509 2857 586 2911 Poen.
614 2859 630 2912 6
655 2875 679 2927 p.
699 2857 753 2911 414
776 2861 862 2913 ἐκεῖνο
886 2861 939 2932 μὲν
964 2861 1029 2929 γάρ,
1060 2859 1074 2910 ὃ
1099 2862 1145 2910 καὶ
1170 2860 1282 2926 ἀγαθοῦ

161 2954 282 3021 κρεῖττον
305 2951 352 3000 καὶ
376 2946 502 3019 μονάδος
527 2949 712 3020 πρεσβύτερον
735 2952 782 3000 καὶ
808 2949 867 3008 ἑνὸς
886 2951 1116 3022 εῖλικρινέστερυν,
1136 2949 1282 3019 ἀμήχανον

163 3033 213 3108 ὑφ’
232 3037 325 3108 ἑτέρου
345 3037 417 3096 τινός
436 3041 613 3106 θεωρεῖσθαι,
633 3036 707 3088 διότι
719 3037 809 3108 μόνον
827 3041 909 3108 θέμις
929 3039 1013 3089 αὐτὸν
1030 3032 1079 3106 ὑφ’
1099 3038 1184 3088 αὑτοῦ
1198 3056 1281 3088 κατα·

162 3127 363 3196 λαμβάνεσθαι.
394 3153 427 3161 -
457 3121 532 3187 Quod
559 3123 631 3176 Deus
655 3124 763 3178 Immut.
792 3125 826 3178 13
853 3143 879 3194 p.
899 3125 951 3178 282
977 3127 1085 3184 τούτοις
1114 3127 1282 3178 οἰκειότατον

162 3215 302 3284 πρόκειται
320 3216 472 3284 κεφάλαιον
496 3215 526 3266 ἐν
545 3219 603 3273 τοῖς
622 3215 846 3286 ιἐροφαντηθεῖσι
866 3220 1006 3287 χρησμοῖς
1025 3213 1067 3266 ὅτι
1086 3215 1161 3283 ,οὐχ
1180 3216 1215 3274 ὡς
1235 3218 1280 3265 όν-

161 3309 273 3374 θρωπος
292 3305 307 3354 ὁ
325 3303 420 3367 θεός“,
441 3299 501 3354 ἀλλ’
521 3299 585 3354 οὔθ’
604 3304 639 3363 ὡς
659 3305 774 3378 οὐρανὸς
793 3299 858 3356 οὔθ’
877 3305 911 3362 ὡς
930 3305 1046 3375 κόσμος·
1067 3303 1135 3354 ποιά
1155 3304 1209 3374 γὰρ
1223 3303 1282 3368 εἴδη

161 3394 248 3443 ταῦτά
275 3401 324 3460 γειι
342 3395 388 3443 καὶ
416 3395 455 3450 εἰς
483 3395 616 3458 αἴσθησιν
643 3393 786 3462 ἐρχόμενα.
823 3387 887 3444 ὁδ’
906 3395 958 3463 ἀρα
980 3391 1045 3444 οὐδὲ
1069 3394 1106 3458 τῷ
1133 3393 1171 3458 νῷ
1198 3411 1281 3444 κατα-

161 3481 269 3546 ληπτός,
290 3480 331 3532 ὅτι
352 3481 389 3545 ιιὴ
407 3481 476 3532 κατὰ
497 3483 528 3532 τό
546 3479 616 3534 εἶναι
634 3483 735 3552 μόνον·
768 3481 880 3554 ι’ίπαρξις
899 3484 953 3554 γάρ
971 3482 1047 3534 ἐστιν
1072 3480 1281 3550 ὃκαταλαμβά-

161 3587 247 3639 νομεν
266 3570 358 3632 αὐτοῦ,
377 3571 409 3621 τὸ
428 3569 459 3621 δὲ
474 3573 560 3639 χωρὶς
580 3570 719 3642 ὑπάρξεως
738 3569 826 3623 οὐδέν.

232 3689 263 3746 b.
291 3689 328 3744 Of.
352 3689 521 3760 Ιος.Α11ες.
545 3692 559 3744 I
579 3693 614 3745 29
638 3710 663 3762 p.
688 3693 734 3758 62;
764 3693 796 3745 de
818 3693 917 3746 Ebriet.
941 3693 975 3745 41
987 3709 1025 3762 sq.
1050 3709 1074 3762 p.
1099 3693 1216 3761 382sq.;
1251 3693 1282 3745 δο

12 3801 13 3806 ’
100 3843 101 3848 ¹
162 3777 234 3833 Conf.
258 3779 332 3847 Ling.
357 3779 391 3833 25
415 3797 440 3850 p.
465 3781 519 3834 424
547 3785 563 3846 ἢ
589 3783 651 3851 οὐχὶ
676 3787 722 3836 καὶ
746 3785 761 3834 ὁ
785 3792 850 3842 νοῦς
868 3785 999 3842 πολλάκις
1020 3784 1066 3835 ἐπὶ
1084 3787 1192 3854 μυρίων
1210 3781 1283 3834 ὅσων

12 4429 16 4700 λ

12 4809 18 4930 λ

161 3861 282 3938 ἠλέγχθη
305 3881 479 3940 παρανοιων;
507 3874 553 3923 καὶ
579 3873 609 3922 αἱ
634 3873 777 3938 αἰσθήσεις
803 3873 913 3927 άπασαι
932 3871 1181 3943 ψευδομαρτυριῶν
1199 3871 1281 3923 ἑάλω-

162 3975 228 4021 σαν,
258 3959 290 4010 οὐ
318 3955 386 4032 παρ’
410 3961 522 4027 ἀλόγοις
546 3959 704 4023 δικασταῖς,
734 3962 781 4020 οὓς
808 3962 878 4020 εἰκός
906 3963 1086 4023 ἀπατᾶσθαι,
1116 3954 1176 4010 ἀλλ’
1198 3960 1227 4010 ἐν
1246 3963 1283 4026 τῷ

162 4055 208 4112 τῆς
241 4048 349 4117 φάσεως
382 4049 464 4113 αὐτῆς
496 4047 676 4120 δικαστηρίῳ,
710 4048 742 4114 ἢν
770 4049 802 4100 οὐ
829 4053 912 4120 θέμις
940 4049 1123 4102 δικάσασθαι.
1157 4050 1203 4098 καὶ
1230 4048 1283 4116 μὲν

162 4137 362 4206 σφαλλομένων
379 4155 411 4204 γε
430 4147 484 4188 τῶν
501 4133 569 4188 καθ’
588 4138 659 4208 ἡμεῖς
678 4137 777 4196 αὐτοὺς
797 4142 861 4208 περί
878 4156 906 4190 τε
926 4147 991 4190 νοῦν
1009 4139 1055 4188 καὶ
1075 4139 1208 4199 αἴσθησιν
1226 4154 1282 4208 κρι-

161 4229 260 4293 τηρίων
278 4226 382 4292 ἀνάγκη
401 4227 432 4277 τὸ
452 4226 607 4278 ἀκόλουθον
626 4227 780 4296 ὁμολογεῖν,
810 4226 852 4277 ὅτι
872 4227 965 4286 ὁθεὸς
980 4229 1016 4293 τῷ
1029 4225 1082 4297 μὲν
1101 4225 1149 4282 τὰς
1168 4224 1281 4286 ἐννοίας,

233 4435 260 4500 1)
279 4439 399 4509 ὄργανον
416 4435 541 4504 Mangey:
562 4440 629 4510 ὁρᾶν
647 4437 732 4505 vulgo.

1310 3707 1444 3759 cognitionis

1318 3762 1426 3802 humanae

1331 3825 1413 3856 errores
