3140 4990
590 319 764 374 Democritus.
1185 315 1237 376 171

115 483 239 548 κινήσιας
266 481 394 552 ἐμποιεῖν
422 483 453 550 τῇ
482 483 565 552 ψιγῇ.
603 483 634 532 αί
664 476 695 532 δ’
722 481 751 533 ἐκ
774 482 904 551 μεγάλων
928 479 1125 551 διαστημάτων
1151 481 1238 532 κινεό-

115 590 199 641 μεναι
216 580 271 622 τῶν
296 573 408 638 ψυχέων
435 571 497 622 οὔτε
526 570 673 628 εὐσταθέες
700 573 772 622 εἰσὶν
800 571 861 621 οὔτε
892 571 1018 639 εὔθυμοι.
1056 567 1093 621 lb.
1121 566 1166 620 III
1193 567 1236 620 34.

116 665 210 730 Σοφίη
221 663 350 730 άθαμβος
359 659 421 723 ἀξίη
431 660 550 720 πάντων,
559 661 709 727 τιμιωτάτη
721 653 797 710 οὖσα.
823 655 951 710 111124.
965 651 1090 726 ’Ἀριστον
1099 657 1238 724 ἀνθρώπῳ

117 751 165 802 τὸν
182 753 244 816 βίον
263 747 372 816 διάγειν
390 749 425 806 ὡς
444 749 561 799 πλεῖστα
575 747 763 818 εὐθυμηθέντι
781 749 828 798 καὶ
842 747 974 815 ἐλάχιστα
989 747 1135 812 ἀνιηθέντιΙ
1155 753 1237 796 τοῦτο

117 839 136 892 δ
141 835 147 852 '
165 841 200 890 άν
218 842 258 903 εἴη
277 841 303 889 εἴ
320 856 360 896 τις
377 837 417 907 μὴ
435 836 482 888 ἐπὶ
501 841 575 889 τοῖσι
592 841 722 902 θνητοῖσι
740 837 789 896 τὰς
807 835 910 902 ἡδονάς
933 840 1051 888 ποιοῖτο.
1089 831 1161 884 Stob.
1181 831 1237 884 Ecl.

118 926 148 980 ΙΙ
159 926 201 981 16.
221 925 395 996 Εὐδαιμονίη
415 925 462 977 οὐκ
481 926 510 977 ἰν
527 925 702 995 βοσκήμασιν
722 929 790 977 οἰκεῖ
809 919 873 976 οὐδ’
888 925 916 977 ἐν
931 926 1036 996 χρυσῷ,
1057 923 1133 991 ψιγὴ
1152 917 1182 974 δ’
1197 925 1237 973 ol·

116 1017 244 1086 κητήριον
262 1013 405 1085 δαίμονος.
442 1011 515 1065 Stob.
529 1011 599 1067 Flor.
615 1011 669 1066 VII
683 1011 726 1066 32.
747 1017 831 1080 Δίκης
849 1013 932 1073 κῦδος
950 1013 1059 1084 γνώμης
1072 1014 1178 1084 θάρσος
1191 1013 1238 1062 καὶ

5 1123 12 1142 ·
117 1106 252 1176 ἀθαμβίη,
272 1102 379 1168 ἀδικίης
398 1101 429 1155 δὲ
448 1101 534 1173 δεῖμα
553 1105 695 1172 ξυμφορῆς
714 1105 808 1174 τέρμα.
844 1099 885 1166 1b.
904 1098 970 1152 XVI
987 1100 1030 1154 21.
1058 1105 1117 1166 βίος
1145 1100 1237 1168 ἀνεόρ-

117 1211 218 1252 ταστος
236 1192 327 1264 μακρὴ
346 1191 411 1250 ὁδὸς
429 1191 641 1251 ἀπανδόκευτος.
679 1189 815 1244 Plutarch.
835 1189 866 1242 de
880 1188 1003 1242 Sanitate
1017 1187 1061 1241 24.
1088 1189 1156 1261 πρὸς
1174 1189 1237 1239 τού-

116 1301 180 1342 τους
198 1279 319 1346 (nimium
334 1278 458 1345 morosos)
477 1281 531 1352 γὰρ
546 1279 626 1350 οἶμαι
643 1279 765 1352 μάλιστα
785 1282 833 1332 τὸν
852 1281 1027 1352 Δημόκριτον
1045 1282 1133 1330 εἰπεῖν
1151 1278 1193 1339 ὡς,
1214 1280 1238 1328 εἰ

116 1371 148 1422 τὸ
167 1379 249 1440 σῶμα
268 1367 415 1422 δικάσαιτο
435 1371 467 1440 τῇ
486 1371 562 1440 ψυχῇ
580 1369 728 1431 κακώσεως,
749 1369 797 1420 οὐκ
816 1371 851 1420 ἂν
866 1368 950 1432 αὐτὴν
964 1368 1130 1436 ἀποφυγεῖν.
1163 1362 1236 1416 Stob.

115 1455 186 1512 Flor.
206 1455 247 1509 VI
265 1455 308 1509 57.
337 1460 467 1522 ξυνουσίη
491 1459 647 1523 ἀποπληξίη
673 1458 788 1529 σμικρή·
808 1457 952 1516 ἰξέσσυται
971 1457 1024 1527 γὰρ
1044 1458 1191 1526 ἄνθρωπος
1209 1453 1238 1514 ἐξ

117 1547 275 1619 ἀνθρώπου.
313 1543 394 1598 Clem.
414 1543 510 1598 Strom.
529 1544 559 1598 II
577 1545 638 1598 421.
659 1550 731 1616 Αημ.
752 1548 846 1615 γάμον
864 1549 911 1598 καὶ
930 1544 1117 1597 παιδοποιίαν
1135 1562 1237 1615 παραι-

116 1641 205 1690 τεῖται
218 1635 267 1688 διὰ
286 1635 335 1693 τὰς
353 1635 457 1694 πολλὰς
475 1635 503 1694 ἐξ
523 1635 613 1686 αὐτῶν
632 1633 730 1700 ἀηδίας
749 1653 777 1687 τε
795 1637 842 1686 καὶ
861 1635 984 1704 ἀφολκὰς
1003 1634 1060 1685 ἀπὸ
1079 1643 1132 1684 τῶν
1151 1633 1237 1699 ἀναγ-

116 1727 265 1794 καιοτέρων
292 1720 334 1786 (fr.
355 1721 427 1788 186).
465 1721 538 1774 Stob.
564 1720 634 1774 Flor.
654 1723 696 1786 76,
723 1723 764 1775 16.
794 1723 860 1790 ὅτεῳ
883 1723 1016 1794 χρήματά
1044 1723 1116 1786 ἔστι,
1146 1720 1238 1773 παῖδα

116 1815 292 1878 ποιήσασθαι
311 1813 339 1864 ἐκ
358 1819 412 1862 τῶν
430 1813 519 1881 φίλων
532 1809 587 1878 (per
598 1809 774 1878 adoptionem]
793 1813 857 1882 ἐμοὶ
876 1811 954 1863 δοκεῖ
972 1815 1087 1881 ίίμεινον
1105 1809 1176 1862 εἶναι
1187 1821 1192 1834 ·
1203 1837 1237 1847 -

116 1903 175 1956 ἔστι
194 1902 249 1972 γάρ
267 1902 429 1961 ἐκλέξασθαι
450 1893 509 1952 οἷον
532 1900 632 1963 ἐθέλει,
658 1903 705 1952 καὶ
731 1899 759 1960 ὃς
785 1901 820 1951 άν
843 1899 910 1971 δοκῇ
930 1899 1084 1965 ἐπιτήδειος
1103 1899 1238 1952 εἶναικαὶ

114 1992 240 2062 μάλιστα
258 1989 328 2041 κατὰ
348 1990 434 2058 φύσιν
452 1987 557 2054 ἕπηται.
578 2017 612 2024 -
631 1991 664 2053 ἢν
682 1989 716 2042 δέ
732 2007 773 2048 τις
792 1997 905 2054 ποιῆται
924 1989 981 2040 ἀπὸ
999 1987 1113 2050 ἑωυτοῦ,
1140 1989 1238 2040 πολλοὶ

116 2080 200 2132 ἔνεισι
218 2077 358 2130 κίνδυνοι’
379 2079 483 2146 ἀνάγκη
501 2080 562 2149 γάρ,
583 2077 612 2138 ὃς
631 2080 666 2128 δν
683 2081 802 2146 γένηται,
818 2078 905 2144 τούτῳ
915 2081 1057 2150 χρίεσθαι.
1083 2075 1156 2127 Stob.
1167 2075 1237 2130 Flor.

115 2165 156 2220 IX
175 2167 200 2220 3.
221 2167 331 2236 ἀγαθάν
350 2167 382 2218 οὐ
401 2168 432 2218 τὸ
450 2167 491 2237 μὴ
508 2166 621 2230 ἀδικεῖν,
648 2167 716 2218 ἀλλὰ
742 2167 773 2218 τὸ
797 2165 869 2237 μηδὲ
887 2167 997 2218 ἐθέλειν.
1035 2163 1078 2217 Fr.
1099 2165 1158 2218 160.
1183 2185 1238 2234 χα-

115 2257 236 2328 ριστικὸς
256 2256 303 2307 οὐκ
322 2257 463 2331 διβίίπων
481 2257 549 2328 πρὸς
567 2256 615 2320 τὴν
634 2256 759 2326 ἀμοιβήν,
788 2250 843 2306 ἀλλ’
866 2257 881 2306 ὁ
906 2250 935 2307 εὖ
953 2255 1025 2326 δριῖν
1043 2257 1237 2326 προῃρημένος.

115 2343 159 2396 Fr.
180 2343 240 2396 116.
275 2345 408 2414 άμαρτίης
437 2348 509 2408 αἰτίη
533 2345 677 2416 ἡάμαθίη
705 2352 756 2395 τοῦ
781 2347 933 2414 κρέσσονος.
972 2340 1044 2394 Stob.
1063 2341 1134 2394 Flor.
1153 2341 1193 2394 IX
1213 2343 1237 2397 7.

113 2431 199 2504 ἀνδρὶ
219 2435 298 2502 σοφῷ
313 2441 391 2485 πᾶσα
411 2441 446 2500 γῆ
459 2433 543 2498 βατή·
563 2441 654 2502 ψυχῆς
667 2433 721 2504 γὰρ
736 2434 845 2500 ἀγαθῆς
859 2435 958 2504 πατρὶς
972 2434 987 2484 ὁ
1001 2433 1113 2504 ξύμπας
1126 2433 1237 2503 κόσμος.
