<?xml version="1.0" encoding="UTF-8"?>
<!DOCTYPE html PUBLIC "-//W3C//DTD XHTML 1.0 Transitional//EN"
    "http://www.w3.org/TR/xhtml1/DTD/xhtml1-transitional.dtd">
<html xmlns="http://www.w3.org/1999/xhtml" xml:lang="en" lang="en">
 <head>
  <title>
</title>
<meta http-equiv="Content-Type" content="text/html;charset=utf-8" />
  <meta name='ocr-system' content='tesseract 3.04.00' />
  <meta name='ocr-capabilities' content='ocr_page ocr_carea ocr_par ocr_line ocrx_word'/>
</head>
<body>
  <div class='ocr_page' id='page_1' title='image "./historiaphiloso00rittgoog_0265.png"; bbox 0 0 3130 4980; ppageno 0'>
   <div class='ocr_carea' id='block_1_1' title="bbox 646 325 1279 388">
    <p class='ocr_par' dir='ltr' id='par_1_1' title="bbox 646 325 1279 388">
     <span class='ocr_line' id='line_1_1' title="bbox 646 325 1279 388; baseline 0.003 -4"><span class='ocrx_word' id='word_1_1' title='bbox 646 330 797 384; x_wconf 82' lang='lat' dir='ltr'>Dialectiea.</span> <span class='ocrx_word' id='word_1_2' title='bbox 1227 325 1279 388; x_wconf 71' lang='grc'><em>257</em></span> 
     </span>
    </p>
   </div>
   <div class='ocr_carea' id='block_1_2' title="bbox 157 483 1282 1325">
    <p class='ocr_par' dir='ltr' id='par_1_2' title="bbox 157 483 1282 1325">
     <span class='ocr_line' id='line_1_2' title="bbox 158 483 1280 580; baseline -0.004 -22"><span class='ocrx_word' id='word_1_3' title='bbox 158 495 284 578; x_wconf 87' lang='grc' dir='ltr'><em>ματικδ</em></span> <span class='ocrx_word' id='word_1_4' title='bbox 307 505 371 557; x_wconf 89' lang='grc' dir='ltr'><em>τῶν</em></span> <span class='ocrx_word' id='word_1_5' title='bbox 394 491 596 578; x_wconf 79' lang='grc' dir='ltr'><em>πραγμάτων</em></span> <span class='ocrx_word' id='word_1_6' title='bbox 619 483 704 557; x_wconf 78' lang='grc' dir='ltr'><em>εἶναί</em></span> <span class='ocrx_word' id='word_1_7' title='bbox 727 511 809 580; x_wconf 83' lang='grc' dir='ltr'><em>φησι</em></span> <span class='ocrx_word' id='word_1_8' title='bbox 832 489 968 573; x_wconf 81' lang='grc' dir='ltr'><em>μεταξύ,</em></span> <span class='ocrx_word' id='word_1_9' title='bbox 993 487 1193 578; x_wconf 82' lang='grc' dir='ltr'><em>διαφέροντα</em></span> <span class='ocrx_word' id='word_1_10' title='bbox 1215 501 1280 554; x_wconf 90' lang='grc' dir='ltr'><em>τῶν</em></span> 
     </span>
     <span class='ocr_line' id='line_1_3' title="bbox 158 585 1280 688; baseline -0.005 -23"><span class='ocrx_word' id='word_1_11' title='bbox 158 598 219 683; x_wconf 83' lang='grc' dir='ltr'><em>μὲν</em></span> <span class='ocrx_word' id='word_1_12' title='bbox 242 595 413 688; x_wconf 76' lang='grc' dir='ltr'><strong><em>αἰσθητῶν</em></strong></span> <span class='ocrx_word' id='word_1_13' title='bbox 435 599 484 685; x_wconf 80' lang='grc' dir='ltr'><em>τῷ</em></span> <span class='ocrx_word' id='word_1_14' title='bbox 506 595 600 663; x_wconf 83' lang='grc' dir='ltr'><em>οἴίδια</em></span> <span class='ocrx_word' id='word_1_15' title='bbox 615 596 672 663; x_wconf 88' lang='grc' dir='ltr'><em>καί</em></span> <span class='ocrx_word' id='word_1_16' title='bbox 695 594 833 685; x_wconf 77' lang='grc' dir='ltr'><em>ἀκίνητα</em></span> <span class='ocrx_word' id='word_1_17' title='bbox 856 589 949 677; x_wconf 82' lang='grc' dir='ltr'><em>εἶναι,</em></span> <span class='ocrx_word' id='word_1_18' title='bbox 972 609 1037 661; x_wconf 90' lang='grc' dir='ltr'><em>τῶν</em></span> <span class='ocrx_word' id='word_1_19' title='bbox 1060 585 1093 660; x_wconf 76' lang='grc' dir='ltr'><em>δ’</em></span> <span class='ocrx_word' id='word_1_20' title='bbox 1119 593 1213 660; x_wconf 86' lang='grc' dir='ltr'><em>εἰδῶν</em></span> <span class='ocrx_word' id='word_1_21' title='bbox 1232 593 1280 682; x_wconf 70' lang='grc' dir='ltr'><em>τῷ</em></span> 
     </span>
     <span class='ocr_line' id='line_1_4' title="bbox 158 693 1280 789; baseline -0.004 -18"><span class='ocrx_word' id='word_1_22' title='bbox 158 707 201 771; x_wconf 83' lang='grc' dir='ltr'><em>τὰ</em></span> <span class='ocrx_word' id='word_1_23' title='bbox 223 703 283 789; x_wconf 79' lang='grc' dir='ltr'><em>μὲν</em></span> <span class='ocrx_word' id='word_1_24' title='bbox 305 693 407 771; x_wconf 72' lang='grc' dir='ltr'><strong><em>πόλλ’</em></strong></span> <span class='ocrx_word' id='word_1_25' title='bbox 434 703 518 769; x_wconf 83' lang='grc' dir='ltr'><em>δίττα</em></span> <span class='ocrx_word' id='word_1_26' title='bbox 541 703 640 787; x_wconf 80' lang='grc' dir='ltr'><em>ὅμοια</em></span> <span class='ocrx_word' id='word_1_27' title='bbox 663 695 755 783; x_wconf 85' lang='grc' dir='ltr'><em>εἴναι,</em></span> <span class='ocrx_word' id='word_1_28' title='bbox 779 704 817 768; x_wconf 82' lang='grc' dir='ltr'><em>τὸ</em></span> <span class='ocrx_word' id='word_1_29' title='bbox 833 701 870 767; x_wconf 79' lang='grc' dir='ltr'><em>δὲ</em></span> <span class='ocrx_word' id='word_1_30' title='bbox 884 694 970 780; x_wconf 78' lang='grc' dir='ltr'><em>εἶδος</em></span> <span class='ocrx_word' id='word_1_31' title='bbox 993 701 1072 767; x_wconf 80' lang='grc' dir='ltr'><em>αὐτὸ</em></span> <span class='ocrx_word' id='word_1_32' title='bbox 1094 697 1128 767; x_wconf 71' lang='grc' dir='ltr'><em>ἓν</em></span> <span class='ocrx_word' id='word_1_33' title='bbox 1143 699 1280 767; x_wconf 73' lang='grc' dir='ltr'><em>ἕκαστον</em></span> 
     </span>
     <span class='ocr_line' id='line_1_5' title="bbox 157 800 1280 898; baseline -0.005 -20"><span class='ocrx_word' id='word_1_34' title='bbox 157 811 285 896; x_wconf 62' lang='grc' dir='ltr'><em>μόνονᾱ.</em></span> <span class='ocrx_word' id='word_1_35' title='bbox 317 809 391 877; x_wconf 76' lang='grc' dir='ltr'><em>ἐπεὶ</em></span> <span class='ocrx_word' id='word_1_36' title='bbox 414 800 448 876; x_wconf 78' lang='grc' dir='ltr'><em>δ’</em></span> <span class='ocrx_word' id='word_1_37' title='bbox 467 806 559 876; x_wconf 87' lang='grc' dir='ltr'><em>αἴτια</em></span> <span class='ocrx_word' id='word_1_38' title='bbox 582 812 624 876; x_wconf 86' lang='grc' dir='ltr'><em>τὰ</em></span> <span class='ocrx_word' id='word_1_39' title='bbox 647 806 716 898; x_wconf 84' lang='grc' dir='ltr'><em>εἴδη</em></span> <span class='ocrx_word' id='word_1_40' title='bbox 731 813 802 888; x_wconf 87' lang='grc' dir='ltr'><em>τοῖς</em></span> <span class='ocrx_word' id='word_1_41' title='bbox 818 809 938 890; x_wconf 69' lang='grc' dir='ltr'><em>ἄλλοις,</em></span> <span class='ocrx_word' id='word_1_42' title='bbox 961 806 1114 874; x_wconf 82' lang='grc' dir='ltr'><em>τάκείνων</em></span> <span class='ocrx_word' id='word_1_43' title='bbox 1137 811 1280 889; x_wconf 85' lang='grc' dir='ltr'><em>στοιχεῖα</em></span> 
     </span>
     <span class='ocr_line' id='line_1_6' title="bbox 159 908 1282 1007; baseline -0.005 -23"><span class='ocrx_word' id='word_1_44' title='bbox 159 919 292 986; x_wconf 81' lang='grc' dir='ltr'><em>πάντων</em></span> <span class='ocrx_word' id='word_1_45' title='bbox 315 915 411 1007; x_wconf 73' lang='grc' dir='ltr'><em>ᾠήθη</em></span> <span class='ocrx_word' id='word_1_46' title='bbox 441 930 505 982; x_wconf 92' lang='grc' dir='ltr'><em>τῶν</em></span> <span class='ocrx_word' id='word_1_47' title='bbox 527 913 627 982; x_wconf 80' lang='grc' dir='ltr'><em>ἴίντων</em></span> <span class='ocrx_word' id='word_1_48' title='bbox 656 908 739 982; x_wconf 84' lang='grc' dir='ltr'><em>εἴναι</em></span> <span class='ocrx_word' id='word_1_49' title='bbox 762 919 905 998; x_wconf 85' lang='grc' dir='ltr'><em>στοιχεῖα</em></span> <span class='ocrx_word' id='word_1_50' title='bbox 913 926 934 980; x_wconf 83' lang='lat'><em>⁰.</em></span> <span class='ocrx_word' id='word_1_51' title='bbox 981 915 1025 992; x_wconf 81' lang='grc' dir='ltr'><em>ὡς</em></span> <span class='ocrx_word' id='word_1_52' title='bbox 1047 913 1106 998; x_wconf 83' lang='grc' dir='ltr'><em>μὲν</em></span> <span class='ocrx_word' id='word_1_53' title='bbox 1129 911 1183 980; x_wconf 83' lang='grc' dir='ltr'><em>οδν</em></span> <span class='ocrx_word' id='word_1_54' title='bbox 1206 914 1282 1000; x_wconf 81' lang='grc' dir='ltr'><em>δλην</em></span> 
     </span>
     <span class='ocr_line' id='line_1_7' title="bbox 159 1011 1282 1111; baseline -0.005 -20"><span class='ocrx_word' id='word_1_55' title='bbox 159 1027 197 1091; x_wconf 88' lang='grc' dir='ltr'><em>τδ</em></span> <span class='ocrx_word' id='word_1_56' title='bbox 219 1023 303 1110; x_wconf 77' lang='grc' dir='ltr'><em>μέγα</em></span> <span class='ocrx_word' id='word_1_57' title='bbox 326 1022 384 1090; x_wconf 84' lang='grc' dir='ltr'><em>καί</em></span> <span class='ocrx_word' id='word_1_58' title='bbox 406 1025 444 1090; x_wconf 89' lang='grc' dir='ltr'><em>τὸ</em></span> <span class='ocrx_word' id='word_1_59' title='bbox 465 1025 580 1107; x_wconf 88' lang='grc' dir='ltr'><em>μικρὸν</em></span> <span class='ocrx_word' id='word_1_60' title='bbox 602 1015 686 1089; x_wconf 83' lang='grc' dir='ltr'><em>εἶναι</em></span> <span class='ocrx_word' id='word_1_61' title='bbox 708 1021 817 1111; x_wconf 80' lang='grc' dir='ltr'><em>ἀρχάς,</em></span> <span class='ocrx_word' id='word_1_62' title='bbox 842 1023 887 1100; x_wconf 84' lang='grc' dir='ltr'><em>ὡς</em></span> <span class='ocrx_word' id='word_1_63' title='bbox 910 1011 942 1086; x_wconf 76' lang='grc' dir='ltr'><em>δ’</em></span> <span class='ocrx_word' id='word_1_64' title='bbox 969 1019 1081 1088; x_wconf 75' lang='grc' dir='ltr'><em>οὐσίαν</em></span> <span class='ocrx_word' id='word_1_65' title='bbox 1104 1023 1142 1086; x_wconf 86' lang='grc' dir='ltr'><em>τὸ</em></span> <span class='ocrx_word' id='word_1_66' title='bbox 1165 1019 1211 1085; x_wconf 76' lang='grc' dir='ltr'><em>δν·</em></span> <span class='ocrx_word' id='word_1_67' title='bbox 1246 1019 1282 1099; x_wconf 77' lang='grc' dir='ltr'><em>ἐξ</em></span> 
     </span>
     <span class='ocr_line' id='line_1_8' title="bbox 160 1120 1282 1218; baseline -0.005 -21"><span class='ocrx_word' id='word_1_68' title='bbox 160 1129 289 1198; x_wconf 77' lang='grc' dir='ltr'><em>ἐκείνων</em></span> <span class='ocrx_word' id='word_1_69' title='bbox 323 1133 383 1218; x_wconf 75' lang='grc' dir='ltr'><em>γὰρ</em></span> <span class='ocrx_word' id='word_1_70' title='bbox 419 1133 503 1196; x_wconf 81' lang='grc' dir='ltr'><em>κατὰ</em></span> <span class='ocrx_word' id='word_1_71' title='bbox 531 1129 667 1214; x_wconf 82' lang='grc' dir='ltr'><em>μέθεξιν</em></span> <span class='ocrx_word' id='word_1_72' title='bbox 701 1140 760 1196; x_wconf 81' lang='grc' dir='ltr'><em>τοῦ</em></span> <span class='ocrx_word' id='word_1_73' title='bbox 792 1126 862 1207; x_wconf 75' lang='grc' dir='ltr'><em>ἑνὸς</em></span> <span class='ocrx_word' id='word_1_74' title='bbox 891 1131 933 1194; x_wconf 84' lang='grc' dir='ltr'><em>τὰ</em></span> <span class='ocrx_word' id='word_1_75' title='bbox 963 1124 1060 1216; x_wconf 84' lang='grc' dir='ltr'><em>εἴδη1</em></span> <span class='ocrx_word' id='word_1_76' title='bbox 1089 1120 1172 1193; x_wconf 80' lang='grc' dir='ltr'><em>εἶναι</em></span> <span class='ocrx_word' id='word_1_77' title='bbox 1207 1128 1282 1204; x_wconf 79' lang='grc' dir='ltr'><em>τοὺς</em></span> 
     </span>
     <span class='ocr_line' id='line_1_9' title="bbox 160 1236 350 1325; baseline -0.005 -23"><span class='ocrx_word' id='word_1_78' title='bbox 160 1237 323 1325; x_wconf 76' lang='grc' dir='ltr'><em>ἀριθμούς</em></span> <span class='ocrx_word' id='word_1_79' title='bbox 331 1236 350 1301; x_wconf 75' lang='lat' dir='ltr'><em>f.</em></span> 
     </span>
    </p>
   </div>
   <div class='ocr_carea' id='block_1_3' title="bbox 161 1393 1321 2270">
    <p class='ocr_par' dir='ltr' id='par_1_3' title="bbox 161 1393 1321 2270">
     <span class='ocr_line' id='line_1_10' title="bbox 233 1393 1321 1470; baseline -0.005 -19"><span class='ocrx_word' id='word_1_80' title='bbox 233 1411 261 1451; x_wconf 81' lang='grc' dir='ltr'><em>κ.</em></span> <span class='ocrx_word' id='word_1_81' title='bbox 289 1397 329 1450; x_wconf 91' lang='lat' dir='ltr'>De</span> <span class='ocrx_word' id='word_1_82' title='bbox 346 1401 458 1470; x_wconf 79' lang='grc' dir='ltr'><em>μεθέξει</em></span> <span class='ocrx_word' id='word_1_83' title='bbox 476 1397 507 1450; x_wconf 85' lang='grc' dir='ltr'><em>οἰ.</em></span> <span class='ocrx_word' id='word_1_84' title='bbox 527 1396 632 1452; x_wconf 75' lang='grc' dir='ltr'><em>Οοσνίν.</em></span> <span class='ocrx_word' id='word_1_85' title='bbox 650 1397 736 1450; x_wconf 74' lang='lat' dir='ltr'><em>211ss</em></span> <span class='ocrx_word' id='word_1_86' title='bbox 755 1394 919 1462; x_wconf 61' lang='grc' dir='ltr'><em>(ΠίδΙομ</em></span> <span class='ocrx_word' id='word_1_87' title='bbox 940 1395 1054 1464; x_wconf 84' lang='lat' dir='ltr'>Sophist.</span> <span class='ocrx_word' id='word_1_88' title='bbox 1075 1393 1174 1459; x_wconf 54' lang='lat' dir='ltr'>naen</span> <span class='ocrx_word' id='word_1_89' title='bbox 1194 1395 1280 1447; x_wconf 80' lang='lat' dir='ltr'>Parin.</span> <span class='ocrx_word' id='word_1_90' title='bbox 1312 1405 1321 1421; x_wconf 90' lang='lat'><strong>·</strong></span> 
     </span>
     <span class='ocr_line' id='line_1_11' title="bbox 161 1484 1283 1560; baseline -0.004 -21"><span class='ocrx_word' id='word_1_91' title='bbox 161 1486 254 1540; x_wconf 85' lang='lat' dir='ltr'>130B.</span> <span class='ocrx_word' id='word_1_92' title='bbox 300 1485 398 1539; x_wconf 85' lang='lat' dir='ltr'>Eadem</span> <span class='ocrx_word' id='word_1_93' title='bbox 425 1492 566 1560; x_wconf 77' lang='grc' dir='ltr'><em>παρουσία</em></span> <span class='ocrx_word' id='word_1_94' title='bbox 593 1488 702 1538; x_wconf 81' lang='lat' dir='ltr'>vocatur</span> <span class='ocrx_word' id='word_1_95' title='bbox 728 1484 824 1538; x_wconf 82' lang='lat' dir='ltr'>Phaed.</span> <span class='ocrx_word' id='word_1_96' title='bbox 853 1484 953 1538; x_wconf 87' lang='lat' dir='ltr'>lOOD:</span> <span class='ocrx_word' id='word_1_97' title='bbox 983 1485 1031 1537; x_wconf 83' lang='grc' dir='ltr'><em>οὐκ</em></span> <span class='ocrx_word' id='word_1_98' title='bbox 1059 1487 1125 1536; x_wconf 76' lang='grc' dir='ltr'><em>ἄλλο</em></span> <span class='ocrx_word' id='word_1_99' title='bbox 1153 1504 1179 1536; x_wconf 92' lang='grc' dir='ltr'><em>τι</em></span> <span class='ocrx_word' id='word_1_100' title='bbox 1207 1489 1283 1536; x_wconf 82' lang='grc' dir='ltr'><em>ποιεῖ</em></span> 
     </span>
     <span class='ocr_line' id='line_1_12' title="bbox 162 1573 1281 1647; baseline -0.003 -20"><span class='ocrx_word' id='word_1_101' title='bbox 162 1577 230 1628; x_wconf 86' lang='grc' dir='ltr'><em>αὐτὸ</em></span> <span class='ocrx_word' id='word_1_102' title='bbox 247 1578 332 1629; x_wconf 75' lang='grc' dir='ltr'><em>καλὸν</em></span> <span class='ocrx_word' id='word_1_103' title='bbox 349 1579 366 1640; x_wconf 79' lang='grc' dir='ltr'>ἢ</span> <span class='ocrx_word' id='word_1_104' title='bbox 383 1577 400 1640; x_wconf 84' lang='grc' dir='ltr'><strong><em>ἡ</em></strong></span> <span class='ocrx_word' id='word_1_105' title='bbox 418 1577 522 1628; x_wconf 72' lang='grc' dir='ltr'><em>ἐκείνου</em></span> <span class='ocrx_word' id='word_1_106' title='bbox 550 1584 600 1626; x_wconf 81' lang='grc' dir='ltr'><em>τοῦ</em></span> <span class='ocrx_word' id='word_1_107' title='bbox 617 1577 703 1628; x_wconf 83' lang='grc' dir='ltr'><em>καίοῡ</em></span> <span class='ocrx_word' id='word_1_108' title='bbox 728 1579 910 1647; x_wconf 79' lang='grc' dir='ltr'><em>παρουσία</em></span> <span class='ocrx_word' id='word_1_109' title='bbox 935 1577 988 1626; x_wconf 84' lang='grc' dir='ltr'><em>εἴτε</em></span> <span class='ocrx_word' id='word_1_110' title='bbox 1007 1579 1136 1626; x_wconf 82' lang='grc' dir='ltr'><em>κοινωνία</em></span> <span class='ocrx_word' id='word_1_111' title='bbox 1154 1577 1207 1626; x_wconf 84' lang='grc' dir='ltr'><em>εἴτε</em></span> <span class='ocrx_word' id='word_1_112' title='bbox 1227 1573 1281 1644; x_wconf 81' lang='grc' dir='ltr'><em>ὅπη</em></span> 
     </span>
     <span class='ocr_line' id='line_1_13' title="bbox 161 1660 1282 1736; baseline -0.004 -19"><span class='ocrx_word' id='word_1_113' title='bbox 161 1664 197 1730; x_wconf 81' lang='grc' dir='ltr'><em>δὴ</em></span> <span class='ocrx_word' id='word_1_114' title='bbox 215 1669 262 1717; x_wconf 80' lang='grc' dir='ltr'><em>καὶ</em></span> <span class='ocrx_word' id='word_1_115' title='bbox 281 1665 355 1724; x_wconf 84' lang='grc' dir='ltr'><em>ὅπως</em></span> <span class='ocrx_word' id='word_1_116' title='bbox 374 1668 588 1736; x_wconf 80' lang='grc' dir='ltr'><em>προσγενομένη.</em></span> <span class='ocrx_word' id='word_1_117' title='bbox 608 1689 642 1702; x_wconf 85' lang='lat'><em>-—</em></span> <span class='ocrx_word' id='word_1_118' title='bbox 661 1662 755 1730; x_wconf 86' lang='lat' dir='ltr'>Itaque</span> <span class='ocrx_word' id='word_1_119' title='bbox 769 1661 843 1716; x_wconf 88' lang='lat' dir='ltr'>ideae</span> <span class='ocrx_word' id='word_1_120' title='bbox 861 1661 946 1731; x_wconf 88' lang='lat' dir='ltr'>prima</span> <span class='ocrx_word' id='word_1_121' title='bbox 960 1661 1077 1731; x_wconf 82' lang='lat' dir='ltr'>exempla</span> <span class='ocrx_word' id='word_1_122' title='bbox 1095 1677 1183 1714; x_wconf 84' lang='lat' dir='ltr'>rernm</span> <span class='ocrx_word' id='word_1_123' title='bbox 1202 1660 1282 1713; x_wconf 89' lang='lat' dir='ltr'>sensi-</span> 
     </span>
     <span class='ocr_line' id='line_1_14' title="bbox 161 1747 1283 1826; baseline -0.002 -22"><span class='ocrx_word' id='word_1_124' title='bbox 161 1751 261 1817; x_wconf 88' lang='lat' dir='ltr'>bilium,</span> <span class='ocrx_word' id='word_1_125' title='bbox 280 1752 367 1806; x_wconf 83' lang='lat' dir='ltr'>Parm.</span> <span class='ocrx_word' id='word_1_126' title='bbox 387 1752 474 1806; x_wconf 78' lang='grc'><strong>1321)</strong></span> <span class='ocrx_word' id='word_1_127' title='bbox 502 1747 572 1816; x_wconf 74' lang='grc' dir='ltr'><em>ἀλλ’,</em></span> <span class='ocrx_word' id='word_1_128' title='bbox 594 1751 615 1804; x_wconf 84' lang='grc' dir='ltr'><em>ὦ</em></span> <span class='ocrx_word' id='word_1_129' title='bbox 634 1752 806 1826; x_wconf 74' lang='grc' dir='ltr'><em>Παρμενίδη,</em></span> <span class='ocrx_word' id='word_1_130' title='bbox 825 1755 948 1824; x_wconf 74' lang='grc' dir='ltr'><em>μάλιστα</em></span> <span class='ocrx_word' id='word_1_131' title='bbox 967 1752 1062 1823; x_wconf 79' lang='grc' dir='ltr'><em>ἔμοιγε</em></span> <span class='ocrx_word' id='word_1_132' title='bbox 1081 1755 1283 1820; x_wconf 77' lang='grc' dir='ltr'><em>καταφαίνεται</em></span> 
     </span>
     <span class='ocr_line' id='line_1_15' title="bbox 162 1835 1283 1914; baseline -0.001 -22"><span class='ocrx_word' id='word_1_133' title='bbox 162 1835 215 1894; x_wconf 82' lang='grc' dir='ltr'><em>ὧδε</em></span> <span class='ocrx_word' id='word_1_134' title='bbox 234 1843 319 1912; x_wconf 75' lang='grc' dir='ltr'><em>ἔχειν·</em></span> <span class='ocrx_word' id='word_1_135' title='bbox 349 1843 383 1894; x_wconf 83' lang='grc' dir='ltr'><em>τίι</em></span> <span class='ocrx_word' id='word_1_136' title='bbox 401 1841 454 1914; x_wconf 75' lang='grc' dir='ltr'><em>μέν</em></span> <span class='ocrx_word' id='word_1_137' title='bbox 472 1842 532 1908; x_wconf 87' lang='grc' dir='ltr'><em>εἴδη</em></span> <span class='ocrx_word' id='word_1_138' title='bbox 551 1851 638 1894; x_wconf 82' lang='grc' dir='ltr'><em>ταῦτα</em></span> <span class='ocrx_word' id='word_1_139' title='bbox 658 1841 750 1914; x_wconf 78' lang='grc' dir='ltr'><em>ὥσπερ</em></span> <span class='ocrx_word' id='word_1_140' title='bbox 769 1840 1047 1912; x_wconf 78' lang='grc' dir='ltr'><em>παραδείγματα</em></span> <span class='ocrx_word' id='word_1_141' title='bbox 1070 1841 1185 1892; x_wconf 78' lang='grc' dir='ltr'><em>ἑστάναι</em></span> <span class='ocrx_word' id='word_1_142' title='bbox 1203 1841 1232 1892; x_wconf 80' lang='grc' dir='ltr'><em>ἰν</em></span> <span class='ocrx_word' id='word_1_143' title='bbox 1250 1842 1283 1910; x_wconf 72' lang='grc' dir='ltr'><em>τῇ</em></span> 
     </span>
     <span class='ocr_line' id='line_1_16' title="bbox 162 1929 1283 2000; baseline -0.002 -19"><span class='ocrx_word' id='word_1_144' title='bbox 162 1932 254 1999; x_wconf 84' lang='grc' dir='ltr'><em>φύσει,</em></span> <span class='ocrx_word' id='word_1_145' title='bbox 274 1932 308 1982; x_wconf 74' lang='lat' dir='ltr'><em>acl</em></span> <span class='ocrx_word' id='word_1_146' title='bbox 328 1930 358 1984; x_wconf 79' lang='grc' dir='ltr'><em>δὲ</em></span> <span class='ocrx_word' id='word_1_147' title='bbox 379 1933 447 1982; x_wconf 64' lang='lat' dir='ltr'>tella</span> <span class='ocrx_word' id='word_1_148' title='bbox 466 1933 573 1990; x_wconf 82' lang='grc' dir='ltr'><em>τούτοις</em></span> <span class='ocrx_word' id='word_1_149' title='bbox 591 1933 708 1984; x_wconf 76' lang='grc' dir='ltr'><em>ἐοικέναι</em></span> <span class='ocrx_word' id='word_1_150' title='bbox 725 1933 772 1983; x_wconf 80' lang='grc' dir='ltr'><em>καὶ</em></span> <span class='ocrx_word' id='word_1_151' title='bbox 791 1929 861 1982; x_wconf 82' lang='grc' dir='ltr'><em>εἶναι</em></span> <span class='ocrx_word' id='word_1_152' title='bbox 880 1931 1058 2000; x_wconf 88' lang='grc' dir='ltr'><em>ὁμοιώματα·</em></span> <span class='ocrx_word' id='word_1_153' title='bbox 1077 1933 1124 1981; x_wconf 88' lang='grc' dir='ltr'><em>καὶ</em></span> <span class='ocrx_word' id='word_1_154' title='bbox 1142 1929 1283 1998; x_wconf 76' lang='grc' dir='ltr'><em>ἡμέθεξις</em></span> 
     </span>
     <span class='ocr_line' id='line_1_17' title="bbox 162 2018 1283 2088; baseline -0.004 -18"><span class='ocrx_word' id='word_1_155' title='bbox 162 2019 230 2084; x_wconf 82' lang='grc' dir='ltr'><em>αὕτη</em></span> <span class='ocrx_word' id='word_1_156' title='bbox 260 2025 318 2078; x_wconf 89' lang='grc' dir='ltr'><em>τοῖς</em></span> <span class='ocrx_word' id='word_1_157' title='bbox 346 2021 437 2078; x_wconf 79' lang='grc' dir='ltr'><em>ἰίλίοις</em></span> <span class='ocrx_word' id='word_1_158' title='bbox 464 2025 612 2088; x_wconf 80' lang='grc' dir='ltr'><em>γίγνεσθαι</em></span> <span class='ocrx_word' id='word_1_159' title='bbox 640 2029 694 2072; x_wconf 90' lang='grc' dir='ltr'><em>τῶν</em></span> <span class='ocrx_word' id='word_1_160' title='bbox 721 2018 802 2071; x_wconf 90' lang='grc' dir='ltr'><em>εἰδῶν</em></span> <span class='ocrx_word' id='word_1_161' title='bbox 831 2020 879 2071; x_wconf 83' lang='grc' dir='ltr'><em>οὐκ</em></span> <span class='ocrx_word' id='word_1_162' title='bbox 907 2019 972 2082; x_wconf 64' lang='lat' dir='ltr'>(zita</span> <span class='ocrx_word' id='word_1_163' title='bbox 1005 2037 1045 2076; x_wconf 90' lang='grc' dir='ltr'><em>τις</em></span> <span class='ocrx_word' id='word_1_164' title='bbox 1073 2020 1088 2081; x_wconf 82' lang='grc' dir='ltr'>ἢ</span> <span class='ocrx_word' id='word_1_165' title='bbox 1121 2021 1283 2081; x_wconf 73' lang='grc' dir='ltr'><em>εἰκασθῆναι</em></span> 
     </span>
     <span class='ocr_line' id='line_1_18' title="bbox 162 2102 1283 2176; baseline -0.005 -16"><span class='ocrx_word' id='word_1_166' title='bbox 162 2109 269 2168; x_wconf 61' lang='lat' dir='ltr'>atreis:</span> <span class='ocrx_word' id='word_1_167' title='bbox 295 2107 329 2159; x_wconf 85' lang='lat' dir='ltr'><em>ad</em></span> <span class='ocrx_word' id='word_1_168' title='bbox 347 2123 425 2176; x_wconf 90' lang='lat' dir='ltr'>quem</span> <span class='ocrx_word' id='word_1_169' title='bbox 442 2107 528 2160; x_wconf 86' lang='lat' dir='ltr'>locum</span> <span class='ocrx_word' id='word_1_170' title='bbox 551 2107 692 2176; x_wconf 78' lang='lat' dir='ltr'>respiciens</span> <span class='ocrx_word' id='word_1_171' title='bbox 711 2105 868 2160; x_wconf 88' lang='lat' dir='ltr'>Aristoteles</span> <span class='ocrx_word' id='word_1_172' title='bbox 889 2104 953 2157; x_wconf 89' lang='lat' dir='ltr'>Met.</span> <span class='ocrx_word' id='word_1_173' title='bbox 971 2104 986 2156; x_wconf 92' lang='lat' dir='ltr'><strong>I</strong></span> <span class='ocrx_word' id='word_1_174' title='bbox 1004 2106 1028 2158; x_wconf 88' lang='grc'><em>9.</em></span> <span class='ocrx_word' id='word_1_175' title='bbox 1048 2104 1119 2158; x_wconf 60' lang='grc' dir='ltr'><em>9918ι</em></span> <span class='ocrx_word' id='word_1_176' title='bbox 1138 2103 1173 2156; x_wconf 77' lang='lat'><em>20</em></span> <span class='ocrx_word' id='word_1_177' title='bbox 1201 2105 1232 2154; x_wconf 88' lang='grc' dir='ltr'><em>τὸ</em></span> <span class='ocrx_word' id='word_1_178' title='bbox 1251 2102 1283 2155; x_wconf 81' lang='grc' dir='ltr'><em>δὲ</em></span> 
     </span>
     <span class='ocr_line' id='line_1_19' title="bbox 161 2192 1282 2270; baseline -0.004 -23"><span class='ocrx_word' id='word_1_179' title='bbox 161 2199 251 2264; x_wconf 78' lang='grc' dir='ltr'><em>λέγειν</em></span> <span class='ocrx_word' id='word_1_180' title='bbox 268 2195 357 2264; x_wconf 79' lang='lat' dir='ltr'>inquit</span> <span class='ocrx_word' id='word_1_181' title='bbox 375 2196 593 2270; x_wconf 81' lang='grc' dir='ltr'><em>παραδείγματα</em></span> <span class='ocrx_word' id='word_1_182' title='bbox 612 2197 682 2248; x_wconf 81' lang='grc' dir='ltr'><em>αδτίι</em></span> <span class='ocrx_word' id='word_1_183' title='bbox 701 2196 771 2248; x_wconf 82' lang='grc' dir='ltr'><em>εἶναι</em></span> <span class='ocrx_word' id='word_1_184' title='bbox 789 2199 836 2248; x_wconf 86' lang='grc' dir='ltr'><em>καὶ</em></span> <span class='ocrx_word' id='word_1_185' title='bbox 851 2198 977 2266; x_wconf 77' lang='grc' dir='ltr'><em>μετέχειν</em></span> <span class='ocrx_word' id='word_1_186' title='bbox 996 2195 1086 2245; x_wconf 83' lang='grc' dir='ltr'><em>αὐτῶν</em></span> <span class='ocrx_word' id='word_1_187' title='bbox 1104 2192 1190 2244; x_wconf 76' lang='grc' dir='ltr'><em>τᾶλλα</em></span> <span class='ocrx_word' id='word_1_188' title='bbox 1208 2209 1282 2243; x_wconf 85' lang='grc' dir='ltr'><em>κενο-</em></span> 
     </span>
    </p>
   </div>
   <div class='ocr_carea' id='block_1_4' title="bbox 161 2275 1283 2439">
    <p class='ocr_par' dir='ltr' id='par_1_4' title="bbox 161 2275 1283 2439">
     <span class='ocr_line' id='line_1_20' title="bbox 161 2275 1283 2357; baseline -0.004 -21"><span class='ocrx_word' id='word_1_189' title='bbox 161 2286 254 2352; x_wconf 80' lang='grc' dir='ltr'><em>λογεῖν</em></span> <span class='ocrx_word' id='word_1_190' title='bbox 272 2287 331 2337; x_wconf 74' lang='grc' dir='ltr'><em>ἐστι</em></span> <span class='ocrx_word' id='word_1_191' title='bbox 349 2289 396 2337; x_wconf 90' lang='grc' dir='ltr'><em>καὶ</em></span> <span class='ocrx_word' id='word_1_192' title='bbox 413 2286 574 2357; x_wconf 77' lang='grc' dir='ltr'><em>μεταφορὰς</em></span> <span class='ocrx_word' id='word_1_193' title='bbox 592 2288 681 2353; x_wconf 74' lang='grc' dir='ltr'><em>λέγειν</em></span> <span class='ocrx_word' id='word_1_194' title='bbox 700 2275 848 2349; x_wconf 80' lang='grc' dir='ltr'><em>ποιητικάς.</em></span> <span class='ocrx_word' id='word_1_195' title='bbox 877 2281 1004 2334; x_wconf 77' lang='lat' dir='ltr'>Similiter</span> <span class='ocrx_word' id='word_1_196' title='bbox 1022 2281 1100 2333; x_wconf 87' lang='lat' dir='ltr'>Plato</span> <span class='ocrx_word' id='word_1_197' title='bbox 1119 2280 1196 2332; x_wconf 88' lang='lat' dir='ltr'>deum</span> <span class='ocrx_word' id='word_1_198' title='bbox 1214 2295 1283 2332; x_wconf 85' lang='lat' dir='ltr'>cree-</span> 
     </span>
     <span class='ocr_line' id='line_1_21' title="bbox 161 2369 1041 2439; baseline -0.002 -13"><span class='ocrx_word' id='word_1_199' title='bbox 161 2375 247 2426; x_wconf 85' lang='lat' dir='ltr'>terem</span> <span class='ocrx_word' id='word_1_200' title='bbox 264 2373 294 2426; x_wconf 85' lang='lat' dir='ltr'><em>In</em></span> <span class='ocrx_word' id='word_1_201' title='bbox 311 2372 384 2425; x_wconf 84' lang='lat' dir='ltr'>ideas</span> <span class='ocrx_word' id='word_1_202' title='bbox 402 2372 552 2426; x_wconf 80' lang='lat' dir='ltr'>intuentem</span> <span class='ocrx_word' id='word_1_203' title='bbox 570 2372 633 2426; x_wconf 73' lang='lat' dir='ltr'>facit</span> <span class='ocrx_word' id='word_1_204' title='bbox 651 2372 717 2425; x_wconf 83' lang='lat' dir='ltr'>Tim.</span> <span class='ocrx_word' id='word_1_205' title='bbox 736 2372 771 2426; x_wconf 80' lang='lat'><em>28</em></span> <span class='ocrx_word' id='word_1_206' title='bbox 780 2370 812 2425; x_wconf 84' lang='lat' dir='ltr'><em>A.</em></span> <span class='ocrx_word' id='word_1_207' title='bbox 831 2369 904 2426; x_wconf 81' lang='lat'>300.</span> <span class='ocrx_word' id='word_1_208' title='bbox 923 2369 991 2424; x_wconf 76' lang='lat'>501)</span> <span class='ocrx_word' id='word_1_209' title='bbox 1003 2386 1041 2439; x_wconf 86' lang='lat' dir='ltr'><em>sq.</em></span> 
     </span>
    </p>
   </div>
   <div class='ocr_carea' id='block_1_5' title="bbox 233 2513 724 2582">
    <p class='ocr_par' dir='ltr' id='par_1_5' title="bbox 233 2513 724 2582">
     <span class='ocr_line' id='line_1_22' title="bbox 233 2513 724 2582; baseline -0.004 -14"><span class='ocrx_word' id='word_1_210' title='bbox 233 2513 264 2568; x_wconf 81' lang='lat' dir='ltr'><em>b.</em></span> <span class='ocrx_word' id='word_1_211' title='bbox 292 2514 332 2566; x_wconf 91' lang='lat' dir='ltr'>De</span> <span class='ocrx_word' id='word_1_212' title='bbox 350 2513 523 2582; x_wconf 81' lang='lat' dir='ltr'>Pythagoreis</span> <span class='ocrx_word' id='word_1_213' title='bbox 542 2514 572 2566; x_wconf 87' lang='lat' dir='ltr'>ef.</span> <span class='ocrx_word' id='word_1_214' title='bbox 591 2519 635 2565; x_wconf 79' lang='lat' dir='ltr'><em>R?</em></span> <span class='ocrx_word' id='word_1_215' title='bbox 654 2513 690 2567; x_wconf 82' lang='lat'><em>54</em></span> <span class='ocrx_word' id='word_1_216' title='bbox 700 2513 724 2566; x_wconf 89' lang='lat' dir='ltr'><em>d.</em></span> 
     </span>
    </p>
   </div>
   <div class='ocr_carea' id='block_1_6' title="bbox 162 2651 1285 3346">
    <p class='ocr_par' dir='ltr' id='par_1_6' title="bbox 162 2651 1285 3346">
     <span class='ocr_line' id='line_1_23' title="bbox 234 2651 1284 2729; baseline -0.008 -18"><span class='ocrx_word' id='word_1_217' title='bbox 234 2669 261 2711; x_wconf 74' lang='grc' dir='ltr'><em>θ.</em></span> <span class='ocrx_word' id='word_1_218' title='bbox 290 2655 374 2709; x_wconf 72' lang='lat' dir='ltr'>Arist.</span> <span class='ocrx_word' id='word_1_219' title='bbox 394 2656 458 2710; x_wconf 82' lang='lat' dir='ltr'>Mel.</span> <span class='ocrx_word' id='word_1_220' title='bbox 477 2657 529 2710; x_wconf 89' lang='grc' dir='ltr'><em>Ι6,</em></span> <span class='ocrx_word' id='word_1_221' title='bbox 548 2657 619 2711; x_wconf 65' lang='grc'><em>9889</em></span> <span class='ocrx_word' id='word_1_222' title='bbox 638 2657 655 2710; x_wconf 88' lang='grc'>8</span> <span class='ocrx_word' id='word_1_223' title='bbox 675 2657 796 2729; x_wconf 86' lang='grc' dir='ltr'><em>φανερὸν</em></span> <span class='ocrx_word' id='word_1_224' title='bbox 810 2651 838 2708; x_wconf 77' lang='grc' dir='ltr'><em>δ’</em></span> <span class='ocrx_word' id='word_1_225' title='bbox 860 2657 888 2708; x_wconf 77' lang='grc' dir='ltr'><em>ἐκ</em></span> <span class='ocrx_word' id='word_1_226' title='bbox 907 2664 961 2706; x_wconf 85' lang='grc' dir='ltr'><em>τῶν</em></span> <span class='ocrx_word' id='word_1_227' title='bbox 979 2657 1128 2725; x_wconf 78' lang='grc' dir='ltr'><em>εἰρημένων</em></span> <span class='ocrx_word' id='word_1_228' title='bbox 1146 2653 1188 2704; x_wconf 85' lang='grc' dir='ltr'><em>ὅτι</em></span> <span class='ocrx_word' id='word_1_229' title='bbox 1203 2651 1284 2704; x_wconf 84' lang='grc' dir='ltr'><em>δυοῖν</em></span> 
     </span>
     <span class='ocr_line' id='line_1_24' title="bbox 162 2741 1282 2819; baseline -0.007 -19"><span class='ocrx_word' id='word_1_230' title='bbox 162 2751 268 2800; x_wconf 88' lang='grc' dir='ltr'><em>αἰτίαιν</em></span> <span class='ocrx_word' id='word_1_231' title='bbox 286 2749 346 2798; x_wconf 76' lang='grc' dir='ltr'><em>ἐστὶ</em></span> <span class='ocrx_word' id='word_1_232' title='bbox 363 2747 452 2816; x_wconf 87' lang='grc' dir='ltr'><em>μόνον</em></span> <span class='ocrx_word' id='word_1_233' title='bbox 470 2751 641 2819; x_wconf 83' lang='grc' dir='ltr'><em>κεχρημένος,</em></span> <span class='ocrx_word' id='word_1_234' title='bbox 661 2748 693 2816; x_wconf 78' lang='grc' dir='ltr'><em>τῇ</em></span> <span class='ocrx_word' id='word_1_235' title='bbox 712 2763 739 2796; x_wconf 89' lang='grc' dir='ltr'><em>τε</em></span> <span class='ocrx_word' id='word_1_236' title='bbox 760 2755 809 2796; x_wconf 85' lang='grc' dir='ltr'><em>τοῦ</em></span> <span class='ocrx_word' id='word_1_237' title='bbox 827 2749 855 2796; x_wconf 90' lang='grc' dir='ltr'><em>τί</em></span> <span class='ocrx_word' id='word_1_238' title='bbox 872 2745 931 2796; x_wconf 72' lang='grc' dir='ltr'><em>ἐστι</em></span> <span class='ocrx_word' id='word_1_239' title='bbox 948 2747 995 2796; x_wconf 88' lang='grc' dir='ltr'><em>καὶ</em></span> <span class='ocrx_word' id='word_1_240' title='bbox 1010 2745 1041 2814; x_wconf 72' lang='grc' dir='ltr'><em>τῇ</em></span> <span class='ocrx_word' id='word_1_241' title='bbox 1055 2743 1125 2794; x_wconf 80' lang='grc' dir='ltr'><em>κατὰ</em></span> <span class='ocrx_word' id='word_1_242' title='bbox 1145 2742 1192 2806; x_wconf 84' lang='grc' dir='ltr'><em>τὴν</em></span> <span class='ocrx_word' id='word_1_243' title='bbox 1207 2741 1282 2806; x_wconf 81' lang='grc' dir='ltr'><em>δίην·</em></span> 
     </span>
     <span class='ocr_line' id='line_1_25' title="bbox 162 2826 1284 2907; baseline -0.006 -20"><span class='ocrx_word' id='word_1_244' title='bbox 162 2837 198 2887; x_wconf 89' lang='grc' dir='ltr'><em>τδι</em></span> <span class='ocrx_word' id='word_1_245' title='bbox 216 2836 271 2907; x_wconf 80' lang='grc' dir='ltr'><em>γὰρ</em></span> <span class='ocrx_word' id='word_1_246' title='bbox 290 2834 350 2900; x_wconf 86' lang='grc' dir='ltr'><em>εἴδη</em></span> <span class='ocrx_word' id='word_1_247' title='bbox 369 2843 419 2886; x_wconf 85' lang='grc' dir='ltr'><em>τοῦ</em></span> <span class='ocrx_word' id='word_1_248' title='bbox 437 2839 465 2886; x_wconf 89' lang='grc' dir='ltr'><em>τί</em></span> <span class='ocrx_word' id='word_1_249' title='bbox 482 2837 557 2887; x_wconf 76' lang='grc' dir='ltr'><em>ἐστιν</em></span> <span class='ocrx_word' id='word_1_250' title='bbox 576 2838 652 2885; x_wconf 90' lang='grc' dir='ltr'><em>αἴτια</em></span> <span class='ocrx_word' id='word_1_251' title='bbox 672 2839 729 2892; x_wconf 85' lang='grc' dir='ltr'><em>τοίς</em></span> <span class='ocrx_word' id='word_1_252' title='bbox 749 2835 853 2896; x_wconf 67' lang='grc' dir='ltr'><em>ἄλλοις,</em></span> <span class='ocrx_word' id='word_1_253' title='bbox 882 2837 940 2891; x_wconf 85' lang='grc' dir='ltr'><em>τοῖς</em></span> <span class='ocrx_word' id='word_1_254' title='bbox 959 2826 988 2884; x_wconf 82' lang='grc' dir='ltr'><em>δ’</em></span> <span class='ocrx_word' id='word_1_255' title='bbox 1006 2830 1093 2884; x_wconf 84' lang='grc' dir='ltr'><em>εἴδεσι</em></span> <span class='ocrx_word' id='word_1_256' title='bbox 1117 2831 1148 2881; x_wconf 86' lang='grc' dir='ltr'><em>τὸ</em></span> <span class='ocrx_word' id='word_1_257' title='bbox 1167 2829 1210 2882; x_wconf 62' lang='lat' dir='ltr'><em>iv:</em></span> <span class='ocrx_word' id='word_1_258' title='bbox 1239 2827 1284 2880; x_wconf 87' lang='lat' dir='ltr'>sed</span> 
     </span>
     <span class='ocr_line' id='line_1_26' title="bbox 162 2917 1284 2990; baseline -0.005 -15"><span class='ocrx_word' id='word_1_259' title='bbox 162 2922 329 2990; x_wconf 81' lang='lat' dir='ltr'>singularum</span> <span class='ocrx_word' id='word_1_260' title='bbox 347 2939 435 2974; x_wconf 86' lang='lat' dir='ltr'>rerum</span> <span class='ocrx_word' id='word_1_261' title='bbox 453 2925 551 2974; x_wconf 84' lang='lat' dir='ltr'>natura</span> <span class='ocrx_word' id='word_1_262' title='bbox 568 2921 675 2973; x_wconf 88' lang='lat' dir='ltr'>minime</span> <span class='ocrx_word' id='word_1_263' title='bbox 693 2921 733 2972; x_wconf 86' lang='lat' dir='ltr'>ita</span> <span class='ocrx_word' id='word_1_264' title='bbox 751 2920 949 2990; x_wconf 83' lang='lat' dir='ltr'>expediebatur,</span> <span class='ocrx_word' id='word_1_265' title='bbox 973 2937 996 2971; x_wconf 92' lang='lat' dir='ltr'><em>v.</em></span> <span class='ocrx_word' id='word_1_266' title='bbox 1015 2918 1079 2971; x_wconf 88' lang='lat' dir='ltr'>Met.</span> <span class='ocrx_word' id='word_1_267' title='bbox 1099 2917 1113 2969; x_wconf 97' lang='lat' dir='ltr'><strong>I</strong></span> <span class='ocrx_word' id='word_1_268' title='bbox 1131 2918 1156 2970; x_wconf 84' lang='lat'><em>9.</em></span> <span class='ocrx_word' id='word_1_269' title='bbox 1176 2918 1248 2972; x_wconf 70' lang='lat'><em>991²</em></span> <span class='ocrx_word' id='word_1_270' title='bbox 1267 2917 1284 2969; x_wconf 87' lang='grc'>8</span> 
     </span>
     <span class='ocr_line' id='line_1_27' title="bbox 162 3006 1284 3084; baseline -0.006 -19"><span class='ocrx_word' id='word_1_271' title='bbox 162 3015 277 3065; x_wconf 87' lang='grc' dir='ltr'><em>ττοίντων</em></span> <span class='ocrx_word' id='word_1_272' title='bbox 295 3011 328 3064; x_wconf 74' lang='grc' dir='ltr'><em>δὲ</em></span> <span class='ocrx_word' id='word_1_273' title='bbox 345 3015 468 3082; x_wconf 80' lang='grc' dir='ltr'><em>μάλιστα</em></span> <span class='ocrx_word' id='word_1_274' title='bbox 487 3011 683 3084; x_wconf 83' lang='grc' dir='ltr'><em>διαπορήσειεν</em></span> <span class='ocrx_word' id='word_1_275' title='bbox 702 3013 736 3062; x_wconf 84' lang='grc' dir='ltr'><em>ίίν</em></span> <span class='ocrx_word' id='word_1_276' title='bbox 755 3029 807 3074; x_wconf 88' lang='grc' dir='ltr'><em>τις,</em></span> <span class='ocrx_word' id='word_1_277' title='bbox 837 3015 865 3061; x_wconf 91' lang='grc' dir='ltr'><em>τί</em></span> <span class='ocrx_word' id='word_1_278' title='bbox 883 3027 949 3062; x_wconf 87' lang='grc' dir='ltr'><em>ποτε</em></span> <span class='ocrx_word' id='word_1_279' title='bbox 969 3011 1154 3079; x_wconf 77' lang='grc' dir='ltr'><em>συμβάλλεται</em></span> <span class='ocrx_word' id='word_1_280' title='bbox 1172 3008 1207 3058; x_wconf 83' lang='grc' dir='ltr'><em>τίι</em></span> <span class='ocrx_word' id='word_1_281' title='bbox 1226 3006 1284 3072; x_wconf 85' lang='grc' dir='ltr'><em>εἴδη</em></span> 
     </span>
     <span class='ocr_line' id='line_1_28' title="bbox 162 3099 1285 3170; baseline -0.005 -17"><span class='ocrx_word' id='word_1_282' title='bbox 162 3105 179 3166; x_wconf 78' lang='grc' dir='ltr'><em>ἢ</em></span> <span class='ocrx_word' id='word_1_283' title='bbox 198 3107 256 3160; x_wconf 88' lang='grc' dir='ltr'><em>τοῖς</em></span> <span class='ocrx_word' id='word_1_284' title='bbox 275 3100 378 3160; x_wconf 86' lang='grc' dir='ltr'><em>ἀιδίοις</em></span> <span class='ocrx_word' id='word_1_285' title='bbox 397 3111 450 3152; x_wconf 87' lang='grc' dir='ltr'><em>τῶν</em></span> <span class='ocrx_word' id='word_1_286' title='bbox 469 3105 610 3166; x_wconf 89' lang='grc' dir='ltr'><em>αἰσθητῶν</em></span> <span class='ocrx_word' id='word_1_287' title='bbox 628 3103 643 3165; x_wconf 80' lang='grc' dir='ltr'>ἢ</span> <span class='ocrx_word' id='word_1_288' title='bbox 663 3105 720 3159; x_wconf 85' lang='grc' dir='ltr'><em>τοῖς</em></span> <span class='ocrx_word' id='word_1_289' title='bbox 737 3102 913 3170; x_wconf 76' lang='grc' dir='ltr'><em>γιγνομένοις</em></span> <span class='ocrx_word' id='word_1_290' title='bbox 931 3101 977 3149; x_wconf 88' lang='grc' dir='ltr'><em>καὶ</em></span> <span class='ocrx_word' id='word_1_291' title='bbox 996 3101 1203 3169; x_wconf 78' lang='grc' dir='ltr'><em>φθειρομένοις·</em></span> <span class='ocrx_word' id='word_1_292' title='bbox 1224 3099 1285 3148; x_wconf 75' lang='grc' dir='ltr'><em>οὔτε</em></span> 
     </span>
     <span class='ocr_line' id='line_1_29' title="bbox 162 3183 1285 3262; baseline -0.005 -20"><span class='ocrx_word' id='word_1_293' title='bbox 162 3191 218 3262; x_wconf 83' lang='grc' dir='ltr'><em>γὰρ</em></span> <span class='ocrx_word' id='word_1_294' title='bbox 240 3191 369 3256; x_wconf 87' lang='grc' dir='ltr'><em>κινήσεως</em></span> <span class='ocrx_word' id='word_1_295' title='bbox 394 3193 454 3242; x_wconf 84' lang='grc' dir='ltr'><em>οἰίτε</em></span> <span class='ocrx_word' id='word_1_296' title='bbox 478 3192 628 3261; x_wconf 78' lang='grc' dir='ltr'><em>μεταβολῆς</em></span> <span class='ocrx_word' id='word_1_297' title='bbox 657 3189 789 3259; x_wconf 83' lang='grc' dir='ltr'><em>οὐδεμιᾶς</em></span> <span class='ocrx_word' id='word_1_298' title='bbox 807 3189 882 3240; x_wconf 72' lang='grc' dir='ltr'><em>ἐστιν</em></span> <span class='ocrx_word' id='word_1_299' title='bbox 907 3191 982 3238; x_wconf 90' lang='grc' dir='ltr'><em>αἴτια</em></span> <span class='ocrx_word' id='word_1_300' title='bbox 1003 3188 1102 3249; x_wconf 80' lang='grc' dir='ltr'><em>αὐτοῖς,</em></span> <span class='ocrx_word' id='word_1_301' title='bbox 1128 3185 1159 3238; x_wconf 86' lang='lat' dir='ltr'>ef.</span> <span class='ocrx_word' id='word_1_302' title='bbox 1178 3183 1232 3236; x_wconf 89' lang='lat' dir='ltr'><em>XII</em></span> <span class='ocrx_word' id='word_1_303' title='bbox 1251 3183 1285 3236; x_wconf 87' lang='lat'><em>10</em></span> 
     </span>
     <span class='ocr_line' id='line_1_30' title="bbox 162 3277 448 3346; baseline -0.003 -16"><span class='ocrx_word' id='word_1_304' title='bbox 162 3281 240 3346; x_wconf 65' lang='lat' dir='ltr'>extr„</span> <span class='ocrx_word' id='word_1_305' title='bbox 258 3277 325 3330; x_wconf 89' lang='lat' dir='ltr'><strong>XIII</strong></span> <span class='ocrx_word' id='word_1_306' title='bbox 344 3279 360 3331; x_wconf 87' lang='lat'><strong>9</strong></span> <span class='ocrx_word' id='word_1_307' title='bbox 382 3280 448 3330; x_wconf 86' lang='lat' dir='ltr'>extr.</span> 
     </span>
    </p>
   </div>
   <div class='ocr_carea' id='block_1_7' title="bbox 163 3416 1286 4020">
    <p class='ocr_par' dir='ltr' id='par_1_7' title="bbox 163 3416 1286 4020">
     <span class='ocr_line' id='line_1_31' title="bbox 236 3416 1284 3490; baseline -0.008 -18"><span class='ocrx_word' id='word_1_308' title='bbox 236 3419 266 3476; x_wconf 72' lang='lat'><em>⁴1.</em></span> <span class='ocrx_word' id='word_1_309' title='bbox 294 3419 358 3472; x_wconf 76' lang='lat' dir='ltr'>Met.</span> <span class='ocrx_word' id='word_1_310' title='bbox 377 3419 429 3470; x_wconf 87' lang='lat' dir='ltr'><em>VH</em></span> <span class='ocrx_word' id='word_1_311' title='bbox 447 3420 471 3472; x_wconf 77' lang='grc'><em>2.</em></span> <span class='ocrx_word' id='word_1_312' title='bbox 491 3418 580 3472; x_wconf 62' lang='grc'><em>10281)</em></span> <span class='ocrx_word' id='word_1_313' title='bbox 599 3419 633 3472; x_wconf 88' lang='grc'><em>18</em></span> <span class='ocrx_word' id='word_1_314' title='bbox 654 3419 693 3471; x_wconf 76' lang='grc' dir='ltr'><em>ἔτι</em></span> <span class='ocrx_word' id='word_1_315' title='bbox 713 3419 789 3490; x_wconf 81' lang='grc' dir='ltr'><em>παρὰ</em></span> <span class='ocrx_word' id='word_1_316' title='bbox 808 3419 842 3469; x_wconf 83' lang='grc' dir='ltr'><em>τὰ</em></span> <span class='ocrx_word' id='word_1_317' title='bbox 862 3417 982 3482; x_wconf 87' lang='grc' dir='ltr'><em>αἰσθητὰ</em></span> <span class='ocrx_word' id='word_1_318' title='bbox 1003 3416 1095 3486; x_wconf 77' lang='grc' dir='ltr'><em>οἱμὲν</em></span> <span class='ocrx_word' id='word_1_319' title='bbox 1111 3416 1159 3466; x_wconf 83' lang='grc' dir='ltr'><em>οὐκ</em></span> <span class='ocrx_word' id='word_1_320' title='bbox 1178 3419 1284 3466; x_wconf 89' lang='grc' dir='ltr'><em>οἴονται</em></span> 
     </span>
     <span class='ocr_line' id='line_1_32' title="bbox 163 3502 1284 3577; baseline -0.007 -16"><span class='ocrx_word' id='word_1_321' title='bbox 163 3509 235 3562; x_wconf 80' lang='grc' dir='ltr'><em>εἶναι</em></span> <span class='ocrx_word' id='word_1_322' title='bbox 255 3509 339 3561; x_wconf 76' lang='grc' dir='ltr'><em>οὐθὲν</em></span> <span class='ocrx_word' id='word_1_323' title='bbox 357 3518 495 3570; x_wconf 83' lang='grc' dir='ltr'><em>τοιοῦτον,</em></span> <span class='ocrx_word' id='word_1_324' title='bbox 517 3511 543 3560; x_wconf 83' lang='grc' dir='ltr'><em>οἱ</em></span> <span class='ocrx_word' id='word_1_325' title='bbox 562 3506 593 3560; x_wconf 82' lang='grc' dir='ltr'><em>δὲ</em></span> <span class='ocrx_word' id='word_1_326' title='bbox 612 3510 696 3560; x_wconf 79' lang='grc' dir='ltr'><em>πλείω</em></span> <span class='ocrx_word' id='word_1_327' title='bbox 714 3511 759 3559; x_wconf 91' lang='grc' dir='ltr'><em>καὶ</em></span> <span class='ocrx_word' id='word_1_328' title='bbox 777 3509 884 3577; x_wconf 75' lang='grc' dir='ltr'><em>μᾶλλον</em></span> <span class='ocrx_word' id='word_1_329' title='bbox 903 3509 969 3558; x_wconf 81' lang='grc' dir='ltr'><em>ὄντα</em></span> <span class='ocrx_word' id='word_1_330' title='bbox 989 3504 1076 3566; x_wconf 81' lang='grc' dir='ltr'><em>ἀίδια,</em></span> <span class='ocrx_word' id='word_1_331' title='bbox 1096 3502 1187 3574; x_wconf 80' lang='grc' dir='ltr'><em>ὥσπερ</em></span> <span class='ocrx_word' id='word_1_332' title='bbox 1207 3504 1284 3554; x_wconf 80' lang='grc' dir='ltr'><em>Πίοί-</em></span> 
     </span>
     <span class='ocr_line' id='line_1_33' title="bbox 164 3592 1286 3667; baseline -0.008 -17"><span class='ocrx_word' id='word_1_333' title='bbox 164 3617 220 3650; x_wconf 91' lang='grc' dir='ltr'><em>των</em></span> <span class='ocrx_word' id='word_1_334' title='bbox 248 3600 283 3649; x_wconf 90' lang='grc' dir='ltr'><em>τοί</em></span> <span class='ocrx_word' id='word_1_335' title='bbox 311 3616 339 3650; x_wconf 85' lang='grc' dir='ltr'><em>τε</em></span> <span class='ocrx_word' id='word_1_336' title='bbox 359 3597 418 3663; x_wconf 89' lang='grc' dir='ltr'><em>εἴδη</em></span> <span class='ocrx_word' id='word_1_337' title='bbox 446 3600 492 3649; x_wconf 85' lang='grc' dir='ltr'><em>καὶ</em></span> <span class='ocrx_word' id='word_1_338' title='bbox 511 3598 544 3648; x_wconf 88' lang='grc' dir='ltr'><em>τὰ</em></span> <span class='ocrx_word' id='word_1_339' title='bbox 563 3597 748 3667; x_wconf 81' lang='grc' dir='ltr'><em>μαθηματικὰ</em></span> <span class='ocrx_word' id='word_1_340' title='bbox 767 3595 820 3647; x_wconf 83' lang='grc' dir='ltr'><em>δύο</em></span> <span class='ocrx_word' id='word_1_341' title='bbox 840 3596 948 3657; x_wconf 86' lang='grc' dir='ltr'><em>οὐσίας,</em></span> <span class='ocrx_word' id='word_1_342' title='bbox 978 3598 1070 3663; x_wconf 88' lang='grc' dir='ltr'><em>τρίτην</em></span> <span class='ocrx_word' id='word_1_343' title='bbox 1098 3593 1129 3645; x_wconf 78' lang='grc' dir='ltr'><em>δὲ</em></span> <span class='ocrx_word' id='word_1_344' title='bbox 1158 3592 1205 3656; x_wconf 87' lang='grc' dir='ltr'><em>τὴν</em></span> <span class='ocrx_word' id='word_1_345' title='bbox 1233 3601 1286 3642; x_wconf 90' lang='grc' dir='ltr'><em>τῶν</em></span> 
     </span>
     <span class='ocr_line' id='line_1_34' title="bbox 164 3679 1286 3752; baseline -0.007 -14"><span class='ocrx_word' id='word_1_346' title='bbox 164 3692 308 3752; x_wconf 74' lang='grc' dir='ltr'><em>αἰσθητῶν</em></span> <span class='ocrx_word' id='word_1_347' title='bbox 337 3688 473 3738; x_wconf 82' lang='grc' dir='ltr'><em>σωωιίτων</em></span> <span class='ocrx_word' id='word_1_348' title='bbox 501 3687 606 3737; x_wconf 83' lang='grc' dir='ltr'><em>οὐσίαν,</em></span> <span class='ocrx_word' id='word_1_349' title='bbox 635 3710 668 3719; x_wconf 89' lang='grc'><strong>-</strong></span> <span class='ocrx_word' id='word_1_350' title='bbox 696 3679 976 3736; x_wconf 77' lang='lat' dir='ltr'>ibid.1116.1002b</span> <span class='ocrx_word' id='word_1_351' title='bbox 1005 3681 1040 3732; x_wconf 85' lang='lat'><em>14</em></span> <span class='ocrx_word' id='word_1_352' title='bbox 1065 3682 1098 3732; x_wconf 82' lang='grc' dir='ltr'><em>τὰ</em></span> <span class='ocrx_word' id='word_1_353' title='bbox 1122 3680 1175 3750; x_wconf 75' lang='grc' dir='ltr'><em>μὲν</em></span> <span class='ocrx_word' id='word_1_354' title='bbox 1192 3685 1286 3750; x_wconf 88' lang='grc' dir='ltr'><em>μαθη-</em></span> 
     </span>
     <span class='ocr_line' id='line_1_35' title="bbox 163 3762 1283 3846; baseline -0.009 -20"><span class='ocrx_word' id='word_1_355' title='bbox 163 3775 271 3846; x_wconf 82' lang='grc' dir='ltr'><em>ματικὰ</em></span> <span class='ocrx_word' id='word_1_356' title='bbox 290 3784 343 3826; x_wconf 84' lang='grc' dir='ltr'><em>τῶν</em></span> <span class='ocrx_word' id='word_1_357' title='bbox 363 3773 444 3844; x_wconf 81' lang='grc' dir='ltr'><em>δεῦρο</em></span> <span class='ocrx_word' id='word_1_358' title='bbox 462 3774 527 3838; x_wconf 89' lang='grc' dir='ltr'><em>(τῶν</em></span> <span class='ocrx_word' id='word_1_359' title='bbox 547 3772 696 3838; x_wconf 82' lang='grc' dir='ltr'><em>αἰσθητῶν)</em></span> <span class='ocrx_word' id='word_1_360' title='bbox 716 3775 786 3839; x_wconf 61' lang='lat' dir='ltr'>tile</span> <span class='ocrx_word' id='word_1_361' title='bbox 804 3776 857 3842; x_wconf 84' lang='grc' dir='ltr'><em>μέν</em></span> <span class='ocrx_word' id='word_1_362' title='bbox 875 3791 929 3822; x_wconf 89' lang='grc' dir='ltr'><em>τινι</em></span> <span class='ocrx_word' id='word_1_363' title='bbox 949 3769 1082 3840; x_wconf 74' lang='grc' dir='ltr'><em>διαηιέρει,</em></span> <span class='ocrx_word' id='word_1_364' title='bbox 1102 3771 1139 3834; x_wconf 83' lang='grc' dir='ltr'><em>τῷ</em></span> <span class='ocrx_word' id='word_1_365' title='bbox 1158 3767 1189 3820; x_wconf 81' lang='grc' dir='ltr'><em>δὲ</em></span> <span class='ocrx_word' id='word_1_366' title='bbox 1204 3762 1283 3818; x_wconf 74' lang='grc' dir='ltr'><em>πόλλ’</em></span> 
     </span>
     <span class='ocr_line' id='line_1_36' title="bbox 165 3853 1286 3934; baseline -0.01 -18"><span class='ocrx_word' id='word_1_367' title='bbox 165 3867 236 3916; x_wconf 70' lang='grc' dir='ltr'><em>ἄττα</em></span> <span class='ocrx_word' id='word_1_368' title='bbox 257 3862 373 3933; x_wconf 84' lang='grc' dir='ltr'><em>ὁμοειδῆ</em></span> <span class='ocrx_word' id='word_1_369' title='bbox 392 3862 462 3914; x_wconf 80' lang='grc' dir='ltr'><em>εἶναι</em></span> <span class='ocrx_word' id='word_1_370' title='bbox 482 3863 565 3914; x_wconf 79' lang='grc' dir='ltr'><em>οὐθὲν</em></span> <span class='ocrx_word' id='word_1_371' title='bbox 584 3861 718 3934; x_wconf 76' lang='grc' dir='ltr'><em>διαφέρει.</em></span> <span class='ocrx_word' id='word_1_372' title='bbox 754 3859 849 3928; x_wconf 87' lang='lat' dir='ltr'>Itaque</span> <span class='ocrx_word' id='word_1_373' title='bbox 867 3856 1061 3924; x_wconf 79' lang='lat' dir='ltr'>mathematica,</span> <span class='ocrx_word' id='word_1_374' title='bbox 1080 3872 1138 3906; x_wconf 89' lang='lat' dir='ltr'>eum</span> <span class='ocrx_word' id='word_1_375' title='bbox 1157 3855 1184 3906; x_wconf 90' lang='lat' dir='ltr'>in</span> <span class='ocrx_word' id='word_1_376' title='bbox 1202 3853 1286 3906; x_wconf 85' lang='lat' dir='ltr'>medio</span> 
     </span>
     <span class='ocr_line' id='line_1_37' title="bbox 163 3943 1286 4020; baseline -0.008 -18"><span class='ocrx_word' id='word_1_377' title='bbox 163 3951 254 4020; x_wconf 89' lang='lat' dir='ltr'>posita</span> <span class='ocrx_word' id='word_1_378' title='bbox 273 3950 328 4002; x_wconf 88' lang='lat' dir='ltr'>sint</span> <span class='ocrx_word' id='word_1_379' title='bbox 345 3950 416 4002; x_wconf 85' lang='lat' dir='ltr'>inter</span> <span class='ocrx_word' id='word_1_380' title='bbox 435 3949 569 4002; x_wconf 83' lang='lat' dir='ltr'>sensibilia</span> <span class='ocrx_word' id='word_1_381' title='bbox 588 3952 615 4001; x_wconf 88' lang='lat' dir='ltr'>et</span> <span class='ocrx_word' id='word_1_382' title='bbox 633 3949 720 4011; x_wconf 79' lang='lat' dir='ltr'>ideae,</span> <span class='ocrx_word' id='word_1_383' title='bbox 745 3965 821 4017; x_wconf 90' lang='lat' dir='ltr'>saepe</span> <span class='ocrx_word' id='word_1_384' title='bbox 846 3948 878 4000; x_wconf 89' lang='lat' dir='ltr'><em>ab</em></span> <span class='ocrx_word' id='word_1_385' title='bbox 896 3944 1041 4000; x_wconf 84' lang='lat' dir='ltr'>Aristotele</span> <span class='ocrx_word' id='word_1_386' title='bbox 1066 3943 1234 4013; x_wconf 86' lang='lat' dir='ltr'>appellantur</span> <span class='ocrx_word' id='word_1_387' title='bbox 1252 3944 1286 3994; x_wconf 79' lang='grc' dir='ltr'><em>τὰ</em></span> 
     </span>
    </p>
   </div>
   <div class='ocr_carea' id='block_1_8' title="bbox 143 4032 1288 4244">
    <p class='ocr_par' dir='ltr' id='par_1_8' title="bbox 143 4032 1288 4244">
     <span class='ocr_line' id='line_1_38' title="bbox 143 4032 753 4112; baseline -0.005 -19"><span class='ocrx_word' id='word_1_388' title='bbox 143 4032 145 4034; x_wconf 51' lang='grc'><strong>’</strong></span> <span class='ocrx_word' id='word_1_389' title='bbox 162 4040 279 4112; x_wconf 81' lang='grc' dir='ltr'><em>μεταξύ,</em></span> <span class='ocrx_word' id='word_1_390' title='bbox 298 4038 371 4090; x_wconf 85' lang='lat' dir='ltr'>velut</span> <span class='ocrx_word' id='word_1_391' title='bbox 389 4037 452 4090; x_wconf 87' lang='lat' dir='ltr'>Met.</span> <span class='ocrx_word' id='word_1_392' title='bbox 471 4037 554 4090; x_wconf 79' lang='lat'>1112.</span> <span class='ocrx_word' id='word_1_393' title='bbox 574 4037 647 4092; x_wconf 76' lang='lat' dir='ltr'>997b</span> <span class='ocrx_word' id='word_1_394' title='bbox 666 4037 691 4090; x_wconf 79' lang='grc'><em>2.</em></span> <span class='ocrx_word' id='word_1_395' title='bbox 712 4038 753 4090; x_wconf 89' lang='grc'><em>13.</em></span> 
     </span>
     <span class='ocr_line' id='line_1_39' title="bbox 238 4175 1288 4244; baseline -0.01 -10"><span class='ocrx_word' id='word_1_396' title='bbox 238 4194 266 4235; x_wconf 80' lang='grc' dir='ltr'><em>θ.</em></span> <span class='ocrx_word' id='word_1_397' title='bbox 295 4180 359 4233; x_wconf 76' lang='lat' dir='ltr'>Met.</span> <span class='ocrx_word' id='word_1_398' title='bbox 379 4180 392 4232; x_wconf 97' lang='lat' dir='ltr'><strong>I</strong></span> <span class='ocrx_word' id='word_1_399' title='bbox 411 4181 434 4234; x_wconf 85' lang='lat'><em>9.</em></span> <span class='ocrx_word' id='word_1_400' title='bbox 454 4178 526 4234; x_wconf 77' lang='lat' dir='ltr'><em>991b</em></span> <span class='ocrx_word' id='word_1_401' title='bbox 546 4181 562 4232; x_wconf 88' lang='grc'><strong><em>3</em></strong></span> <span class='ocrx_word' id='word_1_402' title='bbox 581 4181 611 4232; x_wconf 78' lang='grc' dir='ltr'><em>ἰν</em></span> <span class='ocrx_word' id='word_1_403' title='bbox 630 4179 661 4232; x_wconf 82' lang='grc' dir='ltr'><em>δὲ</em></span> <span class='ocrx_word' id='word_1_404' title='bbox 683 4178 810 4232; x_wconf 80' lang='grc' dir='ltr'><em>Φαίδωνι</em></span> <span class='ocrx_word' id='word_1_405' title='bbox 828 4175 983 4244; x_wconf 81' lang='lat' dir='ltr'>(100Bsq.)</span> <span class='ocrx_word' id='word_1_406' title='bbox 1005 4177 1088 4235; x_wconf 79' lang='grc' dir='ltr'><em>οὕτως</em></span> <span class='ocrx_word' id='word_1_407' title='bbox 1107 4177 1228 4242; x_wconf 79' lang='grc' dir='ltr'><em>λέγεται,</em></span> <span class='ocrx_word' id='word_1_408' title='bbox 1253 4175 1288 4232; x_wconf 88' lang='grc' dir='ltr'><em>ὡς</em></span> 
     </span>
    </p>
   </div>
   <div class='ocr_carea' id='block_1_9' title="bbox 239 4447 633 4514">
    <p class='ocr_par' dir='ltr' id='par_1_9' title="bbox 239 4447 633 4514">
     <span class='ocr_line' id='line_1_40' title="bbox 239 4447 633 4514; baseline -0.005 -14"><span class='ocrx_word' id='word_1_409' title='bbox 239 4447 267 4512; x_wconf 90' lang='grc'><em>1)</em></span> <span class='ocrx_word' id='word_1_410' title='bbox 286 4449 320 4500; x_wconf 83' lang='grc' dir='ltr'><em>τὰ</em></span> <span class='ocrx_word' id='word_1_411' title='bbox 339 4449 399 4514; x_wconf 88' lang='grc' dir='ltr'><em>εἴδη</em></span> <span class='ocrx_word' id='word_1_412' title='bbox 419 4447 524 4501; x_wconf 87' lang='lat' dir='ltr'>delebat</span> <span class='ocrx_word' id='word_1_413' title='bbox 542 4447 633 4500; x_wconf 85' lang='lat' dir='ltr'>Zeller.</span> 
     </span>
    </p>
   </div>
   <div class='ocr_carea' id='block_1_10' title="bbox 0 0 1579 4980">
    <p class='ocr_par' dir='ltr' id='par_1_10' title="bbox 0 0 1579 4980">
     <span class='ocr_line' id='line_1_41' title="bbox 0 0 1579 4980; baseline 0 0"><span class='ocrx_word' id='word_1_414' title='bbox 0 0 1579 4980; x_wconf 95' lang='lat' dir='ltr'><em> </em></span> 
     </span>
    </p>
   </div>
  </div>
 </body>
</html>
