3148 4984
642 339 771 394 Plotinus.
1214 337 1269 400 523

147 501 257 558 πάντως
285 519 328 552 τοι
356 497 405 552 διὰ
435 507 524 568 ψυχῆς
552 509 627 570 μιᾶς.
665 498 784 552 Unitaiis
810 515 840 552 ac
858 499 1038 554 multitudinis
1057 501 1085 554 in
1103 501 1191 554 anima
1209 519 1268 555 eon·

146 587 255 640 sociatio
279 603 329 656 quo
353 589 430 657 paeto
455 587 606 656 accipienda
629 587 681 654 sii,
706 587 872 656 cognoscitur
890 604 921 642 ex
938 588 1009 642 hisoe
1028 589 1046 643 l.
1065 589 1082 642 l.
1103 590 1146 644 ότι
1166 593 1197 644 τὸ
1215 591 1268 663 μὲν

147 679 299 750 ἀμέριστον
314 677 396 743 αὐτῆς
409 677 479 729 κατὰ
495 679 526 728 τὸ
539 679 651 746 λογικόν
665 681 778 732 τακτέον
793 679 825 730 οὐ
837 679 1018 752 μεριζόμενον
1031 679 1060 732 ἐν
1074 685 1132 740 τοῖς
1147 681 1267 751 σώμασι,

146 767 178 818 τό
198 765 230 820 δὲ
247 766 428 838 μεριζόμενον
453 768 516 838 περὶ
543 767 659 838 σώματα
683 765 712 819 ἓν
729 766 783 837 μὲν
802 769 833 818 ὂν
851 770 898 819 καὶ
917 768 998 831 αὐτό,
1023 771 1086 839 περὶ
1110 767 1195 821 δὲτὰ
1216 770 1269 822 σώ-

143 875 223 926 ματα
241 855 427 926 μεριζόμενον,
447 855 641 926 παρεχόμενον
659 855 708 921 τὴν
723 859 856 922 αἴσθησιν
875 865 1028 926 πανταχοῦ,
1049 859 1132 924 δίλλην
1146 857 1270 930 δύναμιν

148 944 230 1009 αὐτῆς
254 947 352 998 θετέον
376 942 408 996 τό
433 961 461 996 τε
486 945 640 998 πλαστικόν
659 946 741 1012 αὐτῆς
758 947 806 998 καὶ
825 947 969 1011 ποιητικὸν
987 948 1125 1018 σωμάτων
1143 946 1268 1018 δύναμιν

147 1034 237 1099 ἄλλην.
265 1033 315 1102 οὐχ
335 1033 379 1086 ότι
398 1032 429 1086 δὲ
448 1036 559 1093 πλείους
578 1035 609 1086 αἱ
627 1033 768 1106 δυνάμεις,
796 1035 828 1088 οὐ
845 1039 914 1106 μία·
943 1038 989 1088 καὶ
1008 1037 1062 1106 γὰρ
1080 1036 1110 1089 ἐν
1129 1038 1166 1104 τῷ
1185 1038 1268 1108 σπέρ-

144 1128 216 1192 ματι
242 1124 354 1182 πλείους
379 1125 410 1175 αῖ
433 1122 567 1194 δυνάμεις
585 1125 631 1176 καὶ
650 1121 691 1186 ἓν,
721 1126 767 1176 καὶ
786 1125 815 1184 ἐξ
833 1123 893 1184 ἑνός
912 1126 1011 1177 τούτου
1030 1125 1119 1178 πολλὰ
1138 1123 1173 1177 ἕν.
1209 1122 1269 1176 Una

146 1209 194 1262 illa
221 1210 308 1262 anima
334 1209 425 1263 mundi
452 1212 542 1264 maneb
568 1227 621 1263 una
648 1210 730 1264 etiam
755 1211 778 1264 si
802 1211 830 1266 in
854 1212 953 1266 multas
978 1212 1078 1266 animas
1096 1211 1267 1282 dispertitum

146 1298 263 1366 exemplo
288 1301 331 1352 esi
355 1298 498 1368 sapientiae
517 1299 620 1352 unitas:
647 1299 721 1354 ib.5
749 1303 780 1354 αἱ
797 1301 829 1355 δὲ
848 1305 950 1356 πολλαὶ
968 1305 1006 1362 εἰς
1025 1304 1127 1369 ταύτην
1145 1303 1180 1364 ὡς
1196 1304 1269 1374 μίαν

146 1387 256 1440 δοῦσαν
280 1388 379 1454 ἑαυτὴν
403 1393 441 1449 εἰς
460 1392 567 1456 πλῆθος
585 1393 631 1442 καὶ
651 1391 683 1442 οὐ
702 1390 822 1444 δοῦσαν
850 1393 930 1472 ἱκανὴ
948 1393 1003 1462 γὰρ
1022 1401 1093 1445 πᾶσι
1111 1397 1268 1463 παρασχεῖν

145 1475 247 1542 ἑαυτὴν
268 1481 314 1530 καὶ
338 1481 433 1550 μένειν
456 1483 523 1550 μία·
553 1478 677 1532 (λύεται1
696 1480 750 1552 γὰρ
768 1483 807 1540 εἰς
826 1483 919 1534 πάντα
939 1481 999 1552 ἅμα
1018 1484 1065 1534 καὶ
1083 1480 1201 1534 ἑκάστου
1220 1481 1268 1533 οὐκ

147 1565 338 1637 ἀποτέτμηται
363 1569 461 1640 πόντη.
499 1569 532 1619 τὸ
556 1569 624 1620 αὐτό
649 1563 699 1620 οὖν
718 1569 748 1622 ἐν
767 1571 887 1629 πολλοῖς.
919 1570 959 1640 μὴ
982 1569 1017 1636 δή
1043 1590 1083 1630 τις
1102 1571 1266 1623 ἀπιστείτω·

146 1657 193 1706 καὶ
207 1655 261 1728 γὰρ
275 1656 291 1720 ἡ
305 1656 444 1728 ἐπιστήμη
464 1657 510 1722 ὅλη
529 1659 576 1710 καὶ
595 1657 629 1709 τὰ
647 1661 717 1728 μέρη
736 1658 826 1724 αὐτῆς,
847 1659 882 1718 ὡς
899 1661 993 1730 μένειν
1007 1659 1056 1724 τὴν
1070 1658 1135 1724 ὅλην
1152 1661 1198 1710 καὶ
1213 1654 1264 1710 ἀπ’

148 1744 232 1810 αὐτῆς
252 1744 285 1796 τὰ
303 1746 380 1816 μέρη.
417 1743 641 1811 Cf.Enn,VI5,
664 1746 704 1798 10.
1089 1757 1093 1768 '
1271 1764 1273 1770 '

92 1931 133 1972 ⁵1¹
201 1922 294 1984 Eun.
311 1921 341 1984 V
360 1931 387 1998 1,
405 1930 433 1986 3.
484 1921 575 1986 Ούτω
599 1921 639 2008 δὴ
661 1917 771 2005 τιμίου
794 1919 852 1986 καὶ
874 1919 968 1988 θείου
991 1919 1082 2000 ὄντος
1103 1922 1267 2010 χρήματος
1303 1918 1400 2022 iffi*

145 2038 202 2114 τῆς
226 2037 348 2114 ψυχης,
380 2026 559 2104 πιστεύσας
588 2025 648 2115 ἤδη
678 2025 726 2112 τῷ
748 2027 886 2113 τοιούτῳ
909 2027 989 2092 θεὸν
1016 2026 1160 2111 μετιέναι
1183 2029 1266 2110 μετὰ
1308 2025 1395 2066 “ihm

144 2133 299 2220 τοιαύτης
336 2129 446 2210 αἰτίας
481 2131 634 2215 ἀνάβαινε
673 2133 758 2220 πρὸς
793 2133 922 2199 ἐιεῖνον.
961 2133 1095 2211 πάντως
1119 2157 1195 2217 ,που
1230 2133 1267 2200 ού

144 2239 260 2327 πόρρω
282 2239 411 2324 βαλεῖς,
443 2235 516 2304 ούδέ
546 2239 656 2304 πολλὰ
684 2241 726 2303 τό
748 2238 878 2322 μεταξύ.
914 2238 1060 2323 λόμβανε
1081 2236 1188 2304 τοίνυν
1210 2249 1268 2305 τοῦ

144 2344 240 2412 θείου
271 2346 385 2412 τούτου
414 2345 581 2432 θειότερον
610 2347 648 2411 τὸ
680 2357 784 2434 ψυχῆς
814 2347 899 2433 πρὸς
928 2347 966 2412 τὸ
990 2344 1055 2410 ι’ίνιο
1084 2344 1265 2434 γειτόνημα,

144 2441 265 2536 μεθ’ὃ
294 2451 352 2517 καὶ
382 2439 445 2539 ἀφ’
464 2445 504 2516 οὗ
532 2452 551 2538 ἡ
582 2451 679 2539 ψυχή.
718 2449 838 2536 καίπερ
870 2453 930 2538 γὰρ
960 2447 1040 2517 οέσα
1069 2464 1176 2540 χρῆμα
1199 2442 1266 2519 οἷον
1370 2528 1372 2533 .

145 2555 263 2638 ἔδειξεν
279 2558 296 2624 ό
311 2558 413 2642 λόγος,
438 2553 532 2622 εἰκών
553 2553 604 2634 τίς
626 2556 696 2622 ἐστι
719 2569 783 2638 νοῦ,
807 2548 874 2624 οἷον
898 2557 991 2642 λόγος
1015 2558 1032 2622 ό
1056 2557 1089 2623 ἐν
1110 2558 1267 2646 προφορᾷ
1346 2635 1355 2646 ,

145 2665 240 2750 λόγου
269 2675 328 2730 τοῦ
350 2662 383 2729 ἐν
407 2665 522 2751 giwii,
554 2664 636 2729 ούτω
666 2687 718 2729 τοι
745 2662 804 2728 καῖ
834 2662 914 2752 αύτὴ
939 2664 1032 2748 λόγος
1060 2674 1129 2729 νοῦ·
1166 2663 1266 2757 nair}

145 2783 240 2836 πᾶσα
264 2769 422 2859 ἐνέργεια,
452 2768 510 2834 καὶ
532 2767 571 2858 ἣν
593 2767 749 2856 προΐεται
771 2769 855 2858 ζωὴν
877 2766 925 2848 εἷς
947 2769 1046 2836 όίλλου
1071 2769 1265 2850 ὑπόστασιν,

143 2867 213 2943 οἷον
243 2879 347 2963 πυρὸς
376 2878 414 2942 τό
443 2874 503 2959 μὲν
534 2878 552 2964 ι)
582 2886 720 2941 συνοῦσα
744 2875 925 2964 θερμότης,
959 2875 1039 2964 ηδέ
1060 2873 1098 2965 ἣν
1121 2874 1266 2964 παρέχει.

143 2985 195 3049 δεῖ
218 2982 254 3050 δέ
276 2984 389 3068 λαβεῖν
412 2982 479 3048 ἐκεῖ
502 2981 559 3048 ούκ
582 2980 762 3070 ἐιρέουσαν,
787 2981 872 3047 ἀλλὰ
894 2980 1051 3066 μένουσαν
1073 2981 1132 3066 μέν
1154 2984 1212 3072 την
1234 2982 1268 3050 ἐν

143 3088 244 3176 αύτῷ,
274 3091 331 3177 την
355 3086 392 3155 δέ
414 3089 514 3177 ύίλληυ
537 3087 785 3178 ύφισταμένηνλ.
826 3085 906 3154 οὖσα
930 3085 984 3154 σύν
1007 3089 1075 3154 ἀπὸ
1098 3099 1153 3154 νοῦ
1174 3091 1268 3177 νοερό

144 3195 230 3275 ἐστι,
262 3194 319 3260 καὶ
350 3194 383 3261 ἐν
406 3195 614 3279 λογισμοῖςό
643 3205 716 3272 νοῦς
739 3193 852 3284 αὐτῆς,
883 3193 941 3260 καὶ
971 3193 1177 3282 ἡτελείωσις
1200 3187 1264 3260 ἀπ’

143 3301 245 3368 αὐτοῦ
275 3301 378 3366 πόλιν
408 3291 476 3366 οἷον
505 3303 633 3387 πατρὸς
663 3299 903 3388 ἐκθρέψαντος,
939 3297 975 3366 ὃν
1007 3299 1043 3366 ού
1072 3301 1194 3366 τέλειον
1223 3302 1267 3378 ὡς

143 3410 230 3496 πρός
254 3407 352 3472 αὑτὸν
375 3405 542 3494 ἐγέννησεν.
567 3408 587 3494 λη’
608 3431 644 3472 τε
671 3403 725 3472 οὖν
748 3407 930 3485 ὑπόστασις
953 3405 1037 3496 αὐτῇ
1060 3406 1128 3472 ἀπὸ
1151 3417 1214 3487 νοῦ,
1250 3408 1269 3474 δ’

144 3539 180 3580 τε
211 3511 352 3601 ἐνεργείᾳ
382 3512 477 3598 λόγος
505 3523 560 3578 νοῦ
591 3511 675 3602 αὐτῇ
705 3511 878 3600 ὁρωμένου.
917 3513 996 3578 όταν
1026 3514 1087 3600 γὰρ
1111 3509 1198 3602 ἐνίδη
1221 3509 1268 3592 εἷς

142 3631 226 3700 νοῦν,
249 3617 382 3686 ἔνδοθεν
406 3615 469 3700 ἔχει
492 3617 550 3684 καὶ
573 3615 677 3684 οἰκεῖα
701 3617 723 3684 ἃ
744 3622 811 3685 νοεῖ
833 3618 890 3684 καὶ
914 3618 1040 3708 ἐνεργεῖ.
1064 3618 1122 3686 καῖ
1145 3621 1267 3700 ταύτας

141 3727 247 3811 μόνας
270 3727 320 3792 δεῖ
335 3724 438 3811 λέγειν
454 3722 612 3812 ἐνεργείας
628 3737 742 3813 ψυχῆς,
766 3725 827 3792 ὅσα
843 3737 959 3812 νοερῶς
974 3723 1032 3790 καὶ
1048 3725 1109 3791 ὅσα
1126 3722 1267 3808 οἴκοθεν,

144 3835 187 3898 τὰ
217 3831 254 3899 δέ
281 3829 378 3921 χείρω
409 3830 548 3897 όίλλοθεν
580 3830 638 3897 καῖ
662 3831 761 3920 πύθη
785 3843 892 3920 ψυχῆς
913 3843 970 3920 τῆς
993 3832 1155 3922 τοιαύτης.
1194 3843 1268 3912 νοῦς

143 3935 200 4005 οὖν
223 3938 283 4005 ἐπὶ
305 3937 430 4021 μᾶλλον
452 3935 625 4025 θειοτέραν
648 3941 739 4004 ποιεῖ
762 3937 820 4004 καῖ
842 3935 890 4024 τῷ
905 3939 1016 4026 πατὴρ
1039 3929 1125 4004 εῖναι
1147 3937 1269 4026 καὶτῷ

144 4049 319 4132 παρεῖναι·
355 4043 445 4110 οὐδέν
472 4045 532 4132 γὰρ
555 4043 678 4128 μεταξύ
701 4045 721 4132 ἢ
743 4045 782 4110 τὸ
805 4040 928 4132 ἑτέροις
951 4036 1049 4124 εἶναι,
1086 4045 1130 4124 ὡς
1153 4041 1268 4134 ἐφεξῆς

141 4149 258 4235 μέντοι
280 4150 339 4217 καὶ
362 4151 406 4230 ὡς
428 4151 467 4218 τό
490 4149 664 4233 δεχόμενον,
687 4151 726 4215 τὸ
748 4149 785 4216 δέ
808 4151 852 4228 ὡς
875 4143 976 4228 εἶδος·
1000 4149 1087 4240 καλὴ
1111 4149 1226 4218 δὲκαὶ
1249 4153 1269 4240 η

140 4269 199 4324 νοῦ
220 4258 289 4346 ύλη,
313 4257 455 4345 νοοειδὴς
479 4252 559 4322 οὖσα
582 4255 639 4322 καλ
662 4256 782 4344 όπληθ.
1306 4252 1309 4260 “

141 4381 356 4392 α--η--μ-

167 4517 169 4523 Α
209 4451 238 4522 1)
259 4453 356 4507 δύεται
374 4451 520 4520 Vitringa:
540 4452 658 4506 δύναται
676 4451 748 4506 libri.
