3156 4988
599 377 603 384 -
674 345 775 413 Logica.
822 355 823 360 ’
935 361 937 366 ’
1234 342 1287 402 303

169 505 308 570 ὁντινοῦν
342 503 458 569 ταὺτδν
487 503 730 588 ὑπολαμβάνειν
760 496 844 569 εἶναι
875 503 933 568 καί
961 507 1006 593 μὴ
1029 497 1122 570 εἶναι.
1158 541 1199 554 -
1235 505 1287 571 διδ

168 611 289 690 πάντες
313 607 343 676 οἱ
360 609 606 688 ἀποδεικνύντες
629 607 675 688 είς
690 610 809 697 ταύτην
831 610 1001 695 ἀνάγουσιν
1016 610 1154 699 ἐσχάτην
1177 610 1285 690 δόξαν.

239 802 268 842 a.
293 791 433 860 Πρότασις
451 791 493 842 ost
511 787 654 858 propositio
678 787 712 840 ad
737 787 927 841 conclusionem
952 787 1012 842 inda
1035 787 1196 841 afficiendam
1214 803 1288 857 prae-

167 876 255 930 missa.

239 982 269 1036 1).
296 979 458 1049 Διαλεκτικὴ
477 985 610 1057 πρότασις
629 986 671 1036 cst
689 999 755 1052 quas
774 999 790 1035 a
809 981 996 1052 probabilibus,
1024 983 1202 1048 ἀποδεικτικὴ
1221 998 1287 1051 quaa

168 1087 185 1122 a
208 1070 360 1124 necessariis
378 1069 558 1140 proficiscitur.
581 1069 741 1142 Ἀντίφασις
759 1071 857 1124 dicitur
875 1071 898 1125 si
917 1071 981 1142 quid
999 1071 1077 1125 simul
1095 1074 1123 1124 ot
1141 1070 1287 1124 affirmatur

168 1161 196 1211 sl
214 1161 339 1227 negatur,
367 1163 399 1213 ut
422 1160 471 1214 nisi
496 1160 656 1214 altcrnnnm
681 1177 771 1214 vorum
795 1177 852 1214 ossa
871 1177 923 1215 non
940 1159 1039 1231 possit,
1064 1160 1096 1214 of.
1123 1159 1154 1213 dc
1172 1159 1286 1228 interpr.

99 1242 103 1249 '
169 1247 193 1300 6.
214 1247 283 1302 104⁸
301 1249 326 1302 3.
363 1247 439 1302 Anol.
458 1252 527 1320 post.
547 1249 603 1304 12.
624 1249 676 1304 72⁸
694 1251 719 1304 9.

239 1386 266 1426 ο.
290 1375 506 1442 Συλλογίζισθαι
524 1390 584 1427 cum
601 1374 705 1444 proprio
724 1374 762 1427 sit
779 1374 953 1444 computando
971 1374 1012 1427 vol
1030 1373 1208 1428 ratiocinando
1227 1389 1286 1426 con·
1312 1382 1453 1425 ratiocinatio

167 1461 275 1528 iungcro
292 1462 335 1528 (cf.
354 1461 423 1523 Pici.
442 1462 543 1516 Philcb.
562 1463 596 1516 41
608 1461 647 1529 C),
658 1462 823 1524 ¹Aristotcles
842 1465 1030 1534 συλλογισμὸν
1048 1462 1082 1516 cd
1099 1463 1210 1530 logicam
1228 1477 1287 1514 oon·

168 1549 289 1603 cludendi
323 1551 431 1604 sormam
458 1551 596 1616 revocavit,
631 1551 659 1604 in
687 1567 739 1620 qua
767 1554 822 1605 tres
849 1551 969 1606 notiones
996 1551 1036 1604 ito
1062 1551 1133 1604 intcr
1158 1565 1187 1604 so
1214 1567 1287 1604 conc·

167 1641 278 1692 cluniur
296 1640 328 1691 nt
345 1639 502 1708 interposita
525 1639 611 1693 modia
634 1640 686 1693 iam
711 1640 792 1694 icitia
815 1643 843 1694 ot
866 1640 951 1711 prima
974 1640 1002 1693 in
1020 1656 1102 1694 unum
1120 1639 1287 1693 enuntiatum

166 1728 255 1794 colligi
273 1727 388 1798 possint;
412 1729 504 1782 Latino
523 1728 672 1798 appellatur
689 1729 873 1796 ratiocinatio,
893 1729 924 1782 cf.
944 1728 996 1783 Cic.
1033 1729 1065 1782 do
1082 1727 1184 1782 Inveni.
1203 1726 1217 1778 i
1239 1726 1286 1793 57;

167 1813 279 1878 Quintil,
297 1815 373 1882 Vll,
393 1817 418 1870 2.
437 1816 488 1869 VII
505 1819 531 1882 8,
549 1818 575 1870 3.

239 1940 268 1994 i.
298 1944 386 1994 Τόποι
410 1941 535 1994 dicuntur
558 1941 608 1996 loci
626 1958 774 1995 communes
802 1941 836 1994 ad
860 1941 1068 2012 persuadendum
1091 1939 1285 2005 accommodati,

166 2029 263 2098 quibus
282 2031 369 2082 utitur
395 2032 423 2083 ei
441 2029 578 2083 dialectica
602 2033 630 2083 st
648 2031 790 2096 rhetorica,
819 2048 842 2083 v.
861 2030 940 2082 ahot.
959 2029 973 2082 1
991 2030 1016 2083 2.
1037 2027 1123 2083 1358·
1144 2029 1186 2083 10.
1222 2027 1287 2080 Indo

58 2134 61 2138 ·
168 2116 240 2170 dicta
258 2120 292 2170 τά
316 2123 431 2183 Τοπικά,
451 2119 547 2188 quibus
565 2120 730 2190 propositum
747 2122 790 2172 est
807 2121 935 2192 μέθοδον
959 2121 1058 2191 εὑρεῖν,
1084 2113 1136 2188 ἀφ’
1154 2112 1184 2184 ὑς
1203 2117 1286 2183 δυνη-
1313 2129 1385 2182 topica

166 2209 278 2278 σόμεθα
307 2211 517 2276 συλλογίζεσθαι
542 2213 604 2279 περὶ
628 2211 731 2270 παντὸς
763 2218 813 2262 τοῦ
836 2212 1017 2282 προτεθέντος
1042 2208 1234 2280 προβλήματος
1258 2207 1287 2266 ἐξ

167 2295 293 2360 ἐνδόξων,
312 2295 374 2365 Top.
393 2297 407 2348 I
426 2297 450 2349 1.
471 2297 542 2352 100⁸
561 2297 603 2350 18.

82 2548 157 2588 coca
235 2527 326 2589 Anal.
338 2546 384 2608 pr.
398 2527 423 2590 I.
434 2537 460 2590 1.
470 2527 530 2590 24¹³
546 2537 595 2592 18.
613 2525 898 2611 Συλλογισμός
912 2524 949 2591 δέ
960 2521 1030 2592 ἐστι
1044 2525 1139 2610 λόγος
1151 2525 1185 2591 ἐν
1196 2509 1224 2610 ᾧ
1235 2549 1285 2590 τε·
1313 2555 1457 2606 syllogismus

169 2629 293 2696 δέντων
315 2645 411 2696 τινῶν
434 2630 540 2720 ἕτερόν
570 2657 603 2697 τι
631 2646 695 2697 τῶν
717 2631 872 2715 κειμένων
894 2631 930 2711 ἐξ
952 2631 1091 2720 ἀνάγκης
1115 2629 1286 2716 συμβαίνει

167 2735 215 2822 τῷ
245 2747 348 2802 ταῦτα
378 2730 491 2804 εἶναι’.
539 2737 621 2823 λέγω
651 2738 688 2804 δὲ
716 2738 764 2824 τῷ
792 2749 896 2804 ταῦτα
928 2731 1011 2804 εἶναι
1041 2739 1079 2804 τδ
1103 2738 1159 2804 διά
1181 2749 1286 2803 ταῦτα

168 2841 365 2925 συμβαίνειν,
389 2847 427 2910 τὸ
451 2843 487 2910 δέ
510 2845 566 2909 διὰ
588 2855 692 2910 ταῦτα
716 2842 903 2929 συμβαίνειν
932 2846 970 2910 τὸ
998 2845 1133 2932 μηδενὸς
1163 2840 1287 2922 ἔξωθεν

103 2944 113 2958 ’
167 2949 243 3037 ὅρου
273 2951 427 3038 προσδεῖν
457 2953 541 3038 πρὸς
570 2953 608 3018 τὸ
637 2949 791 3036 γενέσθαι
821 2953 859 3017 τὸ
889 2951 1073 3035 ἀναγκαῖον.
1126 2948 1286 3015 τέλειον
1312 2983 1316 2993 ·

165 3055 225 3139 μὲν
248 3053 302 3122 οὑν
324 3058 414 3122 καλῶ
438 3058 652 3142 συλλογισμὸν
681 3059 736 3124 τδν
758 3058 892 3144 μηδενὸς
923 3056 1021 3124 άλλοο
1052 3056 1287 3144 προσδεόμενον

167 3165 262 3250 παρὰ
284 3165 326 3227 τά
349 3159 524 3250 εἰλημμένα
548 3165 632 3250 πρὸς
655 3164 693 3228 τδ
716 3175 856 3251 φανῆναι
879 3164 918 3228 τὸ
941 3162 1132 3247 ἀναγκαῖον,
1163 3163 1286 3249 ἀτελῆ

166 3267 203 3332 δὲ
225 3270 282 3334 τδν
304 3269 538 3355 προσδεόμενον
560 3266 665 3358 Ιὑὺνὺς
680 3271 700 3357 ἢ
715 3267 881 3345 πλειόνων,
905 3267 926 3333 ἃ
949 3265 1019 3335 ἔστι
1040 3268 1100 3351 μὲν
1123 3268 1285 3355 ἀναγκαῖα

167 3375 223 3440 διά
258 3388 322 3440 τῶν
355 3373 574 3458 ὑποκειμένων
608 3375 718 3462 δρωνῑ),
757 3375 793 3441 οὑ
827 3377 889 3464 μὴν
918 3371 1074 3463 ε’ίληπται
1110 3375 1166 3440 διά
1200 3397 1285 3461 προ-

166 3481 298 3548 τάσεων.

81 3609 156 3650 εσσε
233 3589 279 3652 Ib.
316 3599 345 3653 4.
385 3587 446 3654 25l
482 3599 532 3654 32.
584 3576 692 3654 Ὅταν
727 3585 780 3654 οὑν
820 3588 890 3677 ὅροι
924 3592 1010 3676 τρεῖς
1052 3591 1153 3666 οὑτως
1187 3573 1284 3670 {loica
1311 3597 1395 3691 ³532}

166 3695 252 3783 πρὸς
285 3694 454 3782 ἀλλήλους,
491 3698 573 3760 ὥστε
607 3697 662 3760 τὸν
691 3691 826 3777 έσχατον
855 3691 889 3760 ἓν
918 3695 983 3781 ὅλῳ
1012 3687 1095 3760 εἶναι
1124 3693 1173 3782 τη]
1194 3693 1284 3780 μέσην
1312 3662 1326 3701 ⁹

166 3801 223 3866 καί
247 3802 302 3867 τὸν
323 3801 422 3885 μέσον
445 3801 479 3867 ἐν
502 3802 566 3887 ὅλην
591 3801 639 3888 τῷ
655 3803 776 3888 πρώτῳ
801 3803 820 3890 ἢ
843 3794 927 3890 εἶναι
942 3802 962 3890 ἢ
976 3803 1021 3890 μὴ
1045 3793 1138 3880 εἶναι,
1162 3799 1284 3888 ἀνάγκη

165 3922 230 3972 τῶν
258 3908 365 3995 ἀκρων
394 3901 477 3974 εἶναι
505 3909 719 3994 συλλογισμὸν
741 3906 877 3974 τέλειον
924 3907 1015 3974 καλῶ
1045 3906 1081 3999 δὲ
1110 3905 1209 3989 μέσον
1226 3905 1286 3990 μὲν

165 4011 263 4080 ὃκαὶ
288 4013 367 4080 αὐτὸ
391 4013 424 4080 ἐν
446 4013 536 4102 ἀλλην
566 4014 624 4080 καί
647 4015 727 4080 ἀλλο
758 4013 791 4080 ἒν
825 4015 928 4101 τοότηι
963 4011 1065 4094 ἐστίν,
1100 4009 1119 4078 ὃ
1152 4010 1210 4078 καί
1243 4011 1286 4100 τῇ

165 4119 260 4186 θέσει
284 4102 426 4206 γίγνεται
448 4120 555 4205 μέσον.
603 4121 689 4208 ἀκρα
712 4119 748 4186 δὲ
771 4123 809 4186 τὸ
834 4119 912 4186 αὐτό
935 4145 971 4186 τε
1000 4119 1033 4186 ἐν
1055 4118 1144 4204 ἀλλην
1168 4119 1203 4184 δν
1227 4117 1286 4184 καί

165 4222 198 4291 ἓν
221 4210 248 4312 ᾦ
272 4226 352 4292 ἀλλο
376 4225 471 4293 ἐστίν.
519 4225 547 4294 εἰ
570 4229 631 4315 γάρ
654 4229 693 4293 τδ
716 4232 756 4291 Α
777 4227 862 4292 κατὰ
886 4227 1010 4304 παντὸς
1033 4235 1091 4290 τοῦ
1113 4231 1143 4290 Β
1165 4223 1223 4290 καὶ
1246 4226 1285 4290 oi

165 4338 196 4398 Β
219 4335 306 4398 κατά
336 4336 459 4412 παντὸς
489 4342 604 4415 τοὺΓ,
635 4334 756 4422 ἀνάγκη
787 4335 825 4399 τὸ
848 4338 888 4398 A
908 4335 994 4398 κατά
1025 4333 1151 4409 παντὸς
1178 4341 1236 4398 τοῦ
1258 4338 1288 4395 Γ

165 4444 432 4527 κατηγορεῖσθαι.
457 4479 499 4489 -
528 4441 620 4506 καλῶ
643 4439 680 4506 δὲ
702 4442 740 4506 τὸ
762 4449 910 4505 τοιοῦτον
931 4439 969 4504 τὸ
992 4449 1099 4526 σχῆμα
1122 4447 1283 4526 πρῶτονΰ.
