3146 4982
662 368 780 436 Physica.
1227 367 1280 428 lul

34 583 36 587 .
105 525 148 564 ⁴¹¹
226 525 289 592 Cic.
314 527 352 591 de
375 528 454 592 Fato
479 537 531 592 41.
580 527 778 612 Chrysippus
807 531 916 593 autem
946 549 1019 594 cum
1049 534 1082 596 et
1108 533 1280 598 necessita·
1308 531 1435 626 gffiffiffi

158 635 225 698 tem
241 634 435 716 improbaret
459 636 492 698 et
508 635 588 698 nihil
603 636 701 700 vellet
724 637 791 700 sine
815 637 1004 719 praepositis
1026 639 1129 702 causis
1146 640 1280 716 evenire,

159 759 329 804 causarum
360 759 478 822 genera
509 741 692 823 distinguit,
720 744 757 805 ut
787 744 819 806 et
841 743 1067 808 necessitatem
1093 745 1224 828 effugiat
1248 749 1280 812 et

158 847 295 911 retineat
310 845 423 910 fatum.
454 847 632 912 Causarum
657 849 750 924 enirn,
773 849 894 930 inquit,
919 850 998 914 aliae
1023 853 1099 914 sunt
1121 852 1279 935 perfectae

158 956 191 1017 et
213 953 413 1042 principales,
438 953 517 1017 aliae
543 954 732 1018 adiuvantes
757 957 789 1018 et
811 955 981 1038 proximae.
1028 955 1280 1035 Quamobrem

157 1079 232 1122 cum
255 1059 390 1124 dicimus
415 1061 521 1124 omnia
544 1059 610 1124 fato
634 1061 705 1124 fieri
720 1062 825 1126 causis
844 1063 1116 1142 antecedentibus,
1140 1085 1203 1129 uon
1219 1067 1279 1130 hoc

157 1166 301 1246 intellegi
323 1166 491 1231 volumus:
517 1167 621 1231 causis
645 1167 793 1249 perfectis
818 1170 851 1232 et
873 1169 1109 1251 principalibus,
1133 1171 1189 1236 sed
1205 1190 1280 1236 cau-

156 1271 201 1336 sis
232 1272 456 1337 adiuvantibus
488 1274 782 1356 [antecedentibus]
814 1277 847 1338 et
868 1276 1029 1357 proximis.
1060 1313 1102 1324 -
1138 1275 1226 1355 Quae
1251 1279 1279 1342 si

157 1379 244 1460 ipsae
267 1397 331 1443 non
355 1379 488 1442 suntin
511 1382 621 1443 nostra
644 1382 820 1462 potestate,
843 1399 907 1444 non
931 1383 1078 1463 sequitur
1099 1385 1137 1447 ut
1158 1403 1198 1447 ne
1224 1384 1279 1448 ad-

156 1485 277 1566 petitus
302 1485 431 1566 quidem
455 1487 498 1550 sit
520 1486 554 1548 in
576 1488 688 1550 nostra
711 1489 878 1570 potestate.
914 1525 957 1534 -—
993 1497 1045 1552 42.
1078 1487 1170 1568 Quod
1193 1490 1278 1554 eninr

154 1590 305 1656 dicantur
328 1591 532 1656 adsensiones
556 1592 624 1656 fieri
648 1594 753 1658 causis
778 1595 973 1676 antepositis,
996 1595 1030 1658 id
1054 1597 1147 1676 quale
1172 1597 1215 1660 sit
1231 1595 1279 1660 fa-

154 1697 214 1761 cile
246 1716 265 1761 a
296 1716 329 1762 se
360 1698 510 1780 explicari
539 1700 599 1781 put
620 1701 641 1762 t.
695 1699 780 1763 Nam
812 1719 1009 1782 quamquam
1040 1701 1185 1767 adsensio
1214 1722 1277 1766 non

156 1805 259 1886 possit
281 1803 350 1868 fieri
373 1805 435 1868 nisi
458 1807 617 1890 commota
640 1806 717 1882 viso,
747 1808 864 1883 tamen,
895 1826 968 1870 cum
991 1807 1024 1870 id
1047 1808 1152 1872 visum
1174 1811 1278 1892 proxi·

154 1927 243 1973 mam
259 1929 390 1974 causam
406 1911 532 1988 habeat,
555 1929 619 1974 non
634 1912 870 1994 principalemr,
893 1911 977 1976 hane
999 1914 1097 1978 habet
1112 1915 1277 1992 rationem,

155 2017 193 2078 ut
217 2015 414 2099 Chrysippus
438 2018 517 2094 vult,
543 2035 640 2098 quam
664 2017 786 2081 dudum
810 2019 957 2095 diximus
981 2038 1045 2082 non
1069 2022 1106 2083 ut
1129 2021 1184 2084 illa
1208 2021 1277 2100 qui·

154 2121 229 2185 dem
252 2122 321 2186 fieri
352 2123 455 2204 possit
484 2124 575 2186 nulla
606 2123 638 2187 vi
668 2124 863 2188 extrinsecus
895 2126 1032 2189 excitata
1061 2127 1202 2209 (necesse
1227 2128 1277 2190 est

154 2228 241 2292 enim
264 2228 486 2292 adsensionem
510 2229 577 2293 viso
602 2230 815 2313 commoveri),
839 2231 895 2294 sed
918 2232 1091 2295 revertitur
1114 2233 1154 2296 ad
1178 2233 1277 2316 cylin-

156 2334 250 2420 drum
273 2337 306 2398 et
330 2334 369 2398 ad
392 2335 554 2400 turbinem
578 2354 682 2411 suum,
706 2354 787 2416 quae
803 2337 924 2400 moueri
939 2337 1075 2420 incipere
1098 2339 1161 2402 uisi
1183 2340 1277 2422 pulsa

153 2459 219 2506 non
242 2444 387 2523 possunt.
433 2441 472 2505 Id
496 2443 605 2506 autem
629 2461 702 2506 cum
727 2443 858 2520 accidit,
889 2445 1001 2526 suapte
1025 2447 1156 2522 natura,
1193 2446 1277 2526 quod

155 2550 310 2630 superest,
335 2549 368 2611 et
390 2547 572 2630 cylindrum
594 2549 678 2613 rolvi
702 2551 735 2612 et
758 2549 878 2613 versari
901 2550 1062 2614 turbinem
1085 2551 1207 2633 puicu.
1242 2559 1246 2565 '

230 2683 259 2724 a.
285 2669 324 2722 De
344 2669 497 2724 adsensione
515 2671 739 2740 (συγκατάθεσις)
758 2674 787 2724 et
804 2671 859 2725 viso
877 2675 1042 2744 (φαντασία)
1060 2691 1083 2726 v.
1102 2679 1145 2725 BP
1164 2673 1225 2740 392,
1244 2675 1275 2728 el.

154 2757 226 2812 Plut.
245 2759 278 2811 do
296 2757 377 2812 Stoic.
395 2758 460 2828 Rep.
475 2758 509 2812 47
524 2777 549 2828 p.
567 2759 644 2814 1055.
682 2759 810 2814 Adsenslo
829 2777 881 2814 nou
900 2762 937 2814 sic
955 2762 1039 2815 visum
1054 2763 1181 2832 sequitur,
1201 2764 1276 2832 quasi
1320 2815 1322 2818 ,

154 2847 270 2900 naturali
289 2847 446 2901 necessitate
465 2864 561 2901 conexa
574 2849 638 2914 sint,
658 2849 704 2902 sed
722 2849 820 2918 pendet
837 2851 884 2902 illa
903 2851 935 2903 ab
954 2851 1032 2903 unius
1051 2851 1175 2920 cuiusque
1190 2852 1275 2906 animo

153 2937 234 3004 atque
251 2935 364 3003 ingenio,
385 2936 480 3005 quibus
499 2939 527 2989 et
545 2937 668 2990 voluntas
686 2941 714 2990 et
731 2938 804 3007 ipsae
822 2938 938 2992 actiones
957 2939 1140 2994 terminantur.

158 3052 161 3056 '
225 3040 255 3096 b.
282 3041 320 3096 cf.
348 3039 449 3096 Gellius
473 3041 507 3096 N.
527 3041 558 3096 A.
578 3043 629 3096 Vll
656 3043 714 3109 (VI)
739 3044 822 3108 2,11
851 3045 938 3112 sieut,
962 3046 1056 3114 inquit
1082 3045 1274 3116 (Chrysippus),

153 3129 274 3197 lapidera
299 3130 457 3200 cylindrum
480 3131 505 3184 se*
525 3146 577 3199 per
602 3132 695 3200 spatia
714 3139 804 3186 terrae
820 3149 915 3201 prona
934 3139 1015 3202 atque
1034 3135 1156 3203 derupta
1174 3137 1272 3202 iacias,

153 3234 240 3272 causa
264 3219 382 3286 quidem,
397 3219 423 3272 ei
451 3225 476 3272 et
500 3219 617 3274 initium
638 3221 878 3289 praecipitantiae
902 3221 1005 3288 fueris,
1030 3213 1093 3276 urea
1118 3229 1210 3276 tarnen
1228 3225 1275 3278 ille
1346 3285 1348 3288 ,

150 3322 283 3375 praecepa
300 3309 437 3374 coicitur,
466 3325 523 3363 aon
550 3309 618 3377 quia
646 3315 677 3362 tu
703 3310 734 3363 id
758 3311 816 3363 ianr
840 3309 920 3376 facis,
945 3310 993 3364 sed
1011 3311 1142 3378 quoniam
1159 3313 1201 3364 ita
1220 3327 1274 3366 sese

153 3395 249 3450 undas
268 3395 327 3449 eiua
346 3401 371 3450 et
388 3395 495 3461 formae
513 3397 675 3452 volubilitas
693 3399 786 3452 babet:
804 3398 844 3452 sie
862 3399 930 3453 erdo
949 3404 975 3452 et
992 3399 1066 3453 ratio
1085 3405 1110 3453 et
1127 3400 1275 3454 necessitas

152 3483 209 3549 tati
221 3499 324 3552 ponera
336 3485 399 3553 r'arsa
413 3490 438 3538 et
447 3486 594 3554 principia
608 3501 759 3540 causarum
772 3493 866 3554 meoet,
885 3489 1003 3556 turpatus
1021 3504 1082 3542 cero
1097 3489 1274 3542 conciliorum

152 3573 336 3640 nuntiumque
360 3579 521 3627 nostrarum
544 3575 717 3643 actionesque
747 3575 823 3644 ipsas
847 3577 977 3630 noluntas
1000 3577 1132 3646 cuiusque
1153 3579 1274 3646 propria

151 3665 178 3715 et
196 3661 353 3715 aniciorum
366 3662 481 3730 inpenia
498 3663 686 3718 moderantur.
722 3663 813 3728 Infert
832 3665 931 3718 deinde
948 3665 1032 3720 uerba
1050 3666 1124 3733 baec,
1142 3666 1185 3720 bis
1203 3683 1274 3734 quae

153 3744 214 3804 dibi
232 3751 428 3818 commutantia:
448 3751 493 3805 det
511 3755 557 3804 καὶ
578 3754 632 3807 ὑπὸ
650 3761 704 3806 τῶν
723 3758 925 3828 Πυθαγορείων
943 3759 1058 3828 εἴρηται·

326 3841 425 3908 γνώσει
445 3836 475 3892 d’
494 3841 659 3913 ἀνθρώπους
678 3842 830 3914 (αὐθαίρετα
850 3837 958 3913 πήματ’
976 3843 1098 3911 ἔχοντας,

153 3931 187 3988 ὡς
205 3939 260 3980 τῶν
277 3931 385 3996 βλαβῶν
403 3928 529 3988 ἑκάστοις
549 3925 616 4002 παρ’
636 3931 730 3990 αὐτοῖς
748 3934 903 4002 γινομένων
925 3934 972 3984 καὶ
989 3926 1058 3984 καθ’
1077 3931 1164 4002 ὁρμὴν
1183 3933 1274 3983 αὐτῶν

153 4003 374 4088 ἁμαρτανόντωνΙ
397 4035 425 4069 τε
452 4021 499 4069 καὶ
526 4019 725 4089 βλαπτομένων
749 4023 796 4071 καὶ
813 4020 884 4072 κατὰ
903 4020 952 4084 τὴν
970 4020 1060 4071 αὐτῶν
1079 4018 1209 4072 διάνοιαν
1226 4023 1273 4072 καὶ

151 4109 241 4160 θέσιν.
280 4103 318 4158 Cf.
338 4103 560 4173 Trendelenburg,
579 4105 654 4159 Hist.
674 4106 762 4160 Beitr.
782 4106 809 4158 II
827 4123 852 4175 p.
873 4107 925 4160 162
935 4123 973 4176 sq.
1012 4105 1042 4160 Ο.
1057 4105 1148 4172 Heius,
1163 4105 1272 4160 Stoicor.

152 4192 183 4246 de
201 4193 256 4246 lato
276 4192 402 4257 doctrina,
421 4187 573 4262 Numburgi
583 4194 661 4248 1859.
687 4193 718 4249 Α.
730 4193 837 4260 Gerclxe,
852 4193 1020 4264 Chrysippea.
1036 4195 1063 4249 Z.
1073 4191 1159 4247 ΙΠ1ο
1173 4194 1224 4248 151
1233 4211 1272 4264 sq.

101 4367 141 4406 ⁴12
217 4353 308 4434 Diog.
333 4351 495 4418 V11147.
546 4353 626 4418 Θεὸν
651 4351 686 4418 δὲ
709 4345 792 4418 εἶναι
816 4349 898 4438 ζῷον
921 4352 1102 4433 ἀθάνατον,
1132 4352 1269 4438 λογικόν,
1297 4369 1352 4410 drus

150 4455 272 4524 τέλειον
295 4458 315 4546 ἢ
337 4459 444 4544 νοερὸν
474 4457 731 4546 ἒνούδαιμονίᾳ,
763 4470 866 4524 κακοῦ
895 4459 1019 4536 παντὸς
1050 4456 1269 4541 ἀνεπίδεκτον,

203 4580 260 4622 nuc.
276 4580 336 4622 rhu.
365 4581 405 4623 aa.
421 4581 470 4624 vri.
1023 4565 1057 4620 28
