3140 4990
656 328 831 398 Empedoclea.
1253 326 1303 389 147

185 489 333 556 αἰσθητόν,
363 491 397 550 ὡς
422 490 456 542 τά
488 489 541 562 μὲν
565 491 617 560 ούχ
646 492 789 564 ἁπτόμενα
818 491 971 546 διευτονεῖν
986 493 1011 557 1,
1039 493 1073 545 τά
1099 487 1130 545 δ’
1159 491 1227 553 δλως
1254 495 1305 552 εἰς·

118 615 121 619 >
185 582 276 632 ελθεῖν
295 580 328 631 οὐ
346 579 496 633 δύνασθαι.
516 577 558 646 (de
577 577 657 646 visu.)
688 590 817 652 πειρᾶται
842 581 874 634 δὲ
892 585 938 634 καὶ
958 582 1007 646 τὴν
1025 584 1093 648 ὄψιν
1111 584 1207 650 λέγειν,
1232 586 1302 634 ποία
1354 593 1431 640 visua

184 674 225 730 τίς
249 671 324 722 ἰστι·
352 673 400 721 καί
426 685 495 738 φησι
523 671 554 720 τὸ
582 669 636 740 μὲν
653 670 729 729 ἰντὸς
748 671 830 736 αὐτῆς
849 669 920 722 εἶναι
940 679 1003 742 πῦρ,
1029 671 1061 722 τὸ
1086 669 1119 722 δὲ
1146 673 1209 742 περὶ
1236 671 1304 724 αὐτὸ

184 767 235 827 γῆν
252 762 299 811 καὶ
318 759 398 830 ἀέρα,
419 753 459 810 δι’
482 751 519 810 ὧν
538 757 639 811 διιέναι
657 760 758 811 λεπτόν
777 761 808 810 ὃν
825 761 954 830 καθάπερ
972 760 1004 810 τὸ
1022 759 1051 812 ἰν
1070 764 1127 819 τοῖς
1145 761 1305 832 λαμπτῆρσι

184 857 257 918 φῶς.
277 847 341 906 τοὺς
354 845 386 899 δὲ
401 847 503 916 πόρους
517 847 633 907 ἰναλλάξ
646 850 757 899 κεῖσθαι
776 855 826 899 τοῦ
844 865 872 900 τε
892 847 978 918 πυρός
996 844 1042 899 καὶ
1061 857 1112 900 τοῦ
1129 847 1246 913 ύδατος,
1266 842 1304 901 ὧν

183 943 241 997 τοῖς
258 936 311 1008 μὲν
329 945 380 988 τοῦ
398 937 483 1008 πυρὸς
502 937 536 987 τά
555 937 644 999 λευκά,
664 941 722 996 τοῖς
741 935 772 988 δί
791 945 841 988 τοῦ
859 935 962 996 ὕδατος
980 936 1015 988 τά
1028 939 1136 1009 μέλανα
1150 939 1303 1008 γνωρίζειν·

183 1026 359 1099 ἐναρμόττειν
377 1023 431 1096 γὰρ
449 1023 585 1092 ἑκατέροις
603 1024 721 1092 ἑκάτερα.
750 1027 886 1097 φέρεσθαι
911 1024 944 1078 δέ
962 1025 996 1077 τά
1011 1027 1149 1097 χρώματα
1169 1026 1237 1098 πρὸς
1256 1026 1304 1091 τὴν

183 1117 251 1181 ἀψιν
269 1114 317 1168 διά
337 1115 386 1179 τὴν
405 1113 551 1186 ἀπορροήν.
589 1113 614 1165 9.
633 1110 676 1178 (de
688 1110 809 1178 'auditui
832 1109 930 1178 τὴνδ’
952 1113 1036 1178 ἀκοὴν
1054 1115 1112 1166 ἀπὸ
1130 1123 1184 1165 τῶν
1201 1114 1304 1175 έξωθεν

182 1209 313 1273 γίνεσθαι
333 1205 447 1274 ψόφων.
468 1203 536 1254 όταν
554 1203 608 1274 γάρ
623 1203 677 1254 ὑπὸ
696 1211 742 1268 τῆς
761 1210 852 1272 φωνῆς
869 1205 981 1272 κινηθῇ,
1005 1203 1083 1272 ἠχεῖν
1101 1203 1191 1262 erres·
1211 1201 1304 1274 ὥσπερ

182 1295 237 1366 γάρ
255 1293 325 1346 εἶναι
343 1291 456 1346 κώδωνα
471 1291 483 1330 2
502 1301 556 1343 τῶν
575 1295 643 1343 ἴσων
660 1293 734 1360 ῆχων
752 1291 801 1355 τὴν
819 1291 904 1356 ἀκοὴν
917 1290 949 1356 ἢν
964 1293 1159 1364 προςαγορεύει
1174 1294 1304 1364 σάρκινον

183 1382 285 1444 όζονῧ.
314 1385 477 1452 κινουμένην
504 1379 535 1434 δὲ
563 1384 657 1432 παίειν
684 1380 732 1430 τὸν
756 1380 823 1452 ἀέρα
847 1380 916 1452 πρὸς
940 1380 974 1432 τὰ
1007 1380 1102 1448 στερεά
1133 1383 1180 1432 καὶ
1212 1385 1304 1434 ποιεῖν

181 1469 257 1541 ἦχον.
293 1468 336 1536 (de
354 1467 484 1535 odoratu.)
503 1472 639 1540 ὄσφρησιν
658 1467 688 1521 δὲ
708 1472 837 1536 γίνεσθαι
851 1470 883 1540 τῇ
898 1469 1040 1540 ἀναπνοῆ·
1061 1468 1107 1522 διὸ
1120 1473 1166 1521 καὶ
1179 1471 1303 1540 μάλιστα

182 1561 386 1632 ὀσφραίνεσθαι
405 1559 531 1621 τούτους,
553 1551 593 1617 οἷς
612 1555 789 1627 σφοδροτάτη
808 1566 857 1609 τοῦ
876 1559 1023 1629 ἀσθματος
1040 1558 1056 1623 ἦ
1074 1562 1193 1624 κίνησις·
1214 1559 1303 1631 ὀσμὴν

182 1647 214 1702 δὲ
232 1651 363 1714 πλείστην
381 1648 438 1700 ἀπὸ
457 1657 511 1699 τῶν
528 1650 634 1699 λεπτῶν
647 1649 762 1698 καὶτῶν
774 1647 887 1716 κούφων
901 1647 1039 1719 ἀπορρεῖν.
1059 1649 1121 1720 περὶ
1136 1647 1167 1700 δὲ
1186 1649 1304 1716 γεύσεως

181 1740 227 1790 καὶ
244 1739 315 1808 ἁφῆς
327 1739 359 1789 οὐ
369 1737 515 1809 διορίζεται
527 1731 593 1789 καθ’
608 1735 738 1808 ἑκατέραν
751 1738 811 1788 ούτε
826 1745 884 1795 πῶς
898 1738 960 1788 οὔτε
974 1731 1016 1788 δι’
1031 1735 1049 1788 ἀ
1063 1740 1215 1804 γίγνονται,
1232 1738 1303 1802 πλὴν

182 1829 213 1880 τὸ
227 1828 321 1880 κοινὸν
335 1827 377 1879 ὅτι
391 1829 428 1894 τῷ
442 1826 619 1897 ἐναρμόττειν
637 1829 694 1884 τοῖς
713 1825 809 1896 πόροις
828 1827 958 1890 αἴσθησίς
977 1825 1059 1878 ἔστιν.

253 1915 336 1969 Arist.
347 1911 411 1968 Gen.
422 1915 449 1966 et
458 1913 530 1966 Corn.
540 1911 555 1964 Ι
565 1913 589 1966 8.
600 1911 672 1966 3241)
687 1911 729 1965 26.
750 1917 808 1972 τοῖς
820 1912 874 1983 μὲν
889 1907 938 1964 οὖν
952 1911 1030 1965 δοκεῖ
1047 1914 1167 1982 πάσχειν
1185 1912 1303 1967 ἕκαστον

182 2007 231 2060 διά
249 2025 331 2058 τινων
347 2005 440 2078 πόρων
452 2003 585 2062 εἰσιόντος
595 2011 646 2054 τοῦ
655 2010 800 2060 ποιοῦντος
810 2001 931 2070 ἐσχάτου
940 2005 985 2054 καὶ
995 2004 1172 2074 κυριωτάτου,
1182 2003 1228 2054 καὶ
1240 2010 1302 2054 τοῦ·

181 2115 229 2148 ταν
243 2097 292 2146 τὸν
309 2095 414 2164 τρόπον
431 2096 477 2146 καὶ
497 2095 564 2163 ὁράν
581 2093 628 2143 καλ
643 2091 752 2142 ἀκούειν
765 2092 837 2160 ἡμᾶς
851 2105 923 2160 φασι
936 2091 982 2142 καλ
997 2091 1047 2150 τάς
1061 2092 1144 2150 ἀλλας
1159 2091 1303 2156 αἰσθήσεις

182 2186 371 2236 αἰσθάνεσθαι
389 2184 498 2241 πάσας·
517 2181 558 2233 ἔτι
577 2179 609 2232 δὲ
628 2181 749 2252 ὁρᾶσθαι
768 2178 817 2232 διά
836 2167 863 2230 τε
883 2179 961 2252 ἀέρος
979 2181 1024 2231 καὶ
1051 2179 1153 2238 ὕδατος
1176 2181 1223 2231 καλ
1248 2189 1303 2230 τῶν

181 2271 336 2342 διαφανῶν,
361 2270 410 2324 διά
435 2271 467 2322 τὸ
491 2270 594 2341 πόρους
612 2268 684 2336 ἔχειν
702 2268 836 2338 ἀοράτους
854 2267 908 2338 μὲν
927 2265 975 2320 διά
995 2269 1163 2338 σμικρότητα
1182 2265 1303 2327 πυκνούς

182 2359 213 2414 δὲ
232 2361 366 2412 καὶκατὰ
386 2364 506 2428 στοῖχον,
534 2359 706 2428 καὶμᾶλλον
724 2355 796 2424 ἔχειν
815 2356 849 2408 τά
869 2354 995 2426 διαφανῆ
1016 2358 1130 2427 μᾶλλον.
1167 2353 1249 2408 Arist.
1269 2353 1301 2408 de

181 2464 259 2501 sensu
277 2448 301 2502 2.
321 2447 373 2502 437
388 2447 401 2486 b
416 2447 450 2501 23
469 2445 513 2514 (ef.
527 2443 563 2499 ib.
574 2446 631 2512 10):
648 2440 730 2517 Ἐμπ
750 2445 769 2497 δ
773 2439 780 2458 ’
798 2444 867 2497 ἔοικε
886 2446 1026 2516 νομίζοντι
1046 2445 1089 2519 ὁτὲ
1106 2444 1160 2516 μὲν
1178 2445 1299 2506 ἐξιόντος

181 2547 231 2590 τοῦ
248 2538 346 2608 φωτός,
366 2535 458 2606 ὥσπερ
476 2541 579 2608 εἴρηται
598 2535 738 2606 πρότερον,
757 2535 878 2600 βλέπειν·
897 2535 969 2602 λέγει
988 2543 1057 2602 γοῦν
1075 2533 1175 2592 οὕτως’

252 2626 304 2679 316
341 2628 376 2686 ὡς
395 2621 423 2678 δ’
446 2626 489 2678 ὅτε
508 2645 548 2685 τις
567 2623 691 2695 πρόοδον
708 2626 793 2675 νοέων
811 2623 972 2676 ὡπλίσσατο
989 2624 1091 2692 λύχνον

335 2711 478 2780 χειμερίην
497 2705 545 2758 διά
564 2706 657 2767 νύκτα,
677 2705 763 2778 πυρὸς
782 2705 862 2763 σέλας
882 2706 1047 2775 αἰθομένοιο

340 2790 423 2855 ἅψας,
443 2789 584 2839 παντοίων
603 2785 712 2855 ἀνέμων
729 2786 892 2857 λαμπτῆρας
910 2785 1051 2857 ἀμοργούς
1065 2782 1085 2848 ⁴,

341 2865 393 2922 οἵτ’
416 2869 526 2938 ἀνέμων
542 2865 596 2938 μὲν
614 2873 723 2935 πνεῦμα
743 2864 940 2920 διασκιδνᾶσιν
958 2865 1068 2928 ἀέντων,
1210 2862 1263 2918 305

250 2948 302 3002 320
340 2959 398 3020 φῶς
416 2943 446 3000 δ’
469 2947 519 3008 ἔξω
539 2946 722 3020 όιαθρῷσκον,
742 2947 810 3000 ὅσον
828 2947 1000 3016 ταναώτερον
1018 2943 1071 3011 ηἐν,

339 3031 497 3101 λάμπεσκεν
514 3029 583 3082 κατὰ
602 3029 684 3094 βηλόν
703 3027 837 3100 ἀτειρέσιν
856 3027 1027 3079 ἀκτίνεσσιν·

339 3111 374 3171 ὣς
392 3109 424 3163 δὲ
443 3105 501 3162 τότ’
524 3110 553 3162 ἰν
570 3109 700 3182 μήνιγξιν
717 3109 864 3182 ἐεργμένον
881 3109 1003 3178 ὠγύγιον
1020 3115 1076 3176 πῦρ

338 3191 470 3262 λεπτῇσίν
488 3186 513 3242 τ’
535 3189 677 3262 ὀθόνησι5
695 3192 824 3258 λοχάζετο
842 3191 967 3242 κύκλοπα
985 3188 1101 3258 κούρην·

337 3272 412 3337 (αἳ)
427 3273 547 3342 χοάνησι
566 3270 667 3324 δίαντα
687 3271 815 3343 τετρήατο
834 3265 1045 3340 θεσπεσίῃσιν6

340 3353 369 3402 αλ
387 3347 417 3404 δ’
440 3351 543 3411 ὕδατος
560 3352 613 3422 μὲν
630 3354 729 3417 βένθος
749 3350 903 3418 ἀπέστεγον
922 3349 1119 3420 ἀμφινάοντος,
1210 3346 1265 3400 310

250 3431 303 3485 325
339 3440 395 3504 πῦρ
414 3427 443 3483 δ’
466 3431 516 3492 ἔξω
535 3431 719 3504 διαθρῴσκον,
739 3431 806 3484 ὅσον
825 3430 996 3501 ταναώτερον
1015 3425 1062 3494 ἦεν
1080 3468 1086 3478 .
1106 3467 1111 3478 .
1132 3464 1138 3478 .

180 3521 294 3592 ὁτὲμὲν
313 3515 362 3572 οὖν
380 3521 464 3580 οὕτως
483 3522 551 3592 ὁρᾶν
569 3535 661 3590 φησιν,
691 3519 735 3572 ὁτὲ
761 3519 792 3572 δὲ
816 3523 877 3578 ταῖς
902 3519 1066 3588 ἀπορροίαις
1090 3519 1150 3576 ταῖς
1169 3515 1226 3568 ἀπὸ
1246 3525 1302 3568 τῶν

180 3611 331 3682 ὁρωμένων.
369 3605 411 3661 Cf.
430 3606 502 3661 Alex.
522 3605 564 3660 ad.
583 3605 609 3660 λε.
629 3606 648 3662 1.

250 3732 276 3795 1)
296 3732 435 3786 decurvata
453 3747 522 3799 susp.
535 3729 642 3783 Usener.
654 3759 687 3766 -
711 3729 739 3797 2)
758 3727 897 3782 Schneider
911 3749 932 3782 κ.
949 3739 1002 3782 τῶν
1016 3727 1070 3782 ἔσω
1084 3731 1164 3798 ῆχων.
1183 3728 1300 3782 κώδωνα

178 3819 342 3874 Placitorum
354 3821 447 3873 auctor
460 3817 499 3871 IV
515 3819 556 3884 16,
578 3819 593 3871 1
612 3817 825 3872 tintinnabulum
840 3817 1038 3886 interpretatur,
1058 3815 1141 3870 Zeller
1158 3815 1190 3869 1⁴
1205 3815 1264 3880 724,
1280 3817 1298 3869 2

177 3907 280 3962 tubam.
316 3907 357 3961 Gi.
372 3907 447 3962 Diels
459 3907 523 3962 Dor.
539 3923 564 3975 p.
580 3907 641 3962 501.
657 3933 691 3944 -
709 3905 737 3974 3)
755 3905 835 3974 Vulg.
857 3909 919 3967 ὄζον
936 3903 961 3974 (t
980 3929 1015 3950 =
1035 3900 1134 3977 ἀκρον).
1171 3897 1302 3958 Wimmer

179 3999 269 4050 αὐλόν.
305 3997 380 4050 Diels
398 3995 461 4050 olim
479 3995 634 4050 dubitanter
653 3997 759 4049 ὀστοῦν.
771 4023 805 4033 -
823 3993 851 4062 4)
865 3993 906 4048 ef.
917 3993 1013 4062 Bergk,
1033 3993 1080 4048 Κλ.
1091 3991 1166 4047 Sede.
1178 3991 1299 4046 1143.-

178 4084 334 4150 „Lueemae
352 4099 419 4152 quae
437 4085 545 4138 laminis
564 4085 663 4138 corneis
683 4083 860 4138 circumdatae
879 4085 1016 4136 ventorum
1033 4082 1087 4135 vim
1105 4081 1207 4136 illisam
1225 4080 1299 4134 velut

179 4171 316 4241 detergent
339 4187 421 4240 neque
440 4172 512 4226 intra
530 4188 661 4240 permeare
679 4172 797 4226 sinunt.“
833 4169 907 4226 Diels
926 4171 1040 4225 Hermes
1057 4169 1108 4223 XV
1127 4169 1186 4223 171.
1224 4168 1298 4223 Idem

178 4260 392 4329 ΘαμαΕιπμ.
410 4277 434 4330 p.
446 4262 479 4314 11
499 4277 537 4329 eq.
557 4260 588 4315 de
606 4261 657 4316 hae
666 4261 740 4329 Emp.
751 4261 870 4329 opinione
884 4261 911 4314 et
920 4259 951 4314 de
960 4259 1117 4313 Alcmaeone
1126 4257 1182 4312 eins
1192 4259 1298 4313 auctore

179 4348 335 4419 disputarit.
345 4377 378 4388 -
397 4349 425 4417 5)
439 4353 572 4424 λεπτῆσίν
585 4347 610 4403 τ’
628 4349 708 4404 Diele.
728 4349 827 4422 λεπτῆς
841 4347 1017 4403 εἰνΡαυκωλ).
1036 4351 1151 4422 λεπτῆσι
1161 4352 1297 4421 χθονίησι

171 4435 299 4507 ¹Scaliger
317 4454 375 4492 eum
395 4437 499 4506 aliquot
517 4437 615 4492 eod-
635 4438 662 4506 6)
680 4437 723 4492 ef.
742 4436 827 4504 Blass,
846 4435 1019 4504 Γίιάαῖεαιε
1029 4435 1126 4490 Jaaru
1138 4436 1208 4491 1883
1217 4453 1242 4504 p.
1254 4437 1299 4492 19.

440 4549 442 4554 ⁴
1027 4523 1085 4580 10*
