3130 4980
638 406 757 476 Physica.
1203 406 1257 470 265

132 564 262 642 τούτοις
285 559 334 630 ἔτι
349 561 477 646 κακίας,
501 564 623 653 τρόπον
645 563 681 632 ὃν
695 567 875 645 κακάνοιτο,
897 569 984 632 κατὰ
1006 569 1063 656 τὴν
1078 567 1256 657 ὁμοιότητα

131 681 190 758 της
219 679 279 737 τοῦ
305 670 429 756 τρόπου
458 669 608 756 γενέσεως
637 668 684 750 ε’ίς
710 697 784 738 τινα
814 673 967 762 τοιαύτην
996 672 1047 738 ἀεὶ
1073 675 1257 759 μεταβαλοῖ

101 775 105 782 ’
130 777 267 864 θήρειον
289 775 413 864 φάσινί,
437 775 605 843 ἀλλάττων
627 802 662 844 τε
684 777 721 845 od
744 777 903 868 πρότερον
918 779 1028 846 πόνων
1051 779 1152 869 λήξαι,
1176 779 1256 869 πρὶν

131 884 175 972 τῇ
198 881 319 950 ταύτοῦ
340 881 399 950 καὶ
429 881 542 968 ὁμοίου
565 883 709 972 περιόδῳ
732 884 775 975 τῇ
798 885 831 952 ἐν
858 885 948 973 αὑτῷ
971 886 1256 971 ξυνεπισπώμενος

130 991 189 1056 τὸν
212 990 317 1056 πολὺν
339 987 432 1072 ὄχλον
455 989 512 1056 καί
535 992 664 1078 ὕστερον
686 993 881 1080 προσφύντα
908 978 954 1059 ἐκ
968 995 1073 1083 πυρὸς
1095 991 1153 1059 καί
1176 995 1256 1059 ὕδα-

130 1119 189 1174 τος
217 1095 275 1162 καὶ
308 1094 403 1185 ἀέρος
439 1095 499 1164 καί
533 1110 590 1186 γῆς
623 1099 798 1188 θορυβώδη
828 1098 886 1166 καὶ
914 1098 1032 1186 άλογον
1061 1097 1138 1168 ὄντα
1170 1100 1255 1188 λόγῳ

133 1203 303 1292 κρατήσας
337 1199 383 1281 είς
416 1205 455 1270 τὸ
483 1215 541 1292 της
573 1205 707 1294 πρώτης
735 1204 793 1270 καὶ
823 1203 958 1294 ἀρίστης
988 1203 1142 1294 ἀφίκοιτο
1171 1199 1258 1285 εἶδος

131 1307 238 1389 ἕξεως.
285 1311 605 1400 Διαθεσμοθετήσας
633 1310 670 1377 δὲ
692 1311 802 1377 πάντα
832 1311 943 1390 αὐτοῖς
965 1323 1085 1395 ταῦτα,
1120 1314 1174 1380 ἵνα
1198 1327 1332 1403 cogeant
1345 1331 1400 1373 man

133 1411 251 1482 ἔπειτα
275 1411 324 1505 τίη
355 1414 475 1495 κακίας
498 1413 643 1483 ἑκάστων
665 1416 842 1500 ἀναίτιοςῑ,
877 1414 1010 1506 ἔσπειρε
1031 1421 1107 1498 τοὺς
1128 1419 1188 1504 μὲν
1211 1418 1257 1500 είς

131 1536 199 1611 γῆν,
222 1525 299 1602 τοὺς
320 1512 354 1589 d'
372 1521 420 1602 είς
442 1525 582 1614 σελήνην,
606 1525 681 1604 τοὺς
704 1513 739 1590 d'
759 1523 806 1604 είς
821 1521 927 1592 τᾶλλα
952 1527 1014 1594 ὅσα
1037 1523 1160 1615 ὄργανα
1181 1527 1258 1616 χρά-

131 1653 199 1696 νου.
245 1632 284 1696 τὸ
307 1629 343 1696 δὲ
364 1633 447 1714 μετὰ
469 1633 526 1698 τὸν
547 1631 673 1721 σπόρον
695 1637 765 1710 τοῖς
780 1631 865 1710 νέοις
880 1632 1053 1722 παρέδωκε
1075 1638 1169 1712 θεοῖς
1192 1635 1258 1700 σώ-

131 1761 225 1820 ματα
254 1737 411 1803 πλάττειν
438 1737 562 1826 θνητά,
591 1738 629 1804 τό
653 1763 688 1805 τε
711 1737 889 1807 ἐπίλοιπον
911 1741 986 1807 ὅσον
1009 1730 1060 1808 ἔτ’
1091 1739 1129 1830 ἦν
1153 1753 1260 1832 ψυχῆς

132 1840 346 1932 ἀνθρωπίνης
368 1841 440 1909 δίον
462 1843 720 1932 προσγενέσθαι,
756 1857 852 1914 τοῦτο
876 1846 934 1914 καί
956 1837 1067 1913 πάνθ’
1094 1849 1156 1914 ὅσα
1179 1849 1258 1916 ἀκά-

132 1949 243 2015 λουθα
266 1946 400 2028 ἐκείνοις
423 1949 687 2039 άπεργασμὲνους
704 1951 818 2040 άρχειν,
842 1952 1002 2019 καὶκατὰ
1028 1955 1164 2038 δύναμιν
1186 1955 1206 2020 δ’
1225 1979 1260 2020 τι

132 2055 296 2121 κάλλιστα
318 2055 377 2122 καί
399 2055 519 2143 άριστα
541 2059 580 2124 τὸ
603 2060 724 2147 θνητὸν
746 2059 958 2148 διακυβερνᾶν
980 2057 1081 2148 ζῷον,
1117 2061 1137 2126 δ’
1158 2085 1191 2126 τι
1214 2062 1260 2147 μὴ

132 2174 245 2227 κακῶν
268 2161 347 2230 αὐτὸ
371 2159 476 2250 ἑαυτῷ
498 2160 641 2250 γίγνοιτο
665 2160 805 2230 uitiosi.

206 2337 235 2378 a.
260 2324 319 2378 Duo
344 2325 413 2378 enim
436 2342 532 2393 genera
555 2325 662 2380 deorum
686 2325 816 2380 minorum
835 2341 892 2379 esse
911 2325 1023 2393 statuit,
1042 2326 1155 2380 alterum
1173 2329 1262 2380 astro·

133 2429 202 2480 rum,
223 2413 255 2468 cf.
275 2412 393 2484 40Asq.
418 2415 479 2482 Ieg.
498 2415 523 2467 X
541 2415 594 2469 886
603 2413 635 2482 A,
662 2414 715 2468 XII
733 2412 832 2480 967Α;
860 2413 912 2470 Cic.
931 2415 964 2469 D.
983 2414 1017 2468 N.
1036 2414 1050 2468 I
1067 2416 1103 2470 30
1131 2413 1260 2484 (Krische,

133 2499 252 2556 Ferocis.
273 2502 343 2569 195),
363 2503 475 2556 alterum
495 2503 601 2556 deorum
619 2503 793 2574 popularium,
812 2521 835 2556 v.
855 2501 921 2572 Rep.
940 2501 967 2556 11
985 2501 1087 2570 aton,
1105 2501 1146 2555 III
1165 2503 1219 2558 390
1228 2502 1259 2569 Β,

134 2588 160 2644 X
179 2591 233 2646 606
242 2591 275 2645 D.
312 2591 454 2645 Astrorum
473 2591 534 2645 deos
552 2592 640 2662 paiam
657 2592 685 2645 in
704 2592 775 2645 caelo
789 2591 857 2644 volvi
876 2595 904 2644 et
923 2608 1026 2662 semper
1044 2608 1168 2662 appatere
1187 2591 1259 2658 dicit,

133 2679 251 2748 reliquos
265 2679 368 2749 quoties
385 2680 451 2750 ipsis
469 2680 580 2750 placeat.
603 2679 765 2750 ¹Utrumque
788 2697 872 2748 genus
891 2683 1010 2733 creatum
1034 2683 1076 2733 est
1094 2679 1141 2732 sed
1158 2679 1261 2732 immor·

134 2769 189 2822 tale
209 2768 280 2821 sicut
297 2767 420 2834 mundus,
438 2771 581 2838 utrumque
599 2768 627 2822 in
646 2768 795 2822 hominibus
809 2768 954 2839 ceterisque
968 2769 1125 2821 animalibus
1143 2767 1261 2820 creandis

134 2859 305 2926 occupatum:
333 2874 384 2927 quo
408 2857 525 2926 pertinet
550 2857 620 2927 quod
644 2860 718 2911 astra
735 2857 851 2910 numeris
876 2858 931 2912 suis
950 2875 980 2911 ac
998 2857 1114 2910 motibus
1133 2860 1162 2910 ct
1179 2855 1260 2910 vitam

132 2943 270 3000 hominnm
304 2945 434 2999 moderari
461 2949 489 2999 et
518 2947 552 2999 ad
578 2946 674 3000 liberos
708 2946 881 3016 procreandos
908 2947 961 3000 vim
987 2946 1083 3000 habere
1115 2945 1260 3000 statuebat,

133 3054 157 3091 v.
177 3035 245 3089 Tim.
264 3033 388 3104 39qu.,
405 3033 469 3105 Rop.
488 3035 553 3088 VIII
570 3034 624 3090 546
633 3034 666 3090 A.

206 3159 239 3214 b.
259 3157 297 3212 cf.
316 3158 382 3212 Iim.
400 3156 469 3212 35A
487 3165 531 3212 BP
549 3159 635 3214 2631).

134 3305 136 3308 ·
208 3297 236 3338 c.
255 3283 308 3336 Tot
326 3282 426 3336 animas
449 3283 513 3336 iecit
537 3287 604 3353 quot
628 3283 720 3336 stollas
738 3282 765 3336 h.
784 3299 807 3336 c.
825 3282 989 3349 innumeras,
1019 3282 1065 3335 sed
1083 3299 1195 3352 quarum
1212 3299 1260 3336 nu-

134 3389 224 3427 merus
243 3376 328 3442 neque
348 3374 461 3440 augetur
477 3389 562 3441 neque
579 3371 717 3425 minuItur.
744 3371 846 3424 Deinde
859 3372 923 3425 deus
942 3371 975 3424 iis
990 3374 1125 3440 tamqnam
1142 3370 1260 3424 vehiculo

134 3460 268 3532 impositis
286 3463 419 3514 mansitat
434 3463 557 3514 natinam
570 3461 686 3514 universi
699 3460 952 3528 (similitsrPhaadr.
967 3459 1020 3514 245
1030 3459 1050 3514 C
1060 3461 1118 3530 sq.).
1143 3459 1261 3529 Utroque

133 3551 292 3618 argmnento
306 3549 383 3602 Plato
401 3549 489 3602 utitur
507 3550 535 3602 in
553 3549 754 3604 immortalitate
772 3549 852 3602 animi
870 3539 1082 3603 demonstranda.
1118 3548 1158 3602 De
1175 3548 1261 3618 priore

121 3639 167 3693 -eI,
186 3638 252 3707 ch.
272 3637 298 3690 X
316 3637 414 3704 611A3
433 3637 530 3692 Phaed.
551 3637 616 3692 720
634 3642 680 3692 καὶ
705 3643 729 3692 εἰ
748 3639 925 3705 ἀποθνῄσκοι
947 3639 1001 3712 μὲν
1026 3641 1120 3692 πάντα
1139 3638 1192 3693 ὅσα
1211 3649 1261 3692 τοῦ

136 3729 182 3794 ζῆν
199 3729 359 3798 μεταλάβοι,
389 3727 536 3794 ἐπειδὴδὲ
556 3729 698 3780 ἀποθάνοι
715 3731 796 3799 μένοι
814 3727 945 3795 ἐντούτῳ
963 3730 1000 3795 τῷ
1020 3729 1143 3799 σχήματι
1163 3729 1198 3780 τὰ
1217 3746 1259 3781 τε·

134 3821 245 3869 &aare
263 3819 310 3868 καὶ
327 3816 368 3887 μὴ
387 3818 472 3868 πάλιν
495 3817 708 3884 ἀναβιώσκοιτο,
738 3811 783 3888 ἀρ’
806 3815 839 3868 οὐ
863 3816 951 3881 πολλὴ
969 3816 1075 3884 ἀνάγκη
1095 3817 1261 3869 τελευτῶντα

49 3917 52 3920 ·
135 3905 232 3957 πάντα
256 3906 389 3957 τεθνάναι
414 3908 461 3956 καὶ
483 3904 574 3976 μηδὲν
598 3906 658 3970 (dvi
685 3902 808 3956 Altemm
825 3903 957 3972 repetitur
981 3903 1042 3955 inde
1062 3902 1131 3972 quod
1149 3903 1260 3956 scientia

135 3992 174 4045 sii
191 3991 260 4045 nihii
278 3991 330 4045 nisi
354 3991 500 4046 recordatio
528 4007 632 4058 eornm,
660 4009 726 4061 qnae
744 3991 847 4048 animus
865 3991 893 4044 in
911 3991 967 4044 vita
984 3991 1031 4044 illa
1048 3991 1111 4044 olim
1129 4007 1190 4044 cnm
1207 3991 1258 4044 diis

135 4082 197 4134 acta
214 4079 348 4146 hauserit,
377 4080 410 4134 cf.
429 4080 542 4134 Phaedr.
560 4078 645 4134 2490
672 4090 755 4134 τοῦτο
774 4081 809 4134 (λέ
824 4081 900 4134 ἔστιν
918 4082 1072 4153 ἀνάμνησις
1091 4082 1199 4134 ἐκείνων
1206 4120 1213 4144 ,
1242 4081 1261 4133 ά

82 4221 86 4230 ,
135 4165 203 4223 ποτ’
226 4169 300 4223 eldea
325 4170 436 4240 ἡμῶνὴ
463 4171 541 4239 ψυχὴ
569 4175 798 4243 συμπορευθεῑσα
825 4173 882 4238 θεῷ
905 4174 952 4223 καὶ
978 4169 1147 4241 ὑπεριδοῦσα
1171 4167 1188 4219 ἀ
1212 4178 1261 4221 νῦν

136 4258 210 4311 εἶναί
227 4275 323 4329 φαμεν
339 4263 387 4311 καὶ
405 4260 575 4326 ἀνακάψασα
593 4263 632 4318 εἰς
650 4261 682 4311 τὸ
701 4261 732 4310 ὃν
750 4261 841 4321 ὄντως,
866 4257 898 4311 cs.
916 4257 994 4310 Meno
1012 4257 1045 4311 81
1057 4256 1079 4308 Β
1092 4273 1140 4326 οη,
1158 4255 1260 4310 Phileb.

135 4345 172 4400 34
181 4345 214 4412 Β,
233 4343 331 4400 Phaed.
352 4345 417 4400 7213
436 4349 494 4399 Καὶ
511 4350 582 4420 μήν,
595 4349 648 4418 ἔφη
667 4350 682 4399 ὁ
701 4351 788 4414 Κέβης
813 4348 972 4414 ὑπολαβών,
1000 4350 1047 4398 καὶ
1071 4340 1135 4399 κατ’
1157 4345 1261 4399 ἐκεῖνόν

136 4453 167 4504 γε
196 4436 247 4487 τὸν
273 4436 358 4504 λόγον
383 4435 438 4501 (ὅτι
465 4436 575 4490 ἔστιτὸ
594 4436 815 4503 ἀναβιάσκεσθαι
839 4438 885 4487 καὶ
904 4436 933 4487 ἐκ
951 4444 1005 4487 τῶν
1024 4435 1180 4488 τεθνεώτων
1198 4435 1262 4494 τοὺς

136 4526 239 4584 ζῶντας
256 4524 422 4592 γίγνεσθαι),
443 4523 464 4576 ἀι
482 4527 624 4598 Σώκρατες
632 4557 676 4590 -‚
696 4523 728 4576 ὃν
746 4524 781 4578 σὺ
798 4527 899 4584 εἴωθας
916 4524 999 4593 θαμά
1017 4526 1114 4592 λέγειν,
1134 4522 1177 4574 ὅτι
1195 4523 1264 4593 ἡμῖν

1288 3545 1446 3589 immortalitas

1328 3600 1395 3643 animi
