3148 4984
643 314 805 368 DamasciuS.
1232 310 1287 373 563
1316 349 1317 352 ,

166 493 196 558 p.
222 481 272 540 62.
306 471 363 538 καί
395 483 490 540 τοῦτο
525 473 575 558 (τό
603 473 744 560 ἀγαθὸν)
778 472 925 556 μάλιστα
956 477 1026 551 τοῖς
1056 469 1144 538 οόσιν
1178 475 1287 539 δπασι

78 605 81 610 ·
167 577 295 644 πιστόν.
319 616 363 626 -
385 600 415 664 p.
442 590 491 646 63.
515 569 558 645 ἵν’
577 577 631 646 οὖν
655 579 835 658 συνελόντες
858 575 1011 663 εἴπωμεν,
1035 577 1111 665 τρία
1134 577 1194 663 μέν
1216 576 1287 645 ἐστι

167 686 209 748 τὰ
232 685 426 774 πληρωτικά
447 696 552 751 ταῦτα
575 699 640 752 τῶν
663 683 765 752 θείων
787 687 843 752 διά
866 685 999 751 πάντων
1021 685 1208 774 πληροῦντα
1223 699 1288 752 τῶν

168 791 356 879 κρειττόνων
379 805 485 878 γενῶν,
515 793 684 882 ἀγαθότης
706 789 809 881 σοφία
832 792 967 870 κάλλος·
1007 789 1083 878 τρία
1107 791 1143 858 δέ
1166 789 1207 858 αὖ
1230 791 1288 858 καί

168 909 231 962 τῶν
247 897 478 987 πληρουμένων
492 899 670 985 συναγωγά,
695 900 826 987 δεύτερα
848 898 907 982 μέν
930 896 1058 965 ἐκείνων
1080 899 1233 988 διήκοντα
1252 897 1289 966 δέ

168 1000 215 1082 είς
237 1004 349 1084 πάσας
372 1007 431 1084 τάς
453 1003 550 1085 θείας
573 1007 817 1095 διακοσμήσεις,
848 1003 963 1084 πίστις
985 1004 1043 1072 καί
1066 1005 1208 1094 ἀλήθεια
1231 1004 1289 1072 καὶ

169 1107 257 1198 ἐρως.
293 1107 431 1198 σῴζεται
461 1111 498 1178 δέ
526 1113 637 1178 πάντα
669 1113 725 1178 διδ
755 1113 877 1178 τούτων
906 1110 964 1178 καί
992 1112 1192 1178 συνάπτωσι
1215 1116 1289 1191 ταῖς

169 1223 394 1307 πρωτουργοῖς
411 1217 544 1301 αἰτίαις,
567 1222 610 1286 τά
625 1219 684 1303 μὲν
708 1219 763 1286 διά
786 1222 843 1308 τῆς
866 1219 1022 1308 ἐρωτικῆς
1044 1216 1172 1302 μανίας,
1195 1221 1238 1284 τά
1254 1217 1290 1286 δέ

170 1325 225 1390 διά
248 1337 305 1412 τῆς
327 1323 425 1404 θείας
448 1324 663 1415 φιλοσοφίας,
694 1328 735 1392 τά
758 1325 794 1392 δέ
817 1326 873 1392 διά
896 1339 953 1414 τῆς
976 1331 1169 1414 θεουργικῆς
1193 1325 1290 1391 δυνά-

169 1427 262 1514 μεως,
285 1429 476 1520 ήκρείττων
498 1430 587 1500 ἐστὶν
610 1433 743 1522 ἀπάσης
765 1429 977 1522 ἀνθρωπίνης
1000 1433 1210 1522 σωφροσύνης
1232 1431 1290 1498 καί

171 1535 436 1622 ἐπισυλλαβοῦσα
451 1540 494 1605 τά
516 1564 551 1606 τε
566 1553 624 1628 τῆς
641 1551 800 1628 μαντικῆς
823 1539 941 1624 ἀγαθά
960 1539 1018 1606 καί
1040 1541 1100 1618 τάς
1123 1551 1180 1626 τῆς
1202 1539 1290 1606 τελε-

171 1658 355 1733 σιουργικῆς
386 1648 595 1734 καθαρτικάς
624 1646 775 1730 δυνάμεις
804 1643 862 1712 καί
892 1645 1003 1712 πάντα
1031 1646 1147 1724 ἀπλῶς
1169 1647 1211 1711 τά
1234 1658 1292 1734 τῆς

170 1747 285 1816 ἐνθέου
306 1766 498 1842 κατακωχῆς
521 1752 720 1842 ἐνεργήματα
727 1753 749 1818 ¹³.

242 1872 270 1912 ιι.
290 1858 321 1912 In
339 1859 405 1914 Tim.
424 1860 452 1914 Π
476 1878 502 1930 p.
522 1861 557 1915 92
575 1859 636 1915 Bae.
656 1862 710 1916 218
724 1860 802 1914 Schn.
828 1863 844 1928 ή
867 1863 923 1934 γάρ
947 1862 977 1914 ἐν
1001 1864 1130 1914 συνθέσει
1156 1863 1292 1933 φερομένη

172 1947 298 2008 διέξοδος
316 1949 452 2004 ἀδυνατεῖ
475 1951 524 2015 τὴν
542 1949 649 2015 ἑνοειόῆ
672 1952 719 2002 καὶ
739 1951 829 2016 άπλῆν
852 1951 1033 2022 παριστάνειν
1052 1951 1145 2019 φύσιν.
1183 1953 1211 2000 τί
1235 1946 1291 2013 οὖν,

172 2041 241 2107 φαίη
259 2056 300 2097 τις
319 2041 366 2100 ἀν,
387 2040 449 2108 οὐχὶ
468 2039 557 2092 πολλὰ
576 2043 623 2092 καὶ
642 2042 706 2111 περὶ
724 2048 775 2090 τοῦ
793 2039 969 2112 δημιουργοῦ
985 2041 1032 2090 καὶ
1051 2042 1114 2110 περὶ
1132 2047 1186 2090 τῶν
1205 2040 1291 2090 ἀλλων

170 2131 244 2179 θεῶν
261 2129 308 2178 καὶ
327 2127 396 2198 ὑπὲρ
415 2137 465 2180 τοῦ
482 2127 542 2188 ἑνός
561 2129 647 2180 αὐτοῦ
665 2129 795 2199 λέγομενς
815 2129 877 2197 περὶ
897 2128 988 2180 αὐτῶν
1004 2127 1058 2197 μὲν
1076 2129 1199 2198 λέγομεν,
1225 2127 1293 2179 αὐτὸ

171 2213 204 2267 δὲ
222 2214 339 2268 ἕκαστον
358 2218 390 2268 οὐ
404 2218 529 2288 λέγομεν,
547 2219 595 2268 καὶ
609 2217 828 2288 ἐπιστημονικῶς
845 2215 899 2287 μὲν
913 2215 1062 2287 δυνάμεθα
1080 2217 1176 2283 λέγειν,
1196 2225 1294 2286 νοερῶς

172 2301 203 2356 δὲ
223 2305 263 2356 οὔ.
279 2329 311 2340 -
327 2310 401 2364 Νοῦς
418 2303 486 2358 enim
504 2303 682 2373 praestantior
700 2305 742 2356 est
761 2302 883 2357 seientia:
901 2301 990 2356 Theol.
1010 2302 1079 2357 Plat.
1097 2303 1112 2355 I
1130 2301 1164 2356 25
1182 2321 1208 2372 p.
1219 2303 1292 2356 621’.

172 2401 236 2452 νοῦς
254 2393 308 2462 γὰρ
327 2393 464 2446 ἐπέκειναι
483 2396 573 2460 πάσης
591 2394 744 2466 ἐπιστήμης
763 2392 892 2465 ἵδρυται.-

243 2479 273 2534 b.
293 2479 331 2534 Cf.
350 2480 448 2548 Βίίλει,
469 2481 564 2538 Θεεελ.
575 2481 601 2534 ἀ.
613 2481 715 2536 Philas.
734 2477 790 2533 1v¹
809 2481 869 2534 705.
897 2479 969 2534 Idem
988 2481 1155 2550 persequitur
1172 2480 1199 2534 in
1210 2479 1293 2535 Aleib.

173 2569 207 2622 16
226 2585 251 2638 p.
270 2568 364 2640 51sq.‚
393 2571 439 2622 ubi
466 2569 531 2623 fides
559 2571 667 2626 veritati
695 2573 723 2624 et
750 2569 831 2624 amori
855 2585 884 2622 εο
903 2569 1013 2622 maxime
1036 2571 1171 2639 praestare
1189 2568 1294 2635 dicitur,

172 2658 243 2727 quod
262 2658 298 2712 sit
317 2659 470 2731 ἑδράζαυσα
489 2662 523 2714 τὰ
543 2663 636 2714 πάντα
654 2664 700 2712 καὶ
720 2659 885 2733 ἐνιδράουσα
904 2663 941 2728 τῷ
960 2661 1066 2728 ἀγαθῷ.

123 2831 164 2872 544
241 2818 333 2883 Phot.
350 2819 432 2883 Bibl.
449 2819 513 2884 cod.
533 2828 595 2884 181
618 2839 647 2902 p.
666 2827 730 2884 213
746 2819 787 2882 H.
813 2818 895 2883 1261
907 2819 945 2882 Β.
977 2806 1017 2883 t0
1032 2815 1069 2883 δέ
1083 2815 1294 2900 [lapda-mog*
1320 2831 1450 2874 Dum-wius

173 2923 232 3011 τήν
261 2947 295 2990 τε
324 2925 554 3012 ῥητορεύουσαν
583 2931 694 3011 τέχνην
722 2924 788 2989 ὑπὸ
814 2921 917 2989 Θέωνι
948 2919 1024 3010 τρία
1053 2918 1108 3011 ἐτη
1139 2921 1199 2988 όλα
1229 2923 1295 2988 διε-

173 3030 296 3118 πόνησε
324 3029 381 3096 καὶ
417 3029 563 3118 προόστη
594 3031 771 3118 διατριβῶν
808 3035 985 3118 ῥητορικῶν
1016 3027 1076 3095 ἐπὶ
1105 3025 1160 3116 ἐτη
1198 3027 1295 3110 ἐννέα,
1377 3089 1379 3094 ,

173 3133 370 3224 γεωμετρίας
400 3135 436 3202 δέ
465 3135 523 3202 καί
546 3137 769 3225 ἀριθμητικῆς
792 3135 849 3201 καὶ
872 3149 937 3200 τῶν
960 3134 1066 3201 ἀλλων
1088 3135 1296 3224 μαθημάτων

173 3242 345 3330 Μαρῖνονλ
360 3246 416 3310 τὸν
432 3243 582 3325 διάδοχον
597 3242 749 3330 Πρόκλου
766 3241 799 3308 ἐν
813 3231 973 3330 Ἀθήναις
997 3239 1067 3324 ἐσχε
1090 3240 1295 3306 διδάσκαλον.

172 3363 231 3438 τῆς
254 3349 291 3416 δέ
313 3349 496 3438 φιλοσόφου
519 3347 664 3436 θεωρίας
687 3349 707 3414 ό
728 3371 763 3414 τε
785 3348 966 3436 Ζηνόδοτος
989 3347 1078 3434 αὐτῷ
1101 3347 1298 3436 καθηγεμὼν

171 3446 334 3545 Ἀθήνησι
350 3455 407 3522 καί
423 3454 521 3534 αὐτὸς
543 3455 677 3540 ἐγεγόνει
701 3454 864 3540 (διάδοχος
887 3453 923 3520 δέ
946 3453 1003 3520 καί
1026 3449 1119 3532 οὗτος
1135 3452 1296 3540 Πρόκλου,

174 3567 217 3631 τά
240 3565 373 3650 δεύτερα
398 3559 549 3650 Μαρίνου
573 3560 695 3649 φόρων)
723 3560 781 3627 καὶ
802 3551 987 3644 Ἀμμώνιος
1016 3560 1049 3627 ἐν
1068 3550 1297 3646 Ἀλεξανδρεία

175 3661 388 3757 όἝρμείουθ,
411 3665 446 3734 ὃν
469 3667 505 3733 οά
527 3667 635 3754 μικρῷ
656 3665 764 3754 μίτρην
787 3680 853 3732 τῶν
876 3655 962 3732 καθ’
982 3663 1096 3732 ἑαυτὸν
1119 3663 1177 3732 ἐπὶ
1201 3665 1297 3752 φιλο-

175 3775 280 3865 σοφίᾳ
302 3775 384 3865 φησί
407 3772 583 3862 διαφέρειν,
615 3771 682 3838 καὶ·
694 3773 842 3857 μάλιστα
864 3777 935 3852 τοῖς
957 3773 1146 3860 μαθήμασι.
1185 3779 1298 3835 τοῦτον

174 3883 323 3949 καὶτῶν
344 3881 567 3946 Πλατωνικῶν
596 3877 750 3966 ἐξηγητὴν
778 3879 867 3965 αότηι
890 3883 1083 3966 γεγενῆσθαι
1106 3875 1298 3958 Δαμάσκιος

175 3987 367 4076 ἀναγράφει,
391 3985 448 4052 καί
471 3997 528 4072 τῆς
550 3983 730 4063 συντάξεως
752 3997 817 4048 τῶν
832 3985 1074 4072 ἀστρονομικῶν
1088 3977 1298 4063 Πτολεμαίου

174 4092 322 4182 βιβλίων.
356 4105 414 4181 τῆς
442 4090 554 4174 μέντοι
585 4091 790 4177 διαλεκτικῆς
818 4097 932 4178 τριβῆς
955 4092 1015 4168 τὰς
1036 4077 1201 4174 Ἰσιδάρου
1224 4106 1299 4152 συν-

164 4199 292 4278 ,ουσίας
313 4201 371 4287 τὴν
394 4195 481 4280 ἶσχόν
497 4195 585 4282 αὑτηί
608 4193 804 4262 διατείνεται
826 4200 1019 4284 παρασχεῖν,
1043 4191 1079 4260 ὃν
1101 4190 1159 4257 καί
1182 4189 1241 4256 ἐπὶ
1255 4189 1299 4278 τῇ

175 4308 312 4394 τοιαύτη
336 4317 402 4370 τῶν
416 4303 518 4388 λόγων
534 4301 666 4384 δυνάμει
690 4301 819 4378 πάντας
842 4300 1050 4390 ἀνθρώπους,
1075 4298 1170 4374 ὅσους
1185 4297 1202 4361 ό
1219 4287 1296 4362 κατ’

174 4411 301 4500 ἐκείνην
323 4413 380 4499 τήν
403 4410 508 4495 γενεάν
531 4406 640 4496 ήνεγκε
660 4407 780 4494 χρόνος,
805 4402 1077 4496 ἀποκρόφασθαί
1100 4402 1225 4490 φησινᾶ.
