3148 4984
530 303 533 314 '
649 303 778 356 Plotinae.
1135 361 1136 364 ,
1223 300 1277 360 tlt

156 461 259 546 τούτῳ
282 461 330 548 τῷ
352 459 511 548 δαιμονίῳ
542 460 630 550 φωτί
654 462 819 540 πολλάκις
841 461 993 547 άνάγονσι
1017 459 1131 528 ἑαυτὸν
1154 459 1200 540 εἰς
1222 463 1278 528 τὸν

74 614 77 619 -
158 567 370 654 mediocritei
394 565 546 634 ἐπέκεινα
569 570 647 634 θεὸν
669 572 744 646 ταῖς
768 565 906 646 ἐννοίαις
929 607 970 616 -
996 567 1099 657 ἐφάνη
1122 560 1277 646 bettore

157 676 236 752 θεὸς
252 675 269 739 ὁ
284 675 366 763 μήτε
387 677 516 764 μορφὴν
537 676 618 764 μήτε
640 677 713 741 τινὰ
737 673 826 741 ἰδέαν
849 672 936 758 igtur,
960 658 1043 763 διιέῥ
1066 672 1104 740 δέ
1126 687 1197 740 νοῦν
1220 671 1277 740 καὶ

158 791 225 844 πᾶν
248 782 287 846 τὸ
309 783 423 870 νοητὸν
446 778 624 869 ἱδρυμένος.
641 817 685 830 -
707 780 800 860 τέλος
822 783 884 869 γάρ
908 780 998 868 αὐτῷ
1021 780 1078 854 καὶ
1101 782 1226 860 σκοπὸς
1241 779 1278 870 ἦν

156 889 194 953 τὸ
226 885 388 976 ἓνοιθῆναι
418 887 475 954 καί
505 888 657 954 πελάσαι
672 889 720 975 τῷ
743 887 801 954 ἐπὶ
825 899 910 954 πᾶσι
933 887 1013 975 θεῷ.
1054 885 1143 970 ἔτυχε
1165 886 1202 954 δέ
1224 912 1277 954 σε·

156 993 270 1082 σροίκις
292 1018 367 1076 που,
392 995 447 1061 ὅτε
469 996 610 1083 συνήμην
633 994 736 1082 αὐτά,
768 1005 827 1060 τοῦ
848 1005 977 1062 σκοποῦ
998 995 1112 1062 τούτου
1137 991 1278 1084 ἐνεργείᾳ

156 1099 283 1188 ἀρρήτῳ
307 1099 364 1166 καὶ
388 1100 425 1166 οδ
444 1101 585 1185 δυνάμει.
602 1138 646 1149 -
670 1111 699 1166 2.
723 1099 865 1166 Μέλλων
881 1101 918 1167 δέ
932 1102 1081 1168 τελευτᾶν
1105 1139 1147 1149 -
1170 1102 1278 1188 φήσας

156 1211 342 1294 πειρᾶσθαι
373 1209 411 1273 τὸ
443 1205 476 1273 ἐν
507 1211 585 1297 ἡμῖν
606 1211 700 1274 θεῖον
730 1207 857 1293 ἀνάγειν
880 1209 965 1296 πρὸς
988 1209 1025 1274 τὸ
1048 1206 1082 1274 ἐν
1104 1207 1152 1294 τῷ
1175 1205 1278 1272 παντὶ

155 1317 250 1378 θεῖον
274 1351 315 1361 -
340 1313 445 1402 άφηιιε
474 1315 513 1380 τὸ
542 1324 670 1396 πνεῦμα
700 1311 757 1402 ἐτη
780 1315 914 1400 γεγονὼς
938 1353 980 1362 -—
1003 1313 1039 1394 ἐξ
1061 1337 1097 1380 τε
1125 1312 1181 1379 καί
1205 1309 1278 1402 ἐξή-

156 1442 264 1500 κοντα,
298 1430 357 1484 τοῦ
379 1418 527 1504 δευτέρου
551 1416 643 1497 ἐτους
665 1433 723 1508 τῆς
746 1417 913 1486 Κλαυδίου
937 1417 1110 1505 βασιλείας
1133 1421 1278 1508 πληρου-

155 1522 252 1608 μένου
276 1525 319 1613 (a.
344 1527 431 1612 270).

226 1649 265 1702 De
283 1649 532 1720 Neoplatonieorum
557 1651 723 1720 philosophia
748 1650 922 1720 seripserunt:
948 1649 978 1704 E.
1004 1650 1148 1718 Vaoherot,
1167 1651 1278 1704 histoire

156 1739 270 1808 critique
296 1739 329 1794 de
354 1740 445 1794 t'icote
471 1739 686 1805 d’Aleeeadric,
705 1740 789 1792 Paris.
810 1741 880 1794 1846
890 1757 929 1808 sq.
972 1739 1111 1792 Steinhart
1133 1739 1161 1793 in
1185 1739 1278 1807 Paulyi

155 1825 259 1894 Encycl.
278 1827 388 1898 Antiqu.
403 1828 510 1883 V1705
519 1845 558 1898 sq.
586 1828 617 1882 A.
629 1827 736 1895 Gerche,
754 1845 775 1882 e.
790 1828 894 1896 platon.
906 1825 998 1896 Qualia
1013 1828 1038 1881 d.
1049 1827 1277 1896 Neuplctonism,

155 1914 223 1970 Mus.
233 1916 284 1970 Rh.
296 1917 330 1970 41
342 1919 442 1984 (1886),
459 1918 511 1972 268
520 1934 559 1986 sq.
579 1945 612 1954 -
631 1917 731 1970 Plotini
748 1915 885 1970 Enneedes
904 1915 944 1970 ed.
960 1914 1078 1991 Creueer,
1097 1915 1178 1970 Oion.
1194 1915 1278 1981 18353

156 2004 195 2058 ed.
215 2005 364 2072 Kirchhoff‚
390 2005 582 2072 Berol.1847;
612 2005 652 2059 ed.
671 2005 707 2058 H.
727 2004 756 2058 F.
774 2005 879 2072 Miller,
907 2004 993 2058 Berol.
1014 2005 1098 2070 1878,
1124 2005 1207 2070 188ος
1236 2005 1278 2058 οδ,

155 2092 187 2146 R.
207 2095 368 2161 Volkmann,
396 2095 467 2165 Lips.
487 2095 557 2149 1883
568 2111 606 2163 sq.
636 2121 669 2131 -
697 2095 737 2148 De
755 2093 855 2147 Plotini
883 2093 1002 2146 doctrina
1029 2093 1060 2146 oi.
1086 2092 1224 2146 Steinhart
1249 2094 1278 2146 in
1321 2123 1326 2132 ·

154 2183 248 2251 Paulyi
266 2183 370 2252 Enoycl.
389 2183 414 2235 V
433 2183 502 2238 1753
514 2201 552 2252 sq.
589 2182 726 2248 Kirchner,
746 2181 772 2235 ιλ.
787 2181 960 2250 Philosophia
976 2181 1023 2235 des
1037 2181 1089 2248 Ρλ,
1108 2179 1184 2234 Helie
1200 2181 1277 2236 1854.

155 2272 186 2326 A.
205 2272 322 2338 Richter,
342 2273 473 2341 Neuplet.
492 2271 617 2338 Studien,
636 2271 697 2324 Hal.
715 2271 786 2326 1864
796 2287 835 2340 sq.
872 2269 906 2324 H.
924 2269 955 2322 de
964 2269 1059 2336 Kleist,
1075 2270 1143 2338 plot.
1154 2267 1278 2338 Studien,

155 2360 276 2414 Heidelb.
293 2363 371 2416 1883.
409 2359 456 2414 Br.
475 2361 516 2414 ΙΠ
534 2361 559 2427 2,
579 2361 681 2429 302sq.
718 2359 746 2412 Z.
765 2359 806 2412 ΠΙ
824 2356 862 2412 2³
880 2359 933 2412 419
944 2375 982 2428 sq.

227 2481 256 2520 a.
275 2467 315 2520 De
340 2467 429 2536 patria
455 2467 511 2537 ipse
534 2467 620 2520 noluit
644 2465 823 2536 pronuntiare,
848 2481 909 2518 nem
928 2461 1004 2534 ἐῴκει
1023 2469 1217 2536 αἰσχυνομένῳ
1235 2467 1277 2519 ὅτι

156 2559 185 2610 ἐν
213 2559 322 2629 σώματι
348 2562 401 2623 εἴη,
430 2559 463 2610 ut
487 2556 527 2608 ait
549 2555 676 2626 Porphyr.
701 2555 737 2608 ib,
758 2555 783 2608 1.
826 2554 877 2607 Sed
895 2553 1029 2623 Eunapius
1056 2553 1097 2620 (V.
1117 2553 1195 2624 Soph.
1214 2555 1276 2624 pe

155 2645 285 2710 Boisson.)
311 2647 339 2698 et
358 2645 453 2700 Suidas
478 2648 511 2712 (v.
533 2645 686 2708 Πλωιῖνος)
708 2647 736 2697 et
754 2643 839 2698 David
857 2642 953 2709 (Sobel.
972 2642 1056 2696 Arist.
1077 2642 1130 2696 18⁸
1147 2642 1194 2707 43)
1217 2659 1277 2696 eum

156 2735 277 2804 Lycopcli
295 2734 323 2787 in
342 2733 462 2804 Aegypto
481 2736 573 2787 natum
592 2749 648 2786 esse
666 2732 813 2802 perhibent.

227 2823 257 2877 b.
276 2821 430 2876 Ammonius
454 2822 546 2875 Saccas
570 2823 598 2888 (i.
617 2839 639 2875 e.
667 2821 860 2894 σακκοφόρος),
886 2817 1078 2872 Alexandrinus
1106 2821 1140 2885 (v.
1160 2817 1232 2872 Suid.
1252 2837 1275 2872 v.

153 2907 310 2984 Ἀμμώνιος
329 2914 357 2964 et
372 2915 514 2972 Πλωιῖνος
527 2913 555 2964 et
571 2917 615 2963 m>
627 2911 661 2978 7),
681 2909 840 2965 Christianis
858 2908 1011 2978 parentibus
1030 2910 1118 2975 natus,
1137 2909 1277 2977 postquam

156 3000 189 3052 sd
208 3000 371 3054 ethnicorum
389 3017 463 3054 saera
480 3017 574 3068 graeca
592 2999 672 3053 rediit
689 2999 826 3068 (Porphyr.
846 3015 887 3067 ap.
906 2997 999 3050 Euseb.
1019 2995 1053 3050 H.
1072 2995 1102 3050 E.
1121 2996 1159 3048 VI
1178 2997 1220 3063 19,
1241 2995 1276 3064 7),

157 3089 272 3144 scholam
290 3089 318 3142 in
337 3089 401 3142 urbe
419 3089 506 3158 patria
520 3089 624 3158 aperuit
642 3092 672 3142 et
689 3087 840 3142 recentioris
858 3085 1039 3156 philosophiae
1056 3081 1207 3140 Platonicae
1219 3085 1277 3141 tun·

157 3178 280 3232 demente
298 3177 367 3232 iecit.
404 3178 465 3248 Ipse
490 3177 558 3232 nihil
583 3177 676 3248 scripti
695 3177 815 3246 rquuit,
840 3179 872 3230 ut
897 3175 1047 3243 ambiguam
1065 3173 1143 3228 fidem
1161 3175 1278 3228 habeant

157 3283 222 3336 quae
241 3266 272 3319 de
291 3265 347 3319 eius
362 3265 481 3320 doctrina
499 3265 644 3318 traduntur
661 3264 732 3335 apud
745 3264 895 3318 Nemesium
906 3263 937 3316 de
947 3263 1011 3316 Nat.
1022 3262 1099 3317 Hom.
1114 3280 1135 3316 e.
1151 3263 1168 3316 2
1187 3281 1212 3333 p.
1226 3263 1276 3328 aa,

156 3355 173 3408 3
192 3372 216 3424 p.
236 3353 279 3408 56.
317 3354 354 3409 tf.
373 3355 408 3408 Η.
429 3355 461 3408 de
479 3353 571 3408 Arnim
589 3354 618 3407 in
636 3353 704 3407 Mus.
723 3353 774 3406 Rh.
793 3353 828 3406 42
846 3353 947 3419 (1887),
967 3352 1066 3421 ilbsq.

228 3457 255 3498 c.
273 3444 313 3496 De
333 3442 465 3497 Herennio
489 3459 541 3496 non
566 3445 683 3508 constat;
711 3458 795 3511 pauca
821 3442 928 3493 exstant
951 3433 983 3492 de
1007 3438 1153 3508 Origene
1177 3439 1230 3506 (ΒΡ
1250 3437 1278 3504 7)
1316 3445 1318 3450 “

156 3533 264 3603 eiusque
282 3531 410 3598 doctrina,
429 3532 460 3585 oi.
480 3531 508 3584 Z.
527 3531 568 3584 111
587 3527 626 3584 2³
643 3531 697 3586 460
707 3547 745 3600 sq.
782 3529 891 3582 Praetor
914 3529 963 3581 hos
982 3528 1063 3580 etiam
1085 3526 1277 3594 Longinus,

156 3621 247 3674 rhetor
264 3624 293 3674 et
310 3619 418 3674 criticus
435 3619 629 3685 nobilissimus,
657 3620 729 3673 inter
747 3617 889 3688 discipulos
907 3615 1038 3670 Ammonii
1056 3617 1220 3681 repensetur,
1243 3613 1276 3668 ef.

156 3709 184 3762 Z.
202 3709 243 3762 III
266 3707 306 3762 2⁸
323 3709 376 3764 463
387 3725 424 3778 sq.
462 3708 501 3762 De
520 3708 631 3776 Longini
648 3708 704 3760 vita
722 3709 750 3760 et
768 3705 873 3776 seriptis
897 3705 928 3758 ef.
948 3703 1089 3758 Ruhnkeni
1107 3701 1277 3768 Dissertatio,

157 3814 223 3868 quae
241 3797 340 3866 legitur
357 3798 385 3850 in
404 3797 563 3850 editionibus
582 3796 665 3850 libelli
685 3799 755 3870 Περὶ
775 3797 864 3864 ὕφους
888 3794 944 3864 (qui
962 3793 1028 3846 falso
1046 3792 1194 3845 hebebatur
1211 3789 1277 3842 Lon-

156 3885 223 3954 gini)
240 3889 269 3940 et
286 3885 403 3953 Weislrii,
421 3885 492 3954 Lips.
512 3885 590 3951 1809,
610 3887 638 3938 et
655 3883 760 3952 Eggeri,
779 3884 839 3936 Par.
859 3883 937 3937 1837.

228 3974 257 4029 d.
277 3975 373 4028 Postea
391 3973 536 4043 Porphyrio
560 3971 719 4026 adhortante
743 3971 842 4042 placita
866 3987 914 4024 sua
939 3969 1101 4040 perscribere
1124 3962 1275 4037 incipiebat,

156 4063 309 4133 Porphyris,
329 4063 375 4133 qui
394 4079 462 4116 anno
481 4062 581 4115 docimo
599 4059 714 4116 Gallieni
737 4063 773 4127 (a.
792 4061 856 4125 363)
879 4059 912 4114 ad
932 4058 989 4112 eins
1008 4057 1174 4127 disciplinam
1192 4071 1277 4110 ames·

156 4154 238 4218 eerat,
257 4151 374 4220 singulos
391 4151 474 4205 libros
492 4150 636 4221 excipiente
654 4152 735 4220 atque
753 4148 916 4214 emendante,
934 4164 958 4202 v.
972 4146 1005 4200 V.
1019 4145 1118 4200 Plotini
1136 4145 1217 4214 4sq.;
1233 4145 1276 4198 18.

157 4239 249 4294 Oratio
273 4240 345 4294 haud
362 4255 427 4310 pure
451 4255 545 4308 graeca
570 4240 629 4292 erat
647 4237 692 4302 (ib.
712 4237 771 4303 13),
797 4235 843 4289 sed
860 4236 963 4289 animus
981 4233 1178 4288 intentissimus
1197 4235 1277 4303 etque

157 4329 265 4382 elatior:
283 4328 319 4382 ib.
339 4329 374 4382 14
393 4331 423 4383 ἐν
442 4329 474 4382 δὲ
492 4331 531 4396 τῷ
549 4330 668 4401 γράφειν
688 4328 819 4386 σύντονος
837 4329 935 4394 γέγονε
953 4327 999 4379 καὶ
1019 4325 1156 4384 πολάνους
1173 4323 1277 4396 βραχύς

158 4437 186 4472 τε
204 4422 252 4471 καὶ
270 4419 393 4490 νοήμασι
411 4417 569 4477 πλεονάζων
587 4419 603 4482 λ)
622 4417 722 4479 λέξεσι,
751 4415 786 4466 τὰ
805 4414 894 4466 πολλὰ
913 4414 1066 4467 ἐνθουσιῶν
1084 4415 1130 4466 καὶ
1148 4411 1277 4472 ἐκπαθῶς

1006 4500 1062 4554 34*
