3146 4982
668 335 770 390 Ethiou.
1225 333 1280 394 429

160 492 278 575 κακίας
299 487 383 562 εἶναι
408 494 562 580 λεγόντων
584 497 642 583 τήν
664 496 870 583 προκοπήν·
895 496 938 573 ὡς
961 497 1022 582 γάρ
1046 495 1113 562 δεῖν
1136 518 1237 584 φασιν
1260 497 1280 586 ή

160 601 261 690 ὀρθὸν
291 594 375 668 εἶναι
406 601 500 680 ξόλον
532 602 551 690 ή
581 601 742 688 στρεβλόν,
778 603 878 680 οὕτως
908 602 928 690 ή
957 598 1085 668 δίκαιον
1114 601 1279 691 ήάδικον,

159 707 232 775 οὐτε
261 707 298 774 δὲ
327 707 531 795 δικαιότερον
560 706 633 774 οὐτε
664 707 875 793 ἀδικώτερον,
911 707 968 774 καί
998 705 1056 774 ἐπὶ
1086 723 1151 774 τῶν
1169 708 1280 796 ,ἀλλων

158 813 289 900 δμοίως.
313 814 370 881 καί
393 816 455 902 μήν
470 817 527 902 τήν
543 813 656 902 ἀρετήν
672 815 873 902 Χρύσιππος
895 813 955 897 μὲν
969 813 1167 904 ἀποβλητήν,
1192 815 1279 883 Κλε-

159 921 264 1010 άνθης
286 919 322 986 δὲ
346 918 654 1010 ἀναπόβλητον·
679 921 697 986 ό
719 919 779 1004 μὲν
802 920 991 1009 ἀποβλητήν
1014 921 1070 988 διά
1092 919 1200 1009 μέθην
1223 919 1279 988 καί

157 1024 388 1112 μελαγχολίαν,
421 1017 495 1092 ὁδ’
515 1027 744 1116 ἀναπόβλητον
772 1027 828 1092 διὰ
857 1024 1010 1112 βεβαίους
1039 1027 1277 1116 καταλήψειςλ·

157 1132 216 1200 καί
240 1132 339 1222 αὐτήν
362 1132 399 1200 δὲ
414 1129 543 1222 αἱρετήν
566 1125 658 1199 εἶναι.
688 1130 909 1217 αἰσχυνόμεθα
932 1145 1006 1218 γοῦν
1029 1123 1086 1222 ἐφ’
1105 1124 1154 1211 οἷς
1170 1147 1279 1212 κακῶς

158 1240 357 1328 πράττομεν,
381 1241 426 1318 ὡς
449 1240 488 1304 ἀν
509 1239 607 1323 μόνον
629 1241 667 1306 τό
683 1240 783 1306 καλὸν
799 1235 919 1318 εἰδότες
934 1239 1071 1339 ἀγαθόν.
1096 1239 1278 1329 αὐτάρκη

158 1336 192 1412 τ’
212 1339 297 1412 εἶναι
332 1344 430 1434 αὐτήν
465 1347 549 1434 πρὸς
579 1343 802 1430 εὐδαιμονίαν,
838 1345 931 1412 καθά
966 1367 1048 1434 φησι
1077 1347 1188 1434 Ζήνων
1222 1345 1279 1412 καί

158 1454 360 1542 Χρόσιππος
383 1452 416 1518 ἐν
439 1451 485 1540 τη]
509 1453 632 1542 πρώτην
656 1451 741 1540 Περὶ
772 1449 893 1540 ἀρείων
921 1451 978 1518 καί
999 1442 1142 1518 Ἑκάτων
1172 1451 1205 1518 ἐν
1231 1451 1279 1539 τῷ

158 1559 295 1650 δευτέρῳ
319 1557 404 1648 Περὶ
434 1557 580 1644 ἀγαθῶν.
630 1567 702 1626 128.
736 1609 753 1640 ,,
764 1555 804 1624 Εἰ
828 1558 888 1647 γάρ
897 1564 924 1640 “‚
948 1555 1062 1648 φησίν,
1090 1557 1279 1648 ,αὐτάρκης

158 1665 246 1732 ἐστίν
270 1668 289 1754 ή
310 1663 539 1752 μεγαλοψυχία
564 1666 648 1752 πρὸς
671 1666 709 1730 τδ
732 1665 865 1732 πάντων
888 1665 1039 1753 ὑπεράνω
1063 1661 1279 1746 ποιεῖν,.ί’στι

158 1770 194 1838 δὲ
228 1771 325 1860 μέρος
358 1784 415 1860 τής
451 1771 580 1860 ἀρετής,
616 1770 780 1860 αὐτάρκης
815 1767 908 1838 ἔσται
939 1771 997 1838 καί
1025 1771 1164 1861 ήάρετή
1194 1774 1279 1862 πρὸς

158 1877 374 1962 εὐδαιμονίαν,
398 1888 650 1966 καταφρονοῦσα
674 1876 731 1943 καί
755 1891 820 1944 τῶν
842 1879 1020 1944 δοκοόντων
1043 1876 1185 1966 ὀχληρῶν
1195 1883 1211 1913 “
1219 1888 1240 1942 ⁰.

230 2036 260 2080 a.
285 2021 379 2076 Profioi
406 2037 482 2091 posse
509 2021 538 2074 iu
566 2021 665 2076 virtuto
692 2037 745 2076 nou
772 2022 914 2090 negabant,
944 2022 1090 2092 profectum
1115 2022 1279 2092 (προκοπὴν)

159 2126 216 2163 osse
239 2110 353 2164 medium
378 2110 448 2164 intur
472 2109 599 2164 virtutem
623 2112 651 2162 ot
675 2109 770 2162 vitium
795 2111 935 2178 negabant.
974 2109 1011 2164 Cf.
1032 2109 1084 2165 Cio.
1105 2111 1137 2163 do
1155 2109 1211 2163 Fin.
1230 2109 1278 2176 IH,

158 2203 202 2250 121²
220 2197 303 2252 4l5a.
341 2197 479 2268 Chrysipp.
506 2214 547 2267 ap.
566 2197 640 2252 Stob.
659 2197 749 2251 Floril.
778 2199 841 2264 103,
861 2199 895 2252 22
924 2202 939 2251 ό
964 2196 994 2252 δ’
1012 2195 1057 2252 ἐπ’
1076 2204 1172 2274 ίίκρον,
1202 2204 1278 2270 φησί,

158 2289 323 2357 προκόπτων
342 2288 454 2340 ἅπαντα
474 2290 585 2346 πάντως
604 2287 765 2360 ἀποδίδωσι
793 2289 826 2340 τά
845 2289 1003 2354 καθήκοντα
1022 2291 1068 2341 καλ
1087 2287 1170 2340 οὐδὲν
1189 2307 1278 2358 παρτι-

158 2379 253 2429 λείπει.
281 2377 329 2428 τόν
354 2376 385 2430 δὲ
410 2377 510 2429 τούτου
533 2377 668 2442 βίονούκ
686 2375 760 2428 εἶναί
777 2395 820 2429 πω
839 2381 925 2448 φησὶν
944 2377 1114 2448 εὐδαίμονα,
1140 2373 1201 2428 ἀλλ’
1219 2378 1278 2429 Sm-

158 2469 307 2534 γίγνεσθαι
330 2466 404 2533 αὐτῷ
428 2466 477 2530 τήν
495 2465 686 2536 εὐδαιμονίαν,
713 2466 781 2517 όταν
800 2467 831 2517 αἱ
848 2470 935 2536 μέσαι
959 2469 1073 2536 πράξεις
1092 2457 1174 2518 αὗται
1193 2481 1278 2536 προσ-

158 2555 263 2622 λάβωσι
281 2555 313 2606 τὸ
330 2557 442 2621 βέβαιον
459 2557 506 2606 καὶ
524 2554 630 2606 ἑκτικδν
647 2558 694 2608 καλ
714 2553 792 2606 ἰδίαν
810 2557 893 2620 πῆξίν
912 2575 973 2607 τινα
992 2557 1119 2621 λάβωσιν.
1157 2553 1279 2608 Diversus

158 2641 349 2711 proficientium
367 2641 465 2710 gradus
484 2642 653 2711 prosequitur
671 2641 767 2696 Seneca
784 2641 832 2711 Ep.
853 2641 895 2708 75,
915 2644 980 2712 9sq.

230 2747 260 2803 b.
284 2747 324 2801 De
342 2747 488 2818 Chrysippo
507 2765 530 2802 v.
550 2747 640 2818 Sinupl.
660 2748 688 2802 iu
706 2747 764 2802 cat.
784 2749 828 2802 fol.
848 2749 901 2803 102
911 2757 938 2802 Α
956 2747 1053 2814 (Sohol.
1064 2747 1181 2831 Λήθη.
1198 2747 1278 2815 86b);

158 2835 230 2890 Plut.
253 2836 284 2890 do
303 2836 383 2890 Stoio.
403 2837 468 2906 Rop.
488 2837 531 2902 27,
551 2838 568 2890 2
587 2855 612 2908 p.
634 2838 711 2891 1046.
758 2837 823 2890 Cum
851 2836 978 2892 Cleanthe
1005 2837 1106 2890 fsoiuut
1133 2853 1199 2906 quae
1227 2840 1279 2890 tra-

159 2925 260 2978 duntur
278 2941 294 2978 a
311 2925 389 2994 Diog.
408 2925 459 2978 VII
480 2927 530 2979 118
550 2925 591 2992 (of.
613 2925 665 2980 Cio.
684 2925 761 2979 Tuso.
780 2925 821 2978 111
841 2927 892 2991 10).

230 3045 257 3087 ε.
283 3031 385 3086 Stoicus
405 3031 508 3102 sapiens
528 3033 611 3085 sentit
625 3032 729 3102 quidem
743 3033 858 3086 dolorem
877 3035 905 3086 et
922 3033 1113 3086 incommodum
1132 3049 1214 3098 omno,
1234 3033 1279 3085 sod

156 3120 252 3174 vineit:
272 3120 359 3174 Soneo.
373 3119 421 3190 Ep.
437 3122 461 3174 9.
490 3121 633 3174 Possumus
652 3120 721 3174 onim
739 3119 827 3174 doloro
846 3125 874 3174 et
892 3123 964 3174 motu
979 3121 1048 3174 affici
1065 3124 1093 3174 ελ
1111 3115 1279 3174 nihilominus

160 3209 305 3278 superiores
323 3225 381 3262 osso
399 3209 500 3278 ἰατρεία
514 3226 604 3262 oorum
622 3226 674 3263 non
693 3209 825 3278 patientes
844 3225 891 3262 nos
909 3209 965 3277 rogi
983 3209 1010 3262 in
1030 3209 1142 3278 agendo:
1161 3209 1232 3264 Plut.
1248 3209 1279 3263 do

160 3297 257 3352 Comm.
268 3297 355 3352 Notio.
367 3297 411 3363 25,
421 3297 438 3350 5
449 3315 474 3367 p.
486 3299 557 3352 1070
575 3297 606 3350 Iu
622 3297 671 3351 hoo
685 3298 803 3350 comitur
817 3298 984 3367 impatientia
996 3299 1188 3363 (ἀπάθεια)
1202 3315 1279 3367 quam

159 3386 288 3442 vocabant
303 3386 439 3455 sapientis,
453 3391 496 3440 ΒΞ
506 3387 560 3440 420
569 3387 594 3442 b.
614 3413 648 3424 --
667 3387 706 3440 De
717 3389 863 3460 αὐταρκείᾳ
873 3387 981 3440 virtutis
997 3385 1279 3456 v.Cio.Parud.16sq.

72 3596 150 3638 41⁸A
226 3581 318 3664 Diog.
343 3580 408 3648 VH
433 3589 506 3650 107.
547 3567 626 3648 ’Ἔτι
648 3579 684 3646 δὲ
706 3581 893 3668 καθῆκόν
916 3604 1018 3668 φασιν
1041 3573 1124 3646 εἶναι
1148 3577 1166 3646 ὃ
1188 3607 1278 3669 πρα-
1306 3579 1380 3676 {23}ss

157 3687 238 3768 χθὲν
269 3685 397 3772 εόλογόν
426 3677 491 3756 τιν’
509 3684 593 3770 ’ίσχει
616 3686 854 3772 ἀπολογισμόν,
885 3677 953 3754 οἷον
980 3689 1019 3752 τδ
1042 3687 1224 3754 ἀκόλουθον
1246 3684 1280 3754 ἐν

158 3793 200 3882 τῇ
224 3793 301 3882 ζωή,
325 3794 407 3882 ὅπερ
430 3793 487 3860 καὶ
510 3793 569 3860 ε’πί
592 3795 634 3862 τό
657 3795 746 3883 φυτὰ
768 3791 826 3860 καί
849 3791 919 3880 ζῷα
942 3791 1110 3859 διατείνει·
1134 3794 1279 3880 δρᾶσθαι

159 3902 219 3986 γάρ
243 3899 327 3964 κάπὶ
351 3901 474 3968 τούτων
496 3901 697 3990 καθήκοντα.
746 3907 819 3968 108.
843 3899 1104 3982 κατωνομάσθαι
1127 3891 1159 3964 δ’
1179 3902 1280 3978 οὕτως

159 4006 224 4072 ὐπὸ
247 4007 380 4090 πρώτου
404 4008 551 4096 Ζήνωνος
574 4008 612 4074 τὸ
634 4013 783 4094 καθήκον
798 4005 867 4072 ἀπὸ
890 4016 948 4074 τοῦ
970 4006 1056 4072 κατά
1079 4030 1170 4084 τινας
1193 4007 1280 4094 ήκειν

161 4123 219 4198 της
243 4111 510 4199 προσονομασίας
533 4110 740 4202 εἰλημμένης·
765 4101 979 4200 ε’νέργημαδ>
998 4111 1077 4178 αὐτὸ
1100 4105 1183 4178 εἶναι
1206 4117 1280 4190 ταῖς

161 4219 248 4282 κατά
272 4219 370 4304 φύσιν
392 4225 611 4296 κατασκευαῖς
635 4217 762 4284 οἰκεῖον.
796 4233 859 4284 τῶν
884 4220 945 4306 γὰρ
969 4207 1054 4284 καθ’
1074 4219 1172 4306 ὁρμήν
1195 4217 1279 4306 ἐνερ-

159 4321 321 4408 γουμένων
344 4325 385 4388 τά
407 4324 466 4407 μὲν
489 4327 679 4413 καθήκοντα
704 4318 797 4404 ἀναν,
821 4327 863 4390 τά
887 4324 923 4389 δὲ
945 4327 1040 4412 παρὰ
1062 4327 1100 4391 τό
1123 4330 1279 4414 καθήκον,

159 4431 200 4492 τά
224 4417 260 4493 δ’
279 4428 351 4495 οὐτε
381 4429 572 4518 καθήκοντα
601 4429 673 4496 οὐτε
705 4433 798 4518 παρά
829 4433 867 4496 τό
898 4435 1055 4519 καθήκον.
1090 4433 1279 4520 καθήκοντα
