3150 4996
543 308 709 378 Pythagoras
727 311 755 364 et
772 309 939 378 Pythagorei.
1269 309 1305 372 45

185 464 367 538 Ἀναξαγόρον
392 466 536 520 διακοῦσαι
560 468 605 518 καί
628 466 812 538 Πυθαγόραν·
842 469 889 521 καί
915 473 965 522 τοῦ
992 474 1044 540 μὲν
1072 469 1121 534 τήν
1149 470 1305 542 σεμνότητα

186 556 303 622 ζηλῶσαι
327 559 377 610 τοῦ
394 571 424 610 τε
439 560 499 624 βίον
516 557 563 608 καὶ
580 559 631 609 τοῦ
648 555 802 628 σχήματος,
826 560 877 610 τοῦ
903 557 937 612 δὲ
965 557 1013 624 τήν
1040 559 1227 630 φυσιολογίαν.
1263 560 1304 616 Ad

186 646 366 717 Pythagoram
384 647 413 700 hi
431 661 520 701 versus
539 643 704 716 Empedoclei
723 646 785 721 (415
804 646 855 716 St.)
869 647 949 716 vulgo
968 648 1145 703 referebantur
1167 649 1302 720 (Porphyr.

183 735 386 801 30,1amblich.
407 735 466 804 67);

346 832 379 905 ἦν
397 841 431 894 δέ
449 859 489 901 τις
507 840 538 894 ἐν
555 844 682 894 κείνοισιν
699 837 770 912 α’νήρ
788 840 921 912 περιώσια
941 835 1032 911 sidric,
1104 887 1105 890 ,

346 929 377 992 ὃς
394 929 430 997 δὴ
448 930 581 1002 μήκιστον
599 930 749 1000 πραπίδων
768 929 897 998 ἐκτήσατο
915 931 1041 996 πλοῦτον,

345 1023 483 1074 παντοίων
501 1036 531 1072 τε
548 1017 669 1091 μάλιστα
688 1023 785 1090 σοφῶν
803 1019 948 1091 ἐπιήρανος
966 1017 1063 1090 ἔργων.

345 1105 452 1163 ὁππότε
469 1108 523 1179 γδρ
541 1109 659 1178 πάσῃσιν
677 1105 801 1182 όρέξαιτο
819 1107 994 1178 πραπίδεσσι,

345 1196 406 1267 ῥεῖά
422 1215 455 1267 γε
473 1201 532 1250 τῶν
551 1195 639 1252 ὄντων
657 1197 770 1252 πάντων
789 1197 950 1250 λεόσσεσκεν
968 1197 1089 1261 ἕκαστον,

344 1289 392 1339 καί
407 1303 438 1342 τε
456 1286 515 1340 δέκ’
531 1285 691 1359 ἀνθρώπων
709 1291 754 1340 καὶ
773 1286 887 1340 ἐείκοσιν
906 1286 1058 1352 ardoenna,

184 1393 351 1463 Quamquam
369 1411 420 1449 non
438 1395 560 1461 deerant,
589 1397 634 1465 qui
653 1396 781 1465 pertinere
800 1411 842 1451 eos
867 1396 995 1465 putarent
1014 1395 1047 1449 ad
1066 1395 1256 1460 Parmenidem,
1276 1412 1301 1450 r.

185 1483 262 1551 Diog.
281 1481 350 1536 VIII
369 1483 412 1538 54.

255 1621 282 1665 o.
312 1605 456 1664 Aristonem.
476 1625 518 1677 ap.
537 1607 633 1662 Iambl.
649 1609 700 1662 249
720 1605 768 1659 διό
782 1605 882 1670 ταύτην
895 1607 944 1672 τήν
962 1609 1052 1660 αἰτίαν
1076 1608 1194 1678 (Cylonia
1213 1609 1301 1662 inimi-

183 1695 273 1764 citias)
283 1693 408 1758 οἲπῆλθεν
418 1699 456 1755 εἰς
466 1695 656 1749 Μεταπόντιον
673 1694 752 1749 ariaci
767 1695 873 1765 λέγεται
884 1697 1070 1765 καταστρέψαι
1089 1695 1138 1750 τόν
1155 1702 1222 1765 βίον,
1260 1697 1302 1752 lbi

184 1785 310 1838 memoria
336 1785 392 1838 eius
419 1801 496 1854 prope
523 1785 619 1839 divinis
644 1785 784 1840 honoribus
803 1786 1013 1855 propagabatur,
1038 1803 1062 1840 v.
1082 1787 1136 1840 Cic.
1156 1787 1214 1841 Fir.
1233 1787 1258 1840 V
1275 1787 1301 1852 4,

184 1873 281 1927 lustin.
290 1872 341 1928 XX
353 1875 385 1938 43
404 1873 482 1942 Diog.
492 1873 559 1928 VIII
578 1874 620 1928 15.
656 1874 783 1943 Reliquae
802 1873 832 1927 de
850 1875 933 1928 morte
951 1874 1007 1927 eius
1025 1873 1132 1929 fabulae
1150 1891 1181 1928 ea
1199 1891 1226 1929 re
1243 1877 1301 1930 tur-

184 1961 263 2016 batae
282 1963 358 2027 sunt,
378 1961 446 2031 quod
464 1963 522 2016 fata
539 1961 764 2032 Pythagoreorum
787 1979 846 2018 cum
870 1962 953 2032 ipsius
978 1963 1043 2017 fatis
1068 1963 1300 2031 confundebantur,

182 2068 208 2105 v.
226 2057 270 2104 ΒΡ
288 2052 330 2106 49.

255 2175 285 2231 ll.
313 2174 513 2244 Epicharmus,
542 2177 656 2230 comicus
679 2173 725 2230 illc
753 2175 858 2230 Siculus
880 2181 1049 2244 τριμηνιαῖος
1073 2173 1207 2244 ὑπάρχων
1231 2172 1300 2240 cinq·
1316 2197 1460 2250 Epicharmus

183 2263 269 2332 νέχθη
293 2266 341 2328 τῆς
368 2263 487 2323 Σικελίας
514 2265 552 2322 είς
580 2263 709 2334 Μέγαρα,
733 2260 864 2318 ἐντεῦθεν
890 2263 909 2314 δ
916 2262 924 2282 ³
941 2265 979 2323 είς
1007 2264 1193 2333 Συρακούσας,
1222 2266 1299 2336 Diog.

184 2352 253 2408 VIII
267 2353 309 2409 78.
345 2353 409 2406 Fuit
436 2351 505 2407 inter
532 2353 566 2406 ol.
585 2352 620 2407 56
638 2354 666 2406 et
684 2352 727 2418 79,
754 2369 836 2407 annos
854 2351 1013 2408 oue-460.
1049 2353 1082 2406 In
1109 2353 1301 2409 comoediarum

182 2441 239 2497 eius
262 2441 383 2512 reliquiis
410 2442 472 2496 sunt
500 2457 567 2510 quae
595 2441 788 2510 Pythagoream
814 2442 972 2511 sapientiam
997 2440 1144 2512 redoleant,
1174 2444 1236 2496 sunt
1258 2444 1300 2500 ta·

184 2546 243 2585 men
261 2531 343 2586 etiarn
362 2530 514 2586 Heraclitea
531 2531 559 2584 et
576 2529 761 2600 Xenophanea,
780 2533 844 2584 aunt
862 2547 928 2600 quae
947 2531 1015 2584 nihil
1034 2531 1167 2584 declarent
1185 2531 1300 2600 amplius

183 2635 263 2688 quam
287 2619 378 2675 studia
402 2619 436 2674 ab
460 2635 489 2674 eo
507 2620 596 2689 posita
614 2619 642 2673 iu
660 2635 745 2674 rerum
764 2619 911 2674 divinarum
936 2619 1161 2688 humanarumque
1186 2621 1300 2674 contem·

183 2707 309 2778 platione.
345 2709 433 2763 Multa
451 2709 533 2762 etiam
551 2707 728 2762 Alexandrina
747 2710 835 2762 aetate
854 2709 918 2762 ficta
935 2711 1005 2766 eunt.

67 2848 70 2856 ·
184 2815 301 2872 Mullaoh
319 2832 344 2869 V.
363 2815 424 2870 295.
461 2809 570 2882 εόσεβὴς
589 2813 639 2866 τόν
656 2817 724 2866 νοῦν
742 2813 872 2883 πεφυκώς
891 2812 924 2866 oo'
941 2810 1042 2872 πόθοις
1059 2810 1088 2883 γ’
1096 2811 1179 2868 οὐδὲν
1197 2811 1282 2866 κακόν

467 2901 632 2955 κατθανιόν·
651 2901 707 2954 ἄνω
726 2899 758 2954 τό
776 2907 886 2972 πνεῦμα
906 2900 1031 2972 διαμένει
1049 2899 1107 2954 κατ’
1125 2901 1249 2972 ον’ρανόν,

370 3010 431 3063 306.
468 3003 578 3077 &daupein
597 3014 654 3077 βίος
671 3009 804 3091 μέγιστον
823 3006 942 3078 ἐφόδιον
960 3013 1072 3072 θνητοῖς
1090 3005 1139 3064 ἔνι.

369 3116 430 3170 297.
468 3111 551 3168 oridia
570 3111 701 3184 ἐκφεύγει
718 3115 750 3167 τό
768 3119 855 3179 θεῖον,
873 3119 953 3168 τοῦτο
971 3114 1117 3184 γινώσκειν
1135 3131 1166 3168 σε
1185 3115 1244 3168 δεῖ·

468 3201 549 3262 αότός
568 3199 628 3255 ἐσθ’
646 3205 726 3274 α’μῶν
745 3202 880 3262 ἐπόπτας·
901 3202 1035 3256 α’δννατεῖ
1050 3204 1069 3254 δ
1075 3203 1084 3223 ²
1102 3203 1185 3258 oddae
1203 3203 1276 3264 θεός.

369 3311 429 3366 253.
466 3313 530 3370 νοῦς
550 3305 600 3380 ὁρᾷ
618 3313 663 3362 καὶ
681 3314 748 3370 νοῠς
765 3308 874 3362 οἷκοόει·
893 3310 977 3362 τᾶλλα
995 3311 1077 3381 κωφδ
1095 3311 1256 3380 sclavonici.

369 3417 429 3472 255.
467 3419 540 3486 νᾶφε
553 3413 877 3488 καὶμέμναόᾶπιστεῖν·
896 3411 987 3486 ἄρθρα
1002 3420 1087 3470 ταῦτα
1105 3422 1161 3470 τῶν
1179 3422 1298 3488 φρενῶν.
1347 3481 1350 3486 Ι

184 3539 317 3608 Quattuor
335 3541 391 3596 eius
410 3543 526 3610 genuIna
540 3541 690 3610 fragmenta
708 3541 785 3610 Diog.
800 3542 889 3610 posuit
902 3541 1054 3607 1119-17,
1074 3541 1169 3610 quibua
1181 3542 1299 3598 Alcimus

183 3630 341 3685 testimoniis
359 3646 423 3684 usus
441 3631 556 3685 evincere
581 3646 721 3699 aggressus
745 3631 794 3696 sit,
819 3629 958 3684 Platonem
983 3631 1070 3684 multa
1094 3645 1124 3683 ex
1142 3631 1298 3700 Epicharmo

183 3718 383 3788 deprompsisse,
413 3719 446 3774 cf.
470 3718 621 3784 Steinhart,
649 3719 745 3774 Plator
772 3719 863 3774 Lede-n
887 3720 921 3774 13
931 3736 970 3788 sq.
996 3720 1049 3773 264
1062 3735 1100 3788 sq.
1136 3719 1299 3788 Fragmenta

183 3807 242 3862 coll.
261 3807 295 3861 Η.
310 3806 586 3874 Poiman·Kruseman,
600 3809 707 3863 Harlem
720 3809 885 3864 18341841.
923 3807 1021 3878 Grysar
1040 3807 1070 3861 de
1089 3808 1205 3863 Doriens.
1225 3809 1298 3864 Gom.

182 3911 208 3964 p.
226 3895 269 3952 84.
305 3895 681 3963 77ε1ο1ετΚίιίνιο8σίιιίίίωι
698 3895 790 3965 Ι271;
809 3897 887 3966 Leop.
898 3895 1026 3961 Schmidt,
1036 3899 1137 3965 quaest.
1147 3896 1297 3966 Epicharin.

183 3983 390 4050 Bonnae1846;
418 3983 454 4038 id.
477 3983 550 4040 dore.
570 3985 628 4040 Get.
643 3985 715 4040 Aac.
735 3985 818 4051 1865,
842 4003 868 4054 p.
888 3987 952 4055 931;
983 3986 1099 4054 Barnaye
1123 3985 1191 4041 Mna.
1215 3985 1297 4042 Rhen.

183 4074 261 4139 1853,
288 4089 314 4142 p.
332 4073 394 4128 280.
430 4074 543 4140 Lorenr,
570 4073 663 4130 nerea
680 4091 708 4132 α.
727 4073 863 4142 Schriften
888 4074 935 4131 des
959 4072 1049 4129 Koara
1074 4072 1181 4143 apua,
1208 4074 1299 4130 Berlin

183 4159 260 4217 1864.
297 4159 450 4230 Epicharmi
467 4162 572 4216 nornine
590 4161 682 4218 deinde
699 4162 802 4216 Ennius
821 4177 924 4218 carmen
938 4159 1077 4231 quoddam,
1096 4177 1146 4230 quo
1160 4165 1299 4234 praecepta

182 4249 336 4320 decretaque
349 4249 512 4320 pythagorea
525 4251 580 4304 suin
594 4251 744 4306 hominibus
758 4249 965 4316 commendabat,
979 4250 1123 4319 inscripsit,
1142 4267 1166 4305 v.
1177 4250 1216 4305 10.
1226 4251 1298 4306 Vah·

182 4337 225 4392 len
240 4338 379 4394 Ennianae
397 4337 488 4394 Poesia
503 4337 587 4408 Reliq.
606 4357 631 4410 p.
648 4339 736 4405 ΧΟΠς
756 4339 823 4404 167;
841 4338 905 4394 Luc.
924 4337 1027 4403 Miller,
1046 4336 1167 4407 Quietus
1186 4339 1298 4397 Εααίωε

181 4443 207 4496 p.
227 4429 285 4484 111.
306 4427 371 4493 112;
390 4427 461 4482 Enni
478 4443 560 4484 carm.
578 4429 626 4484 rel.
643 4446 671 4498 p.
692 4429 734 4484 77.
756 4429 797 4484 78.
