3150 4996
633 309 802 379 Pythagorei.
1244 305 1281 365 63

112 499 139 540 οι
225 473 313 537 Alex.
336 471 475 555 Aphrod.
498 473 531 536 in
547 471 644 534 Aust.
660 471 801 554 Metaph.
822 470 847 547 Ι,
873 469 976 536 Schol.
1000 471 1096 534 Arist.
1119 490 1148 553 p.
1175 478 1235 536 551
1252 489 1326 534 aon
1339 500 1442 531 numerus

154 576 292 663 'onhc‘
314 583 372 663 μὲν
394 585 457 644 τῶν
481 575 579 644 άντων
602 571 674 654 τοάς
697 571 852 662 ἀριθμοί-ς
874 571 1011 642 Πλάτων
1034 583 1136 642 τεκαὶ
1161 579 1188 642 οἶ
1211 553 1442 642 Humumrum

159 685 341 773 eaytpcorb
363 681 554 760 ὑπετίθεντο,
579 678 625 748 ὅτι
650 679 743 748 ἐδόκει
767 671 871 760 αάτοῖς
893 683 928 748 τὸ
951 683 1073 770 πρῶτον
1103 678 1178 770 άρχὴ
1209 682 1280 748 εἶναι

159 799 206 860 καὶ
236 792 272 860 τὸ
302 789 484 870 ἀσύνθετον,
514 791 576 857 τῶν
607 792 640 854 δὲ
670 783 824 873 σωμάτων
853 791 960 874 πρῶτα
990 785 1029 854 τά
1051 792 1176 856 ἐπίπεδα
1199 789 1280 856 εἶναι.

159 896 199 969 τά
228 896 286 986 γάρ
315 894 504 985 άπλοάστερά
533 925 564 964 τε
593 903 641 964 καὶ
669 893 711 983 μὴ
743 891 965 984 συναιροάμενα
992 897 1099 981 πρῶτα
1121 897 1161 984 τῇ
1183 895 1280 984 φάσει,

160 1009 309 1076 ἐπιπέδων
333 1009 368 1074 δὲ
390 1011 527 1091 γραμμαὶ
552 1003 630 1070 κατὰ
652 1003 706 1070 τὸν
730 999 824 1070 αὐτὸν
848 999 949 1088 λόγον,
981 1004 1133 1088 γραμμῶν
1157 1007 1191 1071 δὲ
1214 1031 1281 1070 στι-

160 1117 243 1200 γμαί,
267 1107 303 1189 άς
327 1115 354 1178 oi
369 1115 581 1196 pessinunsium
599 1123 717 1196 σημεῖα,
742 1105 829 1176 αὐτοὶ
852 1111 885 1177 δὲ
900 1105 1037 1193 μονάδας
1052 1109 1162 1195 ἔλεγον,
1187 1107 1281 1176 άσάν-
1308 1104 1309 1108 “

160 1229 240 1288 θεῖα
263 1218 455 1286 παντάπασιν
479 1211 553 1283 άντα
576 1223 624 1282 καὶ
648 1213 744 1283 οὐδὲν
767 1213 826 1302 πρὸ
842 1211 944 1283 αὖτῶν
960 1217 1090 1300 ἒγοντα·
1114 1221 1144 1284 αἶ
1167 1219 1201 1297 δὲ
1223 1245 1282 1302 μο-

161 1326 250 1402 νάδες
273 1323 410 1413 ἀριθμοί,
435 1327 462 1391 οἱ
484 1322 616 1410 ἀριθμοί
639 1317 699 1411 άρα
722 1325 836 1410 πρῶτοι
859 1325 921 1390 τῶν
945 1317 1050 1389 άντων.

202 1467 230 1508 a.
245 1451 314 1506 Huic
321 1451 455 1504 doctrinae
466 1449 554 1504 aliena
561 1451 624 1502 sunt
635 1448 846 1503 crecentioribus
853 1444 979 1514 admixta,
986 1465 1010 1502 v.
1018 1447 1087 1502 Sext.
1096 1447 1180 1502 Math.
1189 1447 1280 1513 X249‚

159 1544 191 1596 ut
205 1541 371 1595 datheman
385 1554 436 1592 non
455 1538 540 1607 possit
558 1537 592 1592 ad
610 1539 710 1592 veteres
728 1537 908 1607 Pythagoreos
927 1537 1023 1592 referri.
1061 1537 1233 1606 congerimus
1252 1553 1282 1591 ex

159 1629 313 1686 Aristotelis
331 1627 408 1682 libris
423 1643 489 1697 quae
503 1627 555 1682 huc
573 1627 707 1696 pertinent
725 1627 887 1692 testimonia,
908 1627 1003 1696 quibus
1022 1625 1150 1680 iudicium
1168 1627 1281 1679 nitatur.

158 1719 242 1774 Arist.
251 1715 376 1771 Metvss
387 1717 411 1770 2.
420 1715 548 1770 1028b15
577 1720 659 1768 Δοκεῖ
670 1713 704 1766 δέ
717 1732 770 1767 τισι
780 1711 814 1766 τά
825 1717 873 1766 τοῦ
883 1713 1010 1784 σώματος
1021 1713 1137 1784 πέρατα,
1156 1704 1215 1766 οἶον
1225 1711 1282 1766 ἐπι-

159 1799 258 1878 φάνεια
268 1803 437 1874 καὶγραμμη
447 1805 491 1855 καί
503 1803 605 1874 στιγμηΙ
617 1805 664 1855 καί
674 1803 771 1873 μονάς,
780 1790 849 1855 εἶναι
859 1799 956 1867 ου’σίαι,
964 1805 1008 1854 καὶ
1018 1803 1124 1873 μᾶλλον
1134 1801 1190 1868 ἧτδ
1199 1807 1282 1874 σῶμα

159 1898 203 1948 καὶ
211 1893 244 1948 τά
256 1893 379 1962 στερεόνε
398 1893 443 1947 ubi
453 1892 632 1962 Pythagoreos
647 1891 837 1962 intellegendos
856 1908 911 1946 esse
931 1892 990 1946 inde
1009 1891 1282 1962 cernitnrquodinira

159 1985 281 2041 Platonis
300 1983 447 2038 doctrinam
465 1981 622 2036 distinctam
642 1981 676 2036 ab
696 1982 746 2036 hac
764 1982 957 2036 mathematica
981 1981 1149 2050 philosophia
1172 1997 1282 2037 comme·

159 2076 252 2130 morai.
281 2073 344 2126 Met.
355 2071 420 2124 XIV
430 2072 455 2125 5.
468 2070 555 2126 1092b
565 2073 590 2126 8.
610 2068 696 2124 οὐθὲν
705 2069 738 2124 δὲ
748 2069 889 2140 διώρισται
900 2069 969 2123 ου’δὲ
978 2069 1114 2138 ὁποτέρως
1130 2074 1155 2122 ci
1167 2065 1282 2138 α’ριθμοὶ

161 2165 241 2216 αλτιοι
259 2162 315 2212 τῶν
335 2155 438 2212 ου’σιῶν
456 2161 501 2211 καὶ
519 2162 569 2212 τοῦ
587 2145 664 2227 εἶναι,
684 2158 804 2226 πότερον
823 2156 858 2216 ῶς
877 2154 948 2228 ὅροι,
967 2149 1025 2210 οἷον
1044 2163 1073 2210 αλ
1092 2160 1206 2228 στιγμαὶ
1225 2162 1282 2210 τῶν

159 2253 301 2324 μεγεθῶν,
318 2254 365 2303 καὶ
384 2245 421 2308 ῶς
440 2245 560 2315 Εὔρυτος
579 2243 676 2300 ἔταττε
694 2253 734 2306 τίς
752 2243 871 2318 α’ριθμός
896 2251 983 2313 τίνος,
1008 2238 1067 2300 οἷον
1091 2246 1136 2299 ὁδὶ
1161 2250 1215 2319 μὲν
1233 2243 1281 2298 άν-

160 2337 277 2406 θρῶπου
295 2336 341 2390 ὁδὶ
359 2335 392 2390 δὲ
410 2339 505 2401 ἵππου,
525 2333 619 2405 ῶσπερ
634 2339 661 2388 οἱ
674 2335 738 2395 τοδς
756 2333 893 2408 άριθμοάς
911 2335 1027 2405 ἄγοντες
1045 2339 1082 2395 εἰς
1102 2335 1136 2389 τά
1154 2333 1283 2406 σχήματα

164 2433 301 2497 τρίγωνον
320 2427 363 2478 καὶ
382 2423 565 2493 τετράγωνον,
584 2421 670 2484 oinos
684 2423 831 2494 ἀφομοιῶν
844 2431 905 2484 ταῖς
919 2423 1025 2496 ψήφοις
1038 2423 1086 2484 τάς
1099 2421 1211 2496 μορφαῖς
1228 2429 1283 2478 τῶν

163 2521 276 2587 φυτῶν·
296 2511 363 2578 ἧὸτι
374 2513 412 2584 [o]
422 2512 504 2582 λόγος
520 2517 530 2554 1
550 2512 564 2577 ἡ
579 2517 726 2583 συμφωνία
745 2512 885 2584 α’ριθμῶν,
904 2513 1005 2584 ὁμοίως
1020 2511 1052 2566 δὲ
1071 2516 1116 2564 καί
1135 2513 1283 2584 άνθρωπος

161 2606 205 2658 καὶ
223 2609 279 2656 τῶν
297 2602 385 2655 ἄλλων
404 2603 530 2668 ἕκαστον;
549 2603 606 2658 κτλ.
643 2605 682 2658 De
697 2603 777 2658 Caelo
791 2603 835 2656 III
850 2605 865 2657 1
880 2605 944 2657 extr.
973 2599 1039 2655 ἔνιοι
1058 2601 1112 2670 γάρ
1131 2603 1179 2666 την
1198 2603 1283 2672 φάσιν

162 2693 191 2754 ἐξ
216 2689 345 2764 άριθμῶν
368 2697 537 2762 συνιστᾶσιν,
563 2689 658 2763 ῶσπερ
684 2695 739 2744 τῶν
767 2695 965 2761 Πυθαγορείων
990 2693 1068 2750 τινές.
1093 2689 1128 2743 τά
1150 2691 1203 2762 μὲν
1227 2690 1282 2760 γάρ

162 2783 263 2854 φυσικά
273 2781 387 2850 σώματα
398 2785 528 2850 φαίνεται
536 2775 616 2850 βάρος
626 2778 723 2848 ἔχοντα
741 2785 787 2832 καὶ
805 2776 969 2850 κουφότητα,
981 2779 1029 2840 τάς
1043 2779 1076 2834 δὲ
1086 2779 1211 2850 μονάδας
1220 2777 1284 2832 οὔτε

163 2877 241 2943 σῶμα
251 2876 337 2923 ποιεῖν
348 2860 443 2923 οἷόντε
454 2871 661 2941 συντιθεμένας,
671 2867 732 2921 οὔτε
741 2868 822 2938 βάρος
832 2867 917 2940 ἔχειν.
944 2871 1008 2924 Met.
1023 2870 1093 2924 XIII
1109 2873 1133 2926 6.
1146 2869 1232 2925 1080b
1240 2871 1283 2924 16.

162 2965 208 3014 καὶ
226 2966 252 3012 ot
273 2959 453 3028 Πυθαγόρειοι
471 2956 499 3010 δ’
517 2959 573 3024 ἕνα,
592 2958 641 3012 τάν
659 2959 853 3030 μαθηματικόν
872 2964 917 3026 [so.
937 2955 1079 3030 άριθμὸν),
1097 2958 1167 3022 πλην
1191 2957 1225 3011 ου’
1242 2975 1283 3010 κε-

160 3051 333 3120 χωρισμένον
356 3045 415 3100 αλλ’
434 3047 464 3100 ἐκ
488 3049 584 3102 τούτου
602 3047 650 3108 τάς
669 3048 800 3112 αἰσθητάς
820 3047 913 3108 ου’σίας
932 3043 1091 3101 συνεστάναι
1109 3054 1216 3118 φασίν·
1235 3047 1284 3100 τδν

163 3139 218 3209 γάρ
243 3136 310 3190 δλον
334 3135 452 3204 οάρανόν
477 3139 722 3199 κατασκευάζουσιν
746 3136 775 3198 ἐξ
799 3135 938 3208 άριθμῶν,
964 3137 1035 3201 πλὴν
1059 3136 1093 3190 ου’
1115 3137 1285 3208 μοναδικῶν,

160 3218 232 3280 'diac
255 3221 303 3285 τάς
327 3227 454 3297 μονάδας
472 3223 709 3299 ὑπολαμβάνουσιν
728 3223 801 3295 ἔχειν
819 3227 960 3296 μέγεθος·
981 3220 1053 3285 ὅπως
1073 3225 1105 3278 δὲ
1123 3225 1154 3277 τδ
1173 3230 1286 3292 πρῶτον

164 3315 195 3368 ἓν
214 3317 327 3378 συνέστη
345 3312 409 3382 ἕχον
423 3317 554 3385 μέγεθος,
569 3314 685 3384 α’πορεῑν
699 3315 831 3368 ἐοίκασινε
851 3316 897 3370 ubi
911 3319 999 3370 tamen
1015 3315 1157 3370 cavendum
1172 3331 1203 3368 ne
1218 3330 1285 3382 quae

164 3410 227 3460 sunt
245 3405 398 3459 Aristotelis
417 3405 594 3460 conclusiones
612 3406 726 3474 ipsorum
742 3405 966 3474 Pythagoreorum
985 3404 1067 3458 fuisse
1086 3404 1283 3470 existimentur3

164 3513 188 3550 v.
208 3496 295 3548 Ritter
314 3493 409 3548 (ἔτεσίν.
430 3495 455 3548 δ.
475 3495 580 3548 Philus.
598 3495 612 3547 I
630 3495 690 3548 405.
728 3495 809 3548 Cavit
828 3496 916 3548 sutem
935 3495 998 3563 ipse,
1017 3509 1049 3547 ne
1068 3508 1202 3562 perperam
1220 3491 1286 3546 haeo

165 3585 357 3652 acciperentur,
385 3583 461 3637 modo
489 3583 557 3638 oonf.
583 3584 646 3637 Met.
666 3583 724 3637 15.
750 3584 821 3638 987³
845 3585 880 3638 14
908 3599 949 3652 ap.
969 3589 1012 3635 ΒΡ
1031 3583 1066 3636 55
1090 3585 1153 3636 extr.
1173 3584 1200 3634 et
1219 3583 1283 3635 Met.

165 3671 234 3726 XIII
253 3673 277 3726 8.
298 3673 388 3726 1083¹>
403 3673 432 3726 8:
458 3669 473 3722 δ
492 3669 525 3725 δὲ
545 3675 600 3722 τῶν
620 3675 816 3740 Πυθαγορείων
834 3665 935 3739 τρόπος
960 3673 993 3738 τῇ
1010 3669 1063 3740 μὲν
1082 3668 1211 3728 ἐλάττους
1230 3665 1285 3737 ἔχει

166 3760 330 3828 δυσχερείας
348 3763 402 3810 τῶν
421 3760 555 3830 πρότερον
574 3760 731 3830 εἰρημένων,
749 3763 781 3830 τη·
799 3759 833 3812 δὲ
851 3759 924 3818 ἰδίας
943 3759 1045 3827 ἑτέρας.
1064 3757 1096 3812 rc*
1112 3762 1165 3828 μὲν
1178 3757 1234 3828 γάρ
1247 3754 1286 3828 μη

162 3844 298 3917 χωριστόν
322 3853 412 3900 ποιεῖν
436 3849 485 3900 τόν
509 3846 636 3919 άριθμδν
659 3847 816 3919 ἀφαιρεῖται
841 3846 927 3901 πολλά
945 3853 1001 3900 τῶν
1018 3845 1183 3900 άδυνάτων·
1202 3845 1233 3900 τὸ
1252 3846 1285 3900 δὲ

165 3936 200 3990 τά
219 3935 334 4007 σῶματα
353 3933 381 3994 ἐξ
400 3933 530 4008 α’ριθμῶν
549 3925 619 3990 εἶναι
637 3940 804 4008 συγκείμενα
822 3940 867 3989 καὶ
891 3933 940 3990 τάν
959 3933 1081 4008 άριθμδν
1099 3940 1198 3988 τοῦτον
1216 3921 1287 3987 εἶναι

166 4024 372 4097 μαθηματικόν,
398 4022 539 4079 α’δάνατάν
558 4025 639 4079 ἐστιν.
676 4027 784 4082 Certum
803 4026 921 4093 videtur,
948 4029 1071 4096 antiquos
1094 4043 1146 4080 non
1170 4025 1286 4078 numeris

165 4115 220 4169 nim
238 4130 324 4168 rerum
343 4115 430 4184 spatio
448 4119 614 4170 extensarum
634 4116 679 4170 sed
698 4116 774 4171 rebus
793 4117 845 4170 vim
865 4131 1030 4170 numerorum
1048 4114 1180 4169 tribuisse.

210 4202 241 4259 h.
261 4203 373 4258 Deflexit
391 4221 407 4258 a
425 4205 519 4260 ceteris
529 4205 692 4274 hophantus.
712 4204 878 4260 suumn
892 4206 953 4260 308.
973 4205 1034 4258 Dox.
1044 4203 1123 4258 28610.
1139 4201 1286 4272 Ἔκφαντος
1300 4222 1431 4276 ecphantus

166 4329 379 4340 ..ι-.-

239 4417 266 4486 1)
284 4417 389 4482 Bonita,
408 4417 461 4473 oba.
480 4435 504 4488 p.
524 4419 567 4484 26,
587 4417 677 4474 docuit
698 4415 713 4469 ὁ
731 4418 905 4473 omittendum
923 4433 987 4472 esse.
