3150 4996
242 319 277 382 52
720 323 888 393 Pythagorei.

239 486 284 536 καὶ
303 488 395 537 πίστιν
413 485 457 535 καὶ
476 479 604 551 α’νάγκην.
624 513 658 522 -
678 487 771 542 Πίστις
789 499 822 551 γε
840 482 897 554 μὴν
915 483 1047 551 καλεῖται,
1066 483 1107 535 ὅτι
1127 482 1194 534 κατά
1215 481 1262 534 τόν
1281 481 1364 534 Φιλό-

240 573 307 626 λαον
326 572 422 625 δεκάδι
441 573 483 624 καλ
502 577 558 632 τοῖς
578 569 659 634 αὐτῆς
677 575 782 638 μορίοις
801 574 937 640 περὶτῶν
956 571 1044 624 όντων
1064 568 1098 624 ον’
1116 573 1263 640 παρέργως
1282 589 1365 624 κατα-

99 657 216 720 corporeo<
240 662 455 734 λαμβανομένοις
473 664 565 714 πίστιν
583 664 695 730 βεβαίαν
715 661 824 732 ἔγαμεν.
862 661 1066 728 Quatemarium
1091 679 1227 716 numerum
1252 661 1365 716 laudant

240 752 309 822 quod
327 752 368 806 bis
387 752 450 806 bina
469 751 653 820 complectitur
672 751 833 820 eundemque
851 754 982 819 tanquam
1001 751 1182 820 compendium
1197 755 1224 806 et
1238 752 1366 820 originem

240 841 342 896 denarii
360 842 436 908 quia,
457 841 480 892 si
500 837 617 894 addendo
637 841 783 908 coniungas
807 857 888 893 unum
909 839 959 893 duo
984 842 1038 894 tria
1063 843 1190 909 quatuor,
1215 840 1366 894 efficiuntur

240 930 335 993 decem,
346 929 378 983 cf.
390 929 446 983 Vit.
460 927 539 997 Pyth.
550 945 591 996 ap.
604 927 681 982 Phut.
692 928 761 982 Bibl.
772 946 797 997 p.
811 929 871 984 712.
891 927 972 980 ε’πειδ
977 949 988 992 η
1000 924 1089 980 πάντα
1101 932 1139 988 είς
1150 927 1212 987 τούς
1225 925 1366 998 α’ριθμούς

239 1017 345 1086 άνῆγον
365 1015 394 1070 έκ
414 1033 443 1069 τε
462 1021 509 1078 τῆς
527 1016 648 1086 μονάδος
667 1019 711 1068 καὶ
731 1021 777 1080 τῆς
797 1017 900 1076 δυάδος
920 1020 965 1068 καὶ
983 1017 1015 1068 τά
1035 1015 1101 1070 όντοι
1118 1017 1211 1070 πάντα
1229 1016 1367 1087 α’ριθμοδς

240 1105 453 1175 προσηγόρευον,
473 1104 536 1158 ὁδὲ
554 1101 675 1174 α’ριθμός
694 1106 902 1175 σνμπληροῠται
920 1115 977 1165 τοῖς
996 1106 1071 1173 δέκα,
1092 1106 1149 1160 odi
1160 1107 1228 1160 δέκα
1238 1107 1366 1166 σύνθεσις

239 1201 294 1249 τῶν
313 1195 455 1262 τεσσάρων
473 1193 540 1247 κατά
559 1192 592 1246 τό
611 1193 670 1258 ἑξῆς
689 1193 885 1264 άριθμοάντων
904 1195 990 1265 ἡμῶν,
1009 1195 1057 1248 διά
1078 1200 1158 1248 τοῦτο
1178 1197 1226 1249 τόν
1244 1194 1366 1266 άριθμόν

240 1286 331 1338 πάντα
350 1279 498 1351 τετρακτόν
517 1281 622 1350 ἔλεγον.
658 1284 782 1338 iurantes
801 1285 983 1339 testificantur
1007 1302 1065 1339 eum
1085 1287 1131 1356 qui
1150 1285 1218 1340 hanc
1237 1288 1367 1342 rationem

241 1375 370 1428 invenerit
389 1375 435 1440 (an
453 1372 635 1442 Pythagoram
643 1374 683 1441 λ),
704 1390 727 1426 v.
747 1374 836 1427 Carm.
863 1391 918 1428 aur.
939 1375 981 1428 47.

404 1457 440 1511 Ου’
463 1459 503 1530 μδ
528 1460 577 1512 τόν
601 1462 721 1530 ἁμετέρα
741 1466 818 1530 ψυχᾷ
835 1461 999 1530 παραδόντα
1019 1461 1178 1530 τετρακτύν,

403 1549 498 1618 Παγάν
516 1545 617 1602 άενάον
635 1550 735 1620 φύσιος
754 1544 858 1621 ῥίζωμά
876 1548 900 1604 τ’
918 1549 1046 1620 ἔχουσαν.

242 1641 351 1696 Isuuian.
370 1641 401 1694 de
420 1639 500 1696 salut.
520 1640 544 1694 5.
564 1642 616 1692 εἰσὶ
635 1639 668 1693 δὲ
687 1641 713 1691 οἳ
730 1643 774 1692 καὶ
791 1639 841 1704 την
866 1640 1025 1710 τετρακτύν,
1050 1641 1097 1692 τόν
1121 1641 1257 1711 μέγιστον
1282 1639 1368 1710 ὅρκον

242 1727 344 1793 αὐτῶν,
363 1727 380 1792 ἢ
396 1727 445 1781 τόν
464 1725 558 1792 ἐντελῆ
576 1724 670 1788 αὐτοῖς
689 1725 811 1800 α’ριθμδν
831 1727 975 1798 άποτελεῑ,
1000 1730 1051 1794 ἤδη
1075 1732 1121 1782 καὶ
1148 1731 1254 1799 ὑγιείας
1278 1728 1367 1802 άργην

243 1817 383 1884 ἐκάλεσαν,
404 1802 443 1869 τόν
462 1820 506 1868 καὶ
526 1815 657 1876 Φιλόλαός
677 1815 758 1872 ἐστιν.

314 1909 344 1968 λι.
374 1907 504 1962 Numerus
529 1907 595 1962 facit
619 1911 650 1960 ut
673 1909 761 1962 omnia
785 1911 907 1978 cognosci
932 1910 1041 1978 possint.
1079 1909 1117 1962 Ut
1141 1907 1278 1978 ἁρμονίαν
1303 1909 1368 1964 dicit

244 1997 395 2052 Moderatus
414 1992 462 2059 την
481 1992 516 2047 τά
536 1995 707 2064 διαφέροντα
726 1996 851 2056 ὁπωςοῦν
870 1995 1017 2068 σύμμετρα
1036 1997 1080 2048 καὶ
1100 1993 1255 2066 προςηγορα
1281 1995 1368 2066 οἷπερ-

244 2086 409 2156 paripate,
430 2103 471 2154 ap.
491 2085 564 2139 soa
585 2071 678 2140 1864.

316 2190 343 2232 a.
374 2175 525 2244 Sequuntur
544 2175 618 2240 haec,
638 2192 704 2244 quae
723 2177 858 2244 separauit
871 2193 886 2230 a
897 2176 1006 2244 reliquis
1018 2175 1121 2230 Boeckh
1135 2193 1159 2244 p.
1176 2176 1242 2230 145:
1261 2175 1368 2240 ψεῦδος

244 2263 277 2318 δὲ
301 2261 432 2332 ον’δαμως
457 2261 485 2322 ἐς
510 2263 633 2334 ἀριθμόν
651 2263 793 2334 έμπιτνεῐ·
814 2264 945 2334 πολέμιον
963 2263 1020 2333 γάρ
1044 2267 1089 2315 καὶ
1114 2261 1219 2333 ἐχθρόν
1243 2268 1275 2334 τᾷ
1301 2265 1368 2334 φύσι

245 2352 277 2414 τό
296 2351 408 2418 ψεῦδος,
427 2353 445 2404 δ’
464 2349 490 2403 δ’
508 2350 625 2404 α’λάθεια
645 2357 743 2406 οἰκεῖον
762 2356 805 2405 καὶ
823 2354 969 2423 σύμφυτον
988 2357 1020 2422 τᾷ
1039 2356 1078 2405 τοῦ
1097 2351 1211 2423 άριθμω
1229 2353 1318 2422 γενεᾷ.

317 2443 346 2496 (1.
376 2442 455 2497 Vides
483 2459 529 2496 cur
552 2445 660 2496 tautum
685 2443 721 2495 sit
744 2444 860 2496 numeris
885 2441 1017 2496 tributum
1042 2459 1058 2496 a
1082 2442 1270 2511 Pythagoreis:
1300 2444 1369 2512 quod

245 2548 349 2586 summa
368 2531 514 2585 interillos
534 2533 560 2584 et
579 2547 664 2585 rerum
683 2531 812 2600 principia
832 2534 901 2584 esset
919 2532 1103 2585 convenientia
1129 2533 1157 2585 et
1180 2534 1317 2587 uerissima
1336 2535 1369 2587 iis

246 2637 331 2674 rerum
352 2619 589 2687 cognoscendarum
608 2619 701 2687 regula
720 2621 907 2674 contineretur.
944 2619 976 2672 Id
995 2621 1082 2689 ipsum
1101 2621 1238 2688 significat
1257 2623 1368 2676 Aristot.

246 2711 310 2764 Meu.
324 2709 338 2762 Ι
352 2709 377 2762 5.
389 2710 461 2764 986ὃ
475 2710 518 2763 23.
539 2705 569 2758 ἑν
588 2707 621 2760 δὲ
641 2704 748 2766 τούτοις
767 2709 811 2758 καὶ
829 2707 884 2776 πρό
903 2707 1008 2760 τούτων
1027 2708 1140 2776 (dixerat
1158 2709 1189 2764 de
1203 2710 1369 2780 Anaxagora,

246 2797 407 2862 Parmenide,
424 2797 586 2866 Empedocle,
606 2797 737 2866 Leucippo
752 2800 779 2852 et
789 2797 947 2866 Democrito)
966 2801 992 2848 οί
1010 2797 1174 2868 καλούμενοι
1185 2798 1369 2868 Πυθαγόρειοι

247 2891 303 2938 τῶν
321 2880 493 2956 μαθημάτων
518 2883 654 2952 ἁψάμενοι
678 2889 784 2953 πρῶτοι
808 2890 895 2938 ταῦτα
921 2889 1089 2954 προήγαγον,
1114 2891 1160 2939 καὶ
1185 2885 1370 2958 ἐντραφέντες

247 2973 341 3033 αὐτοῖς
359 2973 406 3032 τάς
433 2973 540 3024 τούτων
564 2969 650 3041 άρχοές
678 2977 734 3024 τῶν
762 2973 852 3026 όντων
880 2971 966 3044 α’ργάς
995 2971 1124 3043 ᾠήθησαν
1152 2963 1222 3028 εἶναι
1250 2977 1369 3032 πάντων.

247 3065 415 3132 Quamquam
434 3079 485 3131 quo
504 3079 580 3116 sensu
599 3063 638 3116 ita
657 3065 813 3127 statuerint,
843 3081 895 3117 non
921 3081 1020 3133 semper
1047 3066 1135 3120 eodem
1154 3067 1228 3120 modo
1247 3067 1369 3135 explicat.

248 3155 443 3222 Nonnunquam
456 3153 524 3206 enirn
539 3141 713 3206 similitudine
732 3153 847 3221 quadarn
861 3171 947 3208 rerum
966 3159 993 3207 et
1010 3171 1176 3209 numerorum
1194 3155 1287 3209 ductos
1301 3158 1371 3225 prin·

246 3244 318 3312 cipia
336 3243 385 3297 illa
404 3243 520 3312 posuisse
539 3241 663 3306 affirmat,
684 3243 757 3295 velut
775 3244 793 3296 l.
813 3260 834 3297 c.
854 3260 914 3296 cum
933 3244 971 3297 sic
996 3244 1096 3312 pergit:
1121 3241 1181 3296 ἐπεὶ
1207 3244 1238 3294 δέ
1265 3244 1370 3296 τούτων

249 3333 314 3400 (τῶν
327 3331 510 3402 μαθημάτων)
525 3333 551 3381 ολ
564 3328 679 3399 άριθμοὶ
693 3325 778 3398 φύσει
796 3335 909 3396 πρῶτοι,
928 3331 957 3382 ἰν
972 3329 1023 3384 dil
1038 3338 1093 3390 τοῖς
1107 3327 1236 3400 άριθμοῑς
1255 3331 1371 3385 ἐδόκουν

248 3427 365 3492 θεωρεῖν
384 3417 545 3491 ὁμοιώματα
564 3419 651 3472 πολλά
671 3427 726 3479 τοῖς
745 3403 802 3470 odos
821 3423 866 3472 καὶ
883 3421 1074 3489 γιγνομένοις,
1099 3421 1204 3492 μᾶλλον
1225 3421 1238 3484 ἢ
1257 3418 1287 3472 ἐν
1306 3425 1372 3490 πυρὶ

248 3512 293 3560 καὶ
311 3513 346 3578 γῇ
364 3512 409 3560 καὶ
428 3508 518 3572 ὕδατι,
538 3505 580 3560 ὅτι
600 3507 629 3560 τό
647 3509 700 3578 μὲν
726 3508 830 3560 τοιονδὶ
855 3515 910 3560 των
933 3505 1063 3579 άριθμῶν
1087 3509 1179 3568 πάθος
1204 3509 1370 3576 δικαιοσύνη,

251 3597 328 3650 τόδὲ
343 3597 446 3649 τοιονδὶ
465 3597 539 3664 ψυχαὶ
558 3600 601 3648 καὶ
621 3603 692 3666 νοῦς,
712 3597 804 3664 ἕτερον
825 3598 856 3649 δὲ
876 3593 969 3666 καιρός
988 3602 1033 3650 καὶ
1052 3603 1107 3651 τῶν
1125 3596 1215 3650 ἄλλων
1235 3595 1270 3657 ω’ς
1285 3602 1371 3652 εἰπεῖν

249 3685 362 3740 ἕκαστον
395 3688 495 3753 ὁμοίως
528 3697 561 3752 qv.
590 3693 633 3740 a?
663 3689 721 3754 66),
757 3683 795 3739 ἔτι
831 3687 862 3738 δὲ
896 3692 951 3738 των
984 3683 1147 3756 άρμονιαῑνῖ
1180 3687 1210 3738 έν
1242 3684 1372 3758 α’ριθμοῖς

249 3777 370 3844 ὁρωντες
388 3775 420 3826 τά
438 3775 514 3838 πάθη
534 3777 578 3826 καὶ
598 3775 662 3832 τοάς
681 3774 794 3843 λόγους,
823 3776 919 3840 ἐπειδὴ
937 3781 970 3828 τὰ
988 3781 1040 3845 μὲν
1063 3774 1130 3828 ἄλλα
1159 3781 1217 3834 τοῖς
1243 3773 1371 3844 άριθμοίς

251 3862 378 3935 ἐφαίνετο
395 3865 444 3928 την
455 3862 541 3932 φάσιν
554 3861 757 3933 α’φωμοιιύοθαι
770 3869 888 3928 πᾶσανθ,
901 3869 926 3916 οἱ
936 3864 964 3916 δ’
973 3863 1090 3935 άριθμοί
1105 3864 1190 3926 πάσης
1204 3869 1251 3928 τῆς
1261 3861 1371 3933 φάσεως

251 3958 367 4022 πρῶτοι,
394 3951 427 4004 τά
453 3958 508 4006 των
533 3951 662 4022 α’ριθμων
686 3960 806 4020 στοιχεῖα
831 3953 1001 4006 τωνόντων
1026 3962 1147 4022 στοιχείεν
1176 3951 1285 4006 πάντων
1304 3940 1372 4006 εἶναι

250 4037 393 4111 ὑπέλαβον,
422 4046 471 4094 καὶ.
496 4042 547 4094 τόν
570 4039 634 4093 ὅλον
658 4039 778 4109 ον’ρανόν
803 4042 938 4112 ἁρμονίαν
960 4029 1032 4094 εἶναι
1057 4045 1102 4094 καὶ
1130 4039 1261 4114 α’ριθμόν,
1298 4044 1372 4098 Idem

252 4131 374 4184 Platonis
392 4131 464 4185 ideas
483 4148 638 4201 comparans
662 4131 725 4184 Met.
752 4131 765 4184 I
784 4134 808 4186 6.
828 4133 900 4187 987ῑ>
921 4134 961 4187 10.
1000 4132 1048 4195 την
1067 4130 1099 4184 δὲ
1117 4131 1232 4202 μέθεξιν
1251 4129 1372 4201 τοόνομα

326 4291 352 4358 1)
370 4292 426 4344 Alii
450 4292 557 4346 sublata
576 4309 600 4360 p,
627 4290 663 4343 δέ
686 4295 744 4362 post
771 4291 871 4362 ὁμοίως
898 4292 1017 4346 insistere
1045 4293 1137 4346 volunt
1166 4293 1318 4348 orationem.
1339 4324 1372 4332 —

253 4371 280 4438 2)
299 4369 344 4424 ita
368 4371 464 4424 Bonita
488 4389 532 4440 pro
557 4367 724 4442 ἁρμονικῶν,
749 4389 841 4427 comm.
865 4373 893 4426 in
918 4373 1034 4442 Metaph.
1053 4391 1077 4442 p.
1098 4373 1139 4428 i8.
1160 4403 1194 4412 —-
1231 4375 1258 4442 3)
1277 4373 1372 4428 Bonitz

251 4451 356 4504 mavult
375 4449 474 4504 πάντα,
