3156 4988
313 318 369 381 890
809 322 937 393 Epicurei.

317 487 521 556 φιλοσοφητέον
544 488 590 537 καὶ
614 488 665 553 νέῳ
688 488 735 538 καὶ
758 487 874 558 γέροντι,
901 488 937 553 τῷ
955 485 1008 558 μὲν
1027 486 1102 545 ὅπως
1120 488 1265 556 γηράσκων
1283 487 1360 557 νεάζῃ
1379 492 1440 546 τοῖς

317 576 435 643 ἀγαθοῖς
454 574 503 627 διδ
521 575 570 640 τὴν
584 575 669 645 χάριν
688 584 743 626 των
761 575 927 643 γεγονότων,
953 577 991 650 τῷ
1009 573 1042 626 δὲ
1062 574 1136 634 ὅπως
1153 577 1214 634 νέος
1238 575 1299 645 άμα
1318 578 1363 627 καλ
1382 593 1439 627 πα·

316 665 392 724 λαιὸς
411 656 426 737 ᾖ
445 664 494 717 διά
514 665 563 730 τὴν
581 665 704 734 ἀφοβίαν
723 673 777 716 των
793 663 956 733 μελλόντων.
980 689 1013 702 -·
1031 661 1070 716 Ib.
1091 663 1144 716 132
1164 666 1196 716 ού
1215 664 1269 733 γὰρ
1288 665 1371 716 πότοι
1390 667 1439 716 καλ

314 763 403 826 κῶμοι
427 758 596 824 συνείροντες
619 748 681 806 οὐδ’
699 753 855 812 ἀπόλαυσις
874 752 984 805 παίδων
1008 757 1054 806 καλ
1077 763 1217 822 γυναικῶν
1242 747 1306 806 οὐδ’
1331 754 1441 822 λχδύων

314 847 362 896 καλ
388 853 442 895 των
461 845 561 908 άλλων,
587 842 640 896 ὅσα
666 846 742 914 φέρει
767 843 916 908 πολυτελὴς
935 845 1061 913 τράπεζα,
1091 845 1139 895 τόν
1164 841 1234 908 iiim
1257 844 1342 910 γεννᾷ
1358 845 1438 909 βίον,

316 933 385 986 ama
413 933 507 1003 νήφων
534 933 669 1004 λογισμὸς
694 937 741 985 καὶ
768 933 818 992 τὰς
848 937 939 992 αἰτίας
964 934 1108 1005 ἐξερευνῶν
1133 934 1224 998 πάσης
1243 934 1373 1003 αἱρέσεως
1391 935 1440 983 καὶ

317 1030 406 1092 φυγῆς
423 1025 469 1074 καλ
488 1022 537 1080 τὰς
555 1021 640 1082 δόξας
658 1023 817 1085 ἐξελαύνων,
837 1017 892 1091 αφ’
910 1015 947 1073 ὧν
966 1025 1096 1082 πλεῖστος
1115 1023 1164 1082 τὰς
1183 1021 1276 1090 ψυχὰς
1294 1023 1440 1092 καταλαμ-

315 1113 392 1178 βάνει
409 1112 535 1182 θόρυβος.
571 1113 677 1164 τούτων
696 1111 727 1164 δὲ
747 1114 860 1164 πάντων
879 1112 1012 1182 ἀρχὴκαὶ
1032 1113 1064 1163 τὸ
1085 1116 1221 1183 μέγιστον
1240 1111 1352 1178 ἀγαθὰν
1371 1110 1440 1180 φρό

316 1217 399 1266 νησις.
437 1200 549 1253 διὸκαὶ
568 1203 739 1272 φιλοσοφίας
758 1203 921 1274 τιμιώτερον
942 1202 1057 1269 ὑπάρχει
1076 1201 1216 1271 φρόνησις,
1236 1202 1265 1260 ἐξ
1283 1194 1314 1266 ἧς
1333 1201 1364 1250 αἱ
1382 1201 1440 1250 λοι·

317 1292 369 1342 παλ
389 1298 479 1342 πᾶσαι
498 1291 656 1360 πεφύκασιν
674 1291 777 1362 ἀρεταί,
797 1289 976 1344 διδάσκουσα
995 1291 1030 1350 ὡς
1049 1290 1097 1342 οὐκ
1116 1291 1192 1342 ἔστιν
1211 1289 1296 1355 ἡδέως
1315 1289 1360 1355 ζῆν
1375 1292 1441 1341 ἄνευ

317 1387 367 1430 τοῦ
385 1383 527 1452 φρονίμως
550 1382 598 1430 καλ
620 1381 708 1438 καλῶς
732 1382 780 1430 καλ
803 1377 918 1438 δικαίως
932 1378 1020 1442 (οὐδὲ
1048 1381 1191 1449 φρονίμως
1215 1381 1262 1430 καὶ
1285 1379 1375 1436 καλῶς
1392 1381 1441 1428 καλ

317 1467 464 1533 δικαίως)1
488 1471 553 1520 άνευ
571 1477 621 1520 τοῦ
638 1467 754 1540 ἡδέως,
767 1469 969 1539 συμπεφύκασι
986 1469 1041 1536 γάρ
1067 1469 1097 1519 αί
1115 1469 1209 1539 άρεταλ
1228 1469 1266 1535 τῷ
1286 1468 1331 1532 ζῆν
1345 1465 1441 1531 ἡδέως,

317 1560 364 1609 καλ
382 1558 414 1609 τὸ
433 1559 477 1623 ζήν
495 1556 580 1622 ἡδέως
599 1559 705 1608 τούτων
722 1558 800 1610 ἐστὶν
819 1558 981 1628 ἀχώριστον.

192 1782 292 1826 mmm
385 1767 511 1856 Epicur.
536 1769 679 1836 Seniani.
704 1778 743 1836 27
778 1789 826 1854 ap.
849 1771 940 1854 Diog.
964 1771 994 1836 X
1019 1779 1081 1838 148
1106 1791 1136 1854 p.
1163 1779 1202 1836 77
1228 1769 1284 1834 Us.
1330 1750 1391 1832 Ὧν
1423 1769 1517 1856 iasii

318 1874 419 1965 σοφία
443 1876 730 1965 παρασκευάζεται
753 1873 800 1956 εἰς
823 1879 880 1966 τήν
902 1889 959 1944 τοῦ
990 1878 1065 1944 ὅλου
1094 1875 1168 1962 βίον
1199 1875 1442 1962 μακαριότητα,

317 1985 403 2050 πολὺ
425 1982 577 2070 μέγιστόν
600 1984 688 2051 ἔστιν
711 1988 730 2074 ή
753 1997 811 2073 τής
835 1983 951 2073 φιλίας
974 1997 1115 2074 κτήσις”.

201 2175 290 2219 numm·
386 2163 528 2228 Seniani.
555 2171 594 2228 31
620 2164 660 2227 ib.
687 2172 750 2229 150
774 2185 804 2247 p.
829 2172 870 2229 78
894 2165 950 2229 Us.
1001 2163 1045 2228 Τὸ
1075 2175 1133 2250 τής
1160 2162 1287 2250 φύσεως
1311 2157 1444 2228 δίκαιόν
1454 2180 1517 2222 ται

273 2292 277 2304 ’
317 2268 388 2334 ἐστι
417 2269 579 2354 σύμβολον
612 2279 671 2335 τοῦ
699 2268 920 2358 συμφέροντος
950 2267 997 2348 εἰς
1027 2271 1065 2335 τὸ
1087 2271 1133 2358 μή
1155 2268 1317 2354 βλάπτειν
1339 2268 1444 2356 άλλή-
1562 2259 1565 2362 i

317 2375 391 2454 λους
413 2374 496 2464 μηδὲ
517 2375 761 2460 βλάπτεσθαιλ.
794 2414 835 2424 -
867 2377 1008 2442 Senteni.
1040 2387 1081 2444 34
1106 2379 1146 2442 ib.
1173 2386 1232 2444 151
1259 2397 1289 2461 p.
1316 2385 1357 2442 79
1382 2375 1444 2442 US.

315 2471 363 2546 ‘H
392 2479 504 2548 ἀδικία
539 2481 575 2548 ού
609 2469 692 2548 καθ’
712 2479 828 2571 ἑαυτήν
862 2482 977 2564 κακόν,
1012 2471 1089 2548 ἀλλ’
1114 2481 1148 2548 ἐν
1180 2481 1229 2570 τῷ
1262 2485 1348 2548 κατὰ
1383 2483 1446 2569 τήν

317 2588 469 2677 ὑποψίαν
491 2590 594 2678 φόβῳ,
617 2586 646 2654 ελ
667 2591 712 2678 μή
736 2589 826 2678 λήσει
847 2591 922 2668 τοὺς
945 2589 1028 2676 ὑπὲρ
1043 2603 1109 2655 τῶν
1124 2590 1279 2657 τοιούτων
1301 2588 1445 2678 ἐφεστη-

317 2697 417 2776 κότας
440 2696 613 2774 κολαστάς.
661 2697 730 2782 (35)
758 2695 825 2763 Οὐκ
848 2692 919 2763 ἔστι
941 2698 998 2762 τὸν
1020 2696 1134 2784 λάθρα
1157 2722 1190 2764 τι
1214 2707 1374 2764 ποιοῦντα
1397 2693 1446 2763 ὧν

317 2802 489 2870 συνέθεντο
513 2805 597 2892 πρὸς
620 2803 780 2892 ἀλλήλους
803 2798 850 2882 είς
872 2805 911 2869 τὸ
933 2805 978 2891 μή
1001 2803 1163 2887 βλάπτειν
1186 2803 1270 2892 μηδὲ
1290 2803 1445 2888 βλάπτε-

317 2916 412 2992 σθαι,
435 2912 600 2978 πιστεύειν
622 2911 673 2976 δτι
698 2910 798 2998 λήσει,
822 2911 881 2976 κλλν
902 2909 1057 2998 μυριάκις
1081 2909 1166 2978 ε’πλ2
1190 2921 1249 2977 τοῦ
1274 2911 1446 2998 παρόντος

317 3016 482 3105 λανθάνῃ·
505 3015 598 3105 μέχρι
622 3019 683 3106 γάρ
708 3030 939 3106 καταστροφῆς
962 3016 1081 3106 άδήλον
1103 3014 1132 3084 ελ
1154 3016 1212 3084 καί
1235 3017 1334 3106 λήσει.

388 3195 529 3260 Seniani.
555 3205 595 3263 36
619 3197 659 3261 ib.
685 3203 745 3263 151
772 3219 801 3282 p.
827 3205 867 3263 79
891 3197 948 3262 Us.
994 3198 1092 3260 Κατὰ
1120 3193 1180 3278 μὲν
1200 3196 1307 3281 <τό>3
1333 3197 1516 3262 mammo

317 3313 403 3368 πᾶσι
425 3304 464 3368 τὸ
487 3299 614 3368 δίκαιον
637 3303 675 3368 τὸ
698 3301 794 3368 αὐτό·
830 3299 995 3391 συμφέρον
1025 3301 1087 3390 γάρ
1116 3327 1149 3367 τι
1172 3299 1209 3390 ήν
1232 3300 1265 3368 ἐν
1289 3301 1332 3392 τῇ
1356 3305 1446 3392 πρὸς

317 3408 475 3498 ἀλλήλους
497 3405 666 3497 κοινωνίᾳ·
701 3411 787 3474 κατὰ
816 3408 852 3475 δὲ
885 3411 922 3476 τὸ
951 3405 1038 3475 ἰ’διον
1066 3409 1175 3496 χώρας
1202 3407 1260 3474 καὶ
1290 3409 1375 3475 όσων
1403 3411 1444 3500 δή

317 3539 401 3582 ποτε
424 3513 539 3582 αἰτιῶν
562 3514 599 3582 ού
621 3525 707 3582 πᾶσι
730 3515 906 3582 συνέπεται
929 3516 967 3582 τὸ
991 3514 1071 3582 αὐτὸ
1095 3513 1224 3582 δίκαιον
1247 3508 1360 3582 cimai&

390 3673 418 3714 a.
437 3660 477 3713 De
495 3659 612 3714 amicitia
629 3659 661 3713 af.
681 3657 733 3714 Cic.
753 3658 809 3714 Fin.
829 3659 843 3712 1
862 3660 897 3714 66
915 3665 946 3714 mi
965 3659 1036 3714 emim
1054 3660 1183 3726 υίνεαλιε,
1207 3658 1239 3713 cia
1258 3659 1359 3728 ςιιίλιιε
1378 3665 1445 3714 ανιλε

319 3748 420 3802 dictam
445 3754 498 3817 est,
527 3749 567 3804 σία
591 3748 737 3804 amicitiam
761 3754 863 3818 αερααλ
887 3764 966 3818 passe
990 3765 1009 3802 a
1031 3749 1170 3818 voluptate
1195 3747 1339 3802 discedere.
1378 3764 1445 3802 mam

319 3854 379 3892 cmm
403 3837 521 3892 solitudo
548 3843 573 3892 ei
590 3837 648 3892 viia
671 3838 731 3892 είαι
749 3837 843 3892 amicis
861 3837 1026 3892 insidiarum
1045 3843 1071 3892 et
1087 3842 1173 3892 maias
1187 3838 1272 3906 piena
1289 3837 1339 3903 sii,
1369 3838 1445 3894 ratio

317 3929 383 3996 ipsa
401 3932 489 3982 momei
506 3926 640 3982 amicitias
659 3941 831 3995 comparare:
858 3927 957 3995 quibas
980 3927 1070 3996 partia
1089 3925 1263 3993 confirmatur
1286 3926 1398 3980 animas
1417 3931 1445 3981 et

318 4035 336 4072 a
354 4033 402 4086 αρε
417 4013 617 4086 pariendarum
635 4016 804 4084 voluptatum
822 4015 932 4084 εείναρί
948 4031 1005 4080 mom
1024 4021 1120 4086 potest.
1158 4013 1195 4070 Cf.
1215 4019 1259 4068 ΒΡ
1278 4015 1339 4068 367.

389 4141 420 4198 λ).
441 4141 479 4197 cf.
500 4141 571 4194 Seni.
591 4141 627 4194 32
644 4139 681 4194 ib.
701 4139 755 4194 150
778 4142 831 4195 όσα
852 4151 906 4194 των
930 4137 1003 4210 ζῴων
1021 4142 1061 4213 μὴ
1079 4140 1199 4194 ἐδύνατο
1219 4140 1359 4205 συνθήκας
1377 4157 1444 4192 ποι-

318 4285 531 4293 ----.-

391 4372 419 4437 1)
436 4371 574 4442 Supplevit
591 4371 749 4442 Stephanus.
770 4401 803 4412 -
823 4373 850 4438 2)
869 4374 915 4426 ἐπὶ
934 4370 1087 4439 Menagius:
1106 4372 1164 4426 ἀπὸ
1183 4370 1223 4424 vel
1244 4371 1298 4424 ὑπὸ
1315 4368 1385 4422 libri.
1405 4397 1444 4407 -

319 4462 347 4526 3)
366 4463 397 4515 τὸ
416 4461 475 4514 add.
496 4458 654 4516 Gassendus.
