3146 4982
311 339 365 400 448
750 339 898 396 Academici
916 339 983 396 novi.

383 502 413 560 b.
437 501 507 556 Huic
525 503 681 570 argumento
698 501 841 571 plurimum
861 501 1009 566 tribuebam
1029 500 1060 554 ef.
1080 499 1194 554 Numen.
1213 515 1255 569 ap.
1273 497 1369 552 Enseb.
1388 498 1433 552 Pr.

312 591 357 645 Ετ.
376 591 439 646 XIV
457 593 482 658 8,
502 593 519 648 8
538 593 587 645 διὰ
607 593 638 644 τὸ
658 594 758 663 ὁμοίας
773 597 932 663 φαντασίας
950 593 1084 657 ἀληθέσιν
1101 590 1172 644 εἶναι
1191 591 1239 650 τάς
1259 587 1379 656 ψευδεῖς,
1399 589 1435 676 cic

313 683 370 734 ιἰπὸ
388 677 445 749 ᾠοῦ
461 686 573 752 κηρίνου
592 682 660 752 πρὸς
679 682 711 732 τὸ
730 681 863 746 ἀληθινὸν
881 676 942 749 ᾠόν.

383 817 411 860 c.
437 802 610 872 Argumenta,
638 804 733 874 quibus
752 803 848 858 duetus
866 803 1023 856 rationalem
1043 801 1218 870 cognitionem
1236 817 1293 854 esee
1311 799 1434 868 negabat,

312 910 404 964 perum
428 893 551 963 explicita
576 896 654 959 sunt,
682 893 787 946 videtur
804 896 894 946 autern
912 893 945 946 iis
963 891 1058 946 favisse
1077 891 1122 962 qui
1141 906 1241 944 ornnem
1260 889 1436 956 cognitionem

312 997 343 1036 cx
362 997 486 1035 sensuum
504 981 685 1034 affectionibus
710 983 879 1052 repetebant;
908 999 959 1052 quo
977 981 1112 1052 pertinent
1136 995 1201 1050 quae
1220 981 1312 1031 eontra
1329 976 1437 1046 dogma·

313 1071 425 1124 tieomm
453 1070 485 1123 de
513 1070 560 1123 deo
588 1071 693 1124 decreta
718 1069 887 1140 disputabat:
906 1070 970 1124 Sext
987 1069 1073 1124 neth.
1097 1068 1136 1122 IX
1155 1069 1207 1122 139
1235 1069 1302 1121 ὅθεν
1328 1072 1376 1120 καὶ
1404 1069 1436 1120 τὸ

313 1161 489 1229 περικόπτειν
507 1161 610 1226 ταύτην
626 1161 688 1226 (τὴν
701 1160 808 1230 γεῦσιν)
825 1165 843 1226 δ
861 1179 923 1213 τινα
942 1165 1077 1226 αλσθησιν
1095 1161 1178 1224 άλλην
1197 1159 1289 1217 άπλῶς
1303 1166 1353 1209 τοι]
1366 1161 1437 1209 θεοῦ

314 1251 454 1310 παντελῶς
479 1249 556 1302 ἐστιν
577 1250 733 1302 ἀπίθανον·
767 1253 958 1323 περιττοτέρας
981 1249 1036 1319 γὰρ
1062 1249 1206 1320 αἰσθήσεις
1224 1247 1294 1316 ἔχων
1313 1247 1437 1316 ἀμείνων

314 1339 400 1390 αὐτοῦ
419 1338 569 1406 γενήσεται,
590 1337 656 1390 δέον
673 1341 787 1410 μᾶλλον,
807 1340 843 1398 ὡς
862 1339 953 1407 ἔλεγεν
972 1340 988 1390 ὁ
1006 1337 1176 1406 Καρνεάδης,
1197 1335 1248 1389 σὺν
1267 1327 1327 1393 ταῖς
1347 1342 1438 1388 πᾶσιν

315 1428 507 1498 ὑπαρχούσαις
536 1431 616 1479 πέντε
645 1428 758 1488 ταύταις
788 1428 937 1492 αἰσθήσεσι
963 1429 1010 1478 καὶ
1037 1427 1120 1484 άλλας
1146 1425 1219 1492 αὐτῷ
1239 1425 1437 1492 περισσοτέρας

315 1519 551 1586 προσμαρτυρεῖν,
581 1509 619 1565 ἵν’
637 1515 685 1587 ἔχη
711 1517 845 1568 πλειόνων
869 1516 1126 1585 ἀντιλαμβάνεσθαι
1151 1514 1335 1586 πραγμάτων,
1366 1511 1437 1562 ἀλλὰ

313 1605 354 1674 μὴ
373 1613 427 1656 τῶν
445 1607 525 1656 πέντε
545 1603 682 1676 ἀφαιρεῖν.

383 1779 445 1844 Cic.
469 1782 523 1844 Ac.
546 1780 580 1844 ΙΙ
605 1787 656 1846 28.
703 1781 870 1863 Antipatro
893 1817 938 1830 --
961 1800 1035 1846 cum
1059 1781 1179 1846 diceret
1202 1781 1239 1858 ei,
1263 1780 1319 1861 qni
1343 1779 1485 1843 adlit-⁴⁴⁰

315 1888 420 1950 maret
441 1887 522 1950 nihil
544 1906 637 1969 posse
660 1875 795 1970 pereipij
823 1907 925 1952 unum
947 1889 1058 1952 tamen
1081 1887 1160 1951 illud
1184 1887 1287 1951 dicere
1317 1886 1438 1968 percipi

315 2011 407 2075 posse
437 1996 686 2058 consentaneum
711 2013 797 2072 esse,
826 1997 864 2059 nt
893 1995 1045 2060 alienon
1076 1995 1223 2077 possent,
1255 1991 1438 2058 Carneades

316 2100 442 2164 acutius
465 2100 646 2164 resistebat.
693 2099 777 2164 Nam
807 2103 935 2166 tantum
967 2101 1078 2166 abesse
1102 2100 1227 2164 dicebat
1249 2101 1286 2162 ut
1308 2098 1340 2162 id
1365 2117 1440 2164 oon-

316 2209 505 2270 sentaneum
536 2209 636 2282 esset,
671 2209 709 2270 ut
730 2208 869 2272 maxime
893 2208 993 2272 etiam
1015 2209 1218 2289 repugnaret.
1265 2204 1328 2283 Qui
1352 2205 1441 2268 enim

315 2314 449 2393 negaret
479 2311 650 2392 quicquam
680 2331 749 2376 esse
773 2313 858 2394 quod
881 2313 1115 2396 perciperetur,
1145 2331 1221 2378 eum
1250 2311 1333 2374 nihil
1357 2313 1441 2376 exci-

316 2436 408 2501 pere;
433 2417 480 2482 ita
502 2435 631 2482 necesse
656 2436 724 2482 esse
748 2437 789 2484 ne
812 2419 844 2484 id
867 2419 973 2502 ipsum
997 2418 1136 2500 quidem,
1161 2417 1244 2499 quod
1268 2420 1440 2500 exceptum

317 2543 381 2588 non
405 2527 507 2601 esset,
530 2524 714 2606 comprendi
737 2529 770 2589 et
792 2526 999 2608 percipi'ullc
1022 2525 1115 2590 modo
1139 2544 1241 2607 posse.

386 2737 471 2802 Sext.
494 2738 595 2802 Math.
619 2737 684 2802 VII
709 2747 783 2804 166.
840 2743 951 2802 Ταῦτα
980 2735 1040 2820 μὲν
1068 2735 1337 2822 ἀντιπαρεξάγων
1368 2717 1485 2816 τάῖς441

317 2841 430 2920 ἄλλοις
452 2842 649 2930 φιλοσόφοις
671 2843 689 2908 ὁ
712 2843 901 2931 Καρνεάδης
924 2839 970 2920 εἰς
993 2844 1050 2931 τὴν
1065 2840 1269 2930 άνυπαρξίαν
1291 2853 1351 2908 τοῦ
1366 2868 1439 2931 κρι-

316 2945 429 3036 τηρίου
452 2949 650 3038 διεξήρχετο·
685 2949 924 3034 ἀπαιτούμενος
956 2949 993 3016 δὲ
1015 2949 1072 3016 καί
1096 2949 1194 3028 αὐτός
1216 2974 1249 3016 τι
1272 2953 1439 3039 κριτήριον

317 3055 402 3141 πρός
431 3079 467 3120 τε
489 3057 547 3143 τὴν
573 3067 632 3124 τοῦ
664 3054 738 3141 βίον
761 3057 957 3145 διεξαγωγὴν
970 3056 1037 3124 Ικαὶ
1060 3059 1145 3144 πρὸς
1167 3058 1225 3145 τὴν
1247 3069 1305 3144 της
1327 3056 1438 3122 εύδαι-

316 3157 435 3245 μανίας
458 3158 665 3250 περίκτησιν,
695 3164 828 3246 δυνάμει
852 3162 1115 3248 ἑπαναγκάζεται
1146 3162 1203 3228 καὶ
1226 3153 1313 3228 καθ’
1341 3165 1439 3230 αὑτὸν

317 3267 394 3354 περὶ
418 3270 534 3334 τούτου
557 3269 814 3349 διατάττεσθαι,
846 3268 1109 3357 προσλαμβάνειν
1137 3272 1196 3358 τὴν
1224 3293 1261 3335 τε
1288 3273 1439 3360 πιθανὴν

317 3373 505 3463 φαντασίαν
539 3375 596 3442 καὶ
630 3379 687 3464 τὴν
719 3379 868 3465 πιθανὴν
902 3379 972 3460 δμα
1007 3376 1064 3442 καὶ
1099 3373 1351 3462 ἀπερίσπαστον
1381 3377 1438 3444 καί

317 3482 573 3571 διεξωδευμίνην.
611 3493 684 3550 167.
707 3480 759 3561 τίς
781 3482 819 3548 δέ
840 3482 928 3549 ἐστιν
950 3485 970 3571 ἡ
993 3484 1116 3548 τούτοιν
1139 3483 1299 3570 διαφορά,
1324 3485 1438 3550 συντό-

316 3613 386 3671 μως
408 3589 626 3656 ὑποδεικτέον.
662 3592 682 3677 ἡ
704 3587 811 3659 τοίνυν
841 3587 1009 3678 φαντασία
1037 3590 1125 3668 τινὸς
1148 3587 1318 3677 φαντασία
1341 3589 1437 3668 ἐστίν,

318 3685 387 3760 οἷον
417 3705 475 3760 τοῦ
503 3719 538 3762 τε
559 3686 622 3784 ἀφ’
642 3690 681 3762 οὗ
702 3694 824 3782 γίνεται
847 3696 905 3764 καὶ
928 3707 988 3762 τοῦ
1010 3694 1043 3762 ἐν
1066 3679 1093 3781 ᾧ
1116 3693 1257 3780 γίνετσιι
1290 3696 1349 3762 καὶ
1372 3687 1436 3786 ἀφ’

317 3795 357 3866 ού
382 3799 442 3884 μὲν
471 3799 592 3885 γίνεται
616 3804 661 3880 ὡς
689 3813 747 3868 τοῦ
769 3801 862 3880 ἐκτὸς
884 3801 1096 3886 ὑποκειμένου
1120 3798 1294 3890 αἰσθητοῦ,
1324 3803 1438 3869 τοῦὲν

317 3891 344 3993 ᾧ
368 3907 405 3976 δὲ
427 3904 549 3993 γίνεται
572 3909 729 3994 καθάπερ
753 3909 945 3996 ἀνθρώπου.
984 3917 1056 3976 168.
1079 3910 1214 3998 τοιαύτη
1230 3908 1267 3974 δὲ
1282 3906 1364 3974 οὖσα
1380 3910 1437 3976 δύο

316 4015 356 4080 ἂν
379 4011 446 4096 ipos
469 4014 600 4096 σχίσεις,
630 4012 710 4097 μίαν
732 4015 792 4099 μὲν
815 4017 860 4094 ὡς
882 4017 968 4102 πρὸς
991 4017 1029 4081 τὸ
1053 4016 1254 4104 φανταστόν,
1285 4014 1438 4102 δευτέραν

317 4119 355 4186 δὲ
376 4122 421 4198 ὡς
444 4122 528 4206 πρὸς
550 4122 607 4184 τὸν
629 4122 914 4208 φαντασιούμενον.
952 4122 1038 4188 κατὰ
1061 4121 1121 4204 μὲν
1143 4118 1197 4187 οὖν
1219 4123 1276 4209 τὴν
1299 4123 1386 4209 πρὸς
1400 4125 1438 4188 τὸ

317 4228 504 4312 φανταστὸν
526 4225 634 4307 σχίσιν
656 4227 677 4314 ἢ
699 4226 826 4316 ἀληθὴς
849 4225 973 4312 γίνεται
997 4229 1017 4316 ἢ
1042 4229 1172 4316 ψευδής.
1204 4226 1262 4292 καὶ
1285 4227 1438 4318 ἀληθὴς

316 4329 376 4414 μὲν
398 4332 476 4398 ὅταν
499 4333 670 4420 σύμφωνος
692 4319 715 4422 ᾗ
738 4333 785 4420 cpi
808 4333 996 4423 φανταστῷ,
1026 4333 1238 4422 ψευδηςδὲ
1261 4335 1340 4400 ὅταν
1363 4335 1437 4401 διά-

318 4460 433 4524 φωνος.
483 4448 555 4506 169.
579 4441 665 4504 κατὰ
690 4439 725 4506 δὲ
755 4443 812 4529 τὴν
841 4442 925 4528 πρὸς
954 4443 1010 4508 τὸν
1032 4442 1308 4530 φαντασιούμενον
1330 4440 1444 4524 σχέσιν
