3150 4996
606 323 607 326 ε
655 283 824 353 Pythagorei.
1268 282 1304 342 49

174 446 282 510 ε’πειτα
307 444 357 510 διὰ
381 440 415 509 τὸ
440 451 488 510 καὶ
512 440 550 511 τὰ
573 446 765 542 γεγραμμένα
781 449 899 534 Δωρίδι
922 440 1153 532 γεγράφθαι-
1171 483 1210 494 -
1229 445 1304 531 πρὸς

180 557 215 620 δὲ
246 549 365 626 τούτοις
393 551 447 618 τὸν
470 550 627 617 Πλάτωνα
659 557 706 617 καὶ
726 548 934 637 Ἀριστοτέλη,
967 547 1162 618 Σπεύσιππόν
1191 581 1225 619 τε
1255 558 1303 618 καὶ

175 654 382 744 Ἀριστόξενον
405 665 453 724 καὶ
477 656 680 744 Ξενοκράτην,
704 653 745 736 ιῖίς
768 687 862 747 φασιν
887 661 914 724 oi
937 655 1162 745 Πυθαγόρειοι,
1187 659 1226 725 τὰ
1248 662 1303 742 μὲν

178 761 316 851 κάρπιμα
332 770 574 852 σφετερίσασθαι
592 765 642 830 διὰ
656 770 800 850 βραχείας
815 766 971 848 ἐπισκευῆς
985 765 1007 846 h,
1031 764 1068 831 τὰ
1092 769 1111 830 cI
1119 762 1126 785 '
1144 764 1303 833 ἐπιπόλαια

178 879 227 937 καὶ
252 867 370 958 ἐλαφρὰ
393 878 440 936 καὶ
471 871 529 937 ὅσα
559 867 634 958 πρὶς
663 866 824 956 διασκευὴν
852 877 898 937 καί
924 872 1100 956 χλευασμὶν
1129 875 1184 938 τοῦ
1215 877 1303 940 διδα-

174 984 318 1048 σκαλείου
341 975 399 1045 einh
423 980 485 1043 των
512 974 674 1062 βασκάνως
702 977 830 1065 ὕστερον
858 975 1135 1066 συκοφαντούντων
1165 975 1303 1066 προβάλ-

179 1096 261 1152 λεται
286 1099 464 1171 συναγαγεῖν
487 1091 535 1150 καὶ
559 1079 600 1160 ως
624 1088 686 1151 ἴδια
709 1086 764 1165 τίς
787 1087 929 1171 αἱρέσεως
952 1091 1158 1171 καταχωρίσαι
1173 1097 1194 1153 ⁰.

253 1225 281 1266 a.
311 1210 439 1279 Eurytus
457 1209 574 1264 Philolai
594 1209 699 1264 auditor
718 1209 799 1263 fuisse
817 1210 977 1278 perhibetur,
997 1210 1136 1266 lamblich.
1157 1213 1217 1277 139,
1238 1212 1302 1280 1483

180 1301 302 1354 Platonis
321 1301 462 1368 magister,
491 1299 679 1368 Diog.1116;
706 1299 783 1368 Apul.
804 1300 897 1368 Dogm.
918 1299 989 1354 Plat.
1009 1301 1069 1354 init.
1106 1301 1225 1369 Respicit
1243 1317 1302 1356 eum

182 1390 262 1444 Arist.
288 1389 350 1442 Met.
376 1388 440 1440 XIV
466 1389 482 1441 5
508 1405 549 1456 ap.
573 1394 616 1442 ΒΡ
643 1389 677 1441 64
696 1405 725 1456 a;
757 1389 790 1442 76
815 1393 869 1442 not.
924 1387 1048 1443 Omnium
1078 1389 1303 1459 Pythagoreorum

179 1480 287 1534 nomina
313 1477 346 1532 ad
365 1479 472 1532 solitam
491 1477 568 1532 iilam
586 1478 779 1532 successionum
805 1479 915 1546 speciem
935 1480 1080 1548 composita
1098 1485 1215 1534 recenset
1233 1480 1303 1534 Iam·

180 1567 283 1622 bliohus
302 1567 362 1622 265.

251 1676 281 1732 b.
310 1675 474 1742 Pervulgata
501 1673 569 1743 apud
599 1676 713 1743 posteros
742 1674 841 1742 opirrio;
875 1677 905 1728 ut
933 1674 1053 1728 Platonis
1073 1675 1208 1729 Timaeum
1227 1676 1302 1731 Timo
1355 1645 1359 1654 Ι

180 1766 315 1820 Phliasius
334 1781 375 1832 ap.
396 1763 464 1817 Gell.
484 1763 527 1816 ΙΙΙ
548 1763 581 1818 16
606 1779 635 1816 ex
654 1763 771 1817 Philolai
790 1762 866 1818 libris
886 1765 1072 1818 concinnatum
1091 1765 1239 1833 significat,
1268 1765 1301 1820 cf.

171 1859 223 1906 ’ΒΡ
242 1855 277 1907 50
296 1869 319 1906 a.

252 1974 278 2015 o.
307 1961 346 2013 De
370 1959 524 2013 Aristoxeno
544 1977 567 2014 r.
587 1959 616 2014 C.
637 1959 744 2024 Miller,
769 1959 842 2014 ΓΗΘ
861 1959 890 2012 11
909 1961 970 2014 272.
1008 1960 1068 2014 Sine
1096 1963 1232 2014 auctorum
1257 1978 1303 2016 no·

174 2048 295 2102 *minibus
307 2049 484 2122 Πυθαγορικά
498 2046 682 2117 ὑπομνήματα
701 2049 800 2116 passim
819 2053 1005 2113 memorantur,
1026 2066 1067 2118 ap.
1088 2051 1164 2118 Diog.
1185 2049 1252 2104 VIII
1267 2052 1302 2105 24

178 2141 208 2191 et
221 2139 255 2192 36
274 2137 307 2190 ah
319 2137 473 2192 Alexandro
492 2136 676 2206 Polyhistore;
695 2135 822 2206 Porphyr.
837 2139 885 2202 58;
905 2136 1045 2191 Iamblich.
1067 2139 1133 2201 157;
1153 2139 1212 2192 161.

252 2243 378 2298 Recenset
392 2243 473 2298 libros
487 2243 677 2311 Pythagoricos
693 2242 769 2295 falsis
785 2242 934 2296 nominihus
952 2243 1093 2312 inscriptos
1112 2243 1196 2298 Zeller
1213 2242 1301 2309 111b2,

180 2334 313 2388 99-108.
351 2333 524 2386 Nominamus
540 2348 569 2386 ex
588 2347 617 2385 eo
636 2347 750 2394 numere,
770 2347 802 2384 ne
822 2332 864 2384 cui
882 2330 968 2385 fraudi
987 2333 1049 2396 sint,
1069 2335 1134 2386 tria:
1156 2337 1178 2386 l.
1198 2349 1301 2388 carmen

179 2438 296 2488 aureum,
317 2421 620 2486 Mu11a011193,408,
640 2419 672 2474 cf.
692 2426 734 2473 BP
754 2420 789 2473 49
801 2419 825 2474 h.
863 2421 887 2473 2.
909 2417 993 2474 Ocelli
1007 2419 1109 2475 Lucani
1128 2421 1224 2476 librum
1239 2425 1302 2488 περὶ

179 2514 227 2572 τῆς
252 2513 300 2561 τοῦ
326 2505 428 2568 παντός
455 2507 582 2578 φύσεως,
612 2512 698 2563 ortum
726 2525 793 2563 saec.
814 2525 837 2562 a.
858 2509 919 2564 Chr.
940 2510 1037 2577 prime,
1067 2509 1186 2565 Mulloch
1206 2509 1219 2563 Ι
1239 2513 1300 2566 383.

180 2600 290 2668 Dorogr.
312 2600 371 2654 187.
409 2601 433 2653 3.
453 2599 555 2653 Timaei
573 2599 650 2653 Locri
668 2600 731 2666 περὶ
750 2600 839 2664 ψυχῆς
862 2595 971 2666 κόσμια,
996 2598 1115 2652 hlullach
1133 2599 1162 2651 ΙΙ
1181 2601 1229 2664 38;
1256 2599 1301 2669 qui

179 2687 245 2740 liber
270 2704 286 2740 a
305 2687 465 2740 Nicomacho
485 2689 585 2754 (Herm.
606 2687 620 2739 Ι
639 2689 684 2754 24)
703 2688 787 2754 primo
806 2692 972 2740 memoratur.

320 3259 475 3334 Doctrina
503 3259 793 3356 Pythagoreorum,
823 3259 972 3355 inprimis
1001 3257 1150 3334 Philolai.

125 3582 162 3622 ,52
250 3543 382 3608 Philolai
405 3543 442 3605 fl'.
469 3543 526 3617 lb,
551 3543 605 3605 3³¹².
639 3541 756 3604 SIOM
779 3547 853 3605 454.
896 3527 1087 3642 Dindymos&
1111 3539 1197 3606 ἐόντα
1221 3540 1299 3624 εἶμεν
1337 3557 1424 3598 finitum

1323 3610 1438 3652 infinitum

181 3649 279 3714 πάντα
298 3647 316 3733 ἢ
336 3653 514 3733 περαίνοντα
532 3647 549 3733 ἢ
562 3641 692 3733 α’ίπειρωι
712 3645 730 3732 ἢ
750 3644 927 3732 περαίνοντα
946 3651 1041 3710 τεκαὶ
1060 3643 1175 3734 ἄπειρα,
1193 3645 1300 3733 ἄπειρα

181 3761 216 3823 δὲ
237 3753 332 3838 μόνον
355 3755 391 3822 οίί
415 3785 451 3820 κα
475 3757 517 3839 εἴη
532 3753 554 3819 ¹³.
587 3755 645 3820 ἐπεὶ
671 3759 773 3820 τοίνυν
797 3758 933 3842 φαίνεται
958 3749 1023 3817 οὔτ’
1046 3756 1076 3818 ίκ
1099 3753 1301 3838 περαινόντων

181 3858 403 3930 advocavimus
427 3856 494 3927 οὔτ’
513 3862 544 3937 ἐξ
559 3859 690 3948 ἀπείρων
706 3859 837 3940 πάντων,
863 3855 954 3945 δῆλον
978 3851 1054 3943 τᾶρα
1078 3853 1126 3929 ὅτι,
1146 3864 1177 3924 ἐκ
1199 3886 1301 3944 περαι-

181 3968 297 4035 νόντων
313 3998 343 4036 τε
359 3975 408 4035 καὶ
425 3967 554 4053 ἀπείρων
578 3966 594 4032 ὅ
615 3995 646 4033 τε
670 3965 785 4050 κόσμος
807 3973 855 4032 καὶ
879 3966 926 4031 cci
940 3971 971 4033 ἓν
987 3963 1071 4054 αὐτῷ
1087 3961 1299 4048 συναρμόχθη.

181 4079 272 4160 δηλοῖ
291 4079 324 4140 δὲ
339 4083 387 4142 καὶ
404 4076 440 4141 τὰ
458 4075 488 4139 ἓν
504 4086 567 4152 τοῖς
582 4075 686 4161 ἔργοις.
713 4074 823 4157 τὰμὲν
839 4073 896 4158 γὰρ
919 4065 1020 4139 αὐτῶν
1044 4078 1075 4138 ἐκ
1098 4067 1302 4156 περαινόντων

252 4339 278 4409 *)
297 4341 370 4395 Prior
388 4357 510 4394 numerus
529 4356 578 4396 sec.
598 4341 744 4409 Chaignet,
766 4340 833 4393 alter
851 4355 900 4392 seo.
921 4337 1049 4392 Mullach.
1076 4371 1111 4380 -
1135 4333 1168 4386 In
1192 4333 1304 4390 Stobaeo

235 4447 292 4488 nist.
308 4447 367 4489 rhu.
390 4447 429 4487 nc.
445 4446 490 4488 vn.
1073 4426 1090 4476 4
