3150 4996
329 331 365 391 72
803 334 973 405 Pythagorei.

330 492 367 577 δη
391 492 498 561 ἑαυτὸν
521 500 553 561 ἐκ
576 493 689 579 ταύτης
710 492 789 560 λάειν
813 493 869 561 οὐδ
876 491 884 516 ’
911 490 1153 579 ἀποδιδράσκειν,
1177 499 1272 582 μίγας
1286 497 1320 560 τί
1331 500 1378 570 τίς
1393 524 1447 580 μοι
1552 501 1554 560 i

330 607 466 690 φαίνεται
501 607 548 668 λαὶ
584 599 619 668 οὗ
651 597 756 692 ῥᾴδιος
786 605 911 668 διιδεῖν·
938 598 973 668 οὗ
1001 604 1104 685 μέντοι
1136 599 1212 668 ἀλλὰ
1241 601 1311 669 τάδε
1339 605 1374 690 γέ
1393 630 1447 686 μοι
1552 623 1554 690 j

329 715 415 776 δοκεῖ
432 702 464 773 εὖ
479 714 633 795 λέγεσθαι,
657 705 693 773 τὸ
709 703 804 786 θεοδς
827 707 900 775 εἶναι
922 703 1010 796 ἡμῶν
1033 708 1108 783 τούς
1131 711 1383 794 ἐπιμελουμένους
1399 715 1446 775 καλ

327 808 407 899 άμᾶς
428 811 501 891 τούς
523 810 707 901 ἀνθρώπους
727 815 760 882 (ἓν
783 815 845 881 τῶν
867 814 1030 900 κτημάτων
1053 828 1116 894 τοῖς
1139 823 1225 890 θεοῖς
1247 815 1319 882 είναι
1332 816 1355 881 θ.

179 937 244 994 σῶμα
258 935 316 993 σῆμα
399 953 428 996 a.
454 939 526 994 Plau.
546 938 769 1006 Oraty1.40013:
794 939 839 989 καὶ
857 937 911 1006 γάρ
931 936 1007 1007 σῆμά
1028 937 1100 997 τινές
1119 956 1205 1006 φασιν
1224 935 1292 990 aizo
1311 925 1383 990 εἶναι
1401 937 1447 1003 τῆς

326 1031 416 1095 ψυχῆς
443 1057 477 1066 -
502 1025 611 1078 δοκοῦσι
628 1027 723 1096 μέντοι
741 1045 788 1096 μοι
806 1025 926 1097 μάλιστα
946 1027 1048 1079 θέσθαι
1067 1029 1092 1077 οἱ
1111 1025 1186 1096 οἶμῳί
1203 1021 1300 1096 Ὀρφέα
1319 1031 1397 1079 τοῦτο
1415 1025 1447 1079 ro*
1552 1021 1554 1032 ¹

327 1113 414 1187 ὄνομα
433 1146 467 1156 -
487 1120 584 1168 τοῦτον
603 1114 636 1168 δὲ
654 1115 796 1184 περίβολον
815 1112 898 1184 ἔχειν,
926 1118 972 1168 ἵνα
991 1115 1114 1180 σώζηται,
1134 1115 1323 1188 δεσμωτηρίου
1342 1115 1447 1172 εἰκόνα.

327 1205 368 1260 ef.
388 1205 489 1260 Lobeek
507 1205 636 1274 Aglaoph.
657 1205 716 1259 795.

398 1313 428 1368 b.
456 1312 536 1366 Plato
555 1311 633 1380 Gorg.
653 1310 747 1366 493Α,
776 1311 843 1379 ὅπερ
868 1309 919 1375 ἤδη
943 1328 990 1362 του
1018 1307 1107 1380 ἔγωγε
1133 1313 1178 1362 καὶ
1204 1308 1304 1375 ἤκουσα
1324 1313 1380 1362 τῶν
1399 1328 1447 1362 σο-

328 1405 401 1470 ῳαῑν,
420 1402 456 1460 oia
474 1405 526 1452 υῠυ
545 1399 620 1470 ἡμεῖς
638 1400 777 1470 τέθναμεν
802 1403 847 1452 καί
871 1397 904 1452 τά
922 1404 975 1470 μὲν
994 1398 1071 1469 σῶμά
1096 1399 1171 1452 ἐστιν
1196 1400 1261 1470 ἡμῖν
1287 1403 1374 1470 σῆμα,
1399 1403 1448 1464 τῆς

328 1489 361 1544 δὲ
378 1495 466 1558 ψυχῆς
485 1493 564 1541 τοῦτο
583 1487 612 1542 ἐν
630 1478 653 1561 ᾧ
672 1486 816 1557 ἐπιθυμίαι
836 1490 888 1540 εἰσὶ
905 1487 1037 1558 τυγχάνει
1055 1487 1088 1540 οὐ
1107 1481 1164 1540 οἷον
1183 1484 1385 1542 οἶυαπείθεσθαι
1403 1493 1447 1540 καὶ

326 1583 508 1650 μεταπίπτειν
535 1576 592 1629 ἄνω
619 1575 699 1631 κάτω.
726 1580 770 1628 καὶ
796 1581 878 1630 τοῦτο
897 1575 950 1646 άρα
975 1595 1012 1636 τις
1035 1578 1206 1646 μυθολογυίν
1232 1578 1350 1650 κομψάς,
1368 1576 1449 1648 οὐηρ,

326 1670 391 1726 ’ίσως
409 1666 515 1726 Σικελός
535 1685 576 1726 τις
595 1666 610 1731 ἢ
627 1661 749 1725 Ἰταλικάς
768 1667 905 1736 παράγων
919 1672 959 1737 τῳ
973 1661 1089 1736 ὀνόματι
1103 1665 1151 1718 διά
1163 1666 1193 1718 τά
1212 1666 1335 1720 πιθανόν
1353 1683 1383 1718 τε
1401 1669 1448 1719 καὶ

327 1756 464 1808 πειστικδν
483 1754 613 1826 ω’νόμασε
631 1759 724 1818 πίθου,
743 1755 808 1814 τοάς
827 1752 859 1806 δ’
876 1751 1007 1818 α’νοήτους
1025 1753 1171 1825 α’μυάτους,
1189 1760 1246 1808 τῶν
1265 1753 1298 1806 δ’
1315 1752 1448 1826 οἶμυῆτων

327 1848 407 1898 τοῦτο
425 1849 472 1908 τῆς
491 1849 595 1912 ψυχῆς,
622 1829 654 1896 οδ
673 1845 701 1894 αἱ
720 1841 864 1914 ἐπιθυμίαι
887 1847 964 1908 είσίν,
991 1843 1023 1896 τά
1051 1841 1203 1896 α’κάλαστον
1230 1842 1315 1897 αιίτοῦ
1339 1849 1384 1896 καὶ
1413 1841 1450 1896 ου’

328 1933 472 2003 στεγανόν,
491 1928 527 1992 ιδς
546 1934 707 2003 τετρημένος
726 1934 765 1996 εἴη
784 1938 866 1992 πίθος
887 1965 919 1972 -
943 1935 989 1985 καὶ
1016 1939 1130 2002 φοροῖεν
1155 1937 1194 1992 εἰς
1217 1933 1264 1986 τόυ
1283 1935 1449 2004 τετρημένον

327 2027 413 2076 πίθον
432 2019 507 2092 ὕδωρ
526 2021 610 2093 ἑτέρῳ
627 2021 739 2093 τοιούτῳ
758 2021 910 2094 τετρημένῳ
929 2026 1045 2093 κοσκίνῳ
1064 2026 1113 2078 eet.

399 2145 424 2188 e.
451 2130 522 2185 Plat.
542 2130 615 2184 Crat.
634 2131 688 2185 400
697 2130 727 2183 Β.
755 2128 944 2199 δεσμωτηρίου
963 2128 1067 2183 εἰκόνα.
1105 2129 1178 2184 Idem
1203 2129 1278 2184 dooet
1301 2129 1450 2184 EuxItheua

328 2221 435 2291 quidam
463 2220 645 2289 Pythagoreus
673 2235 714 2288 ap.
741 2218 836 2273 Athen.
855 2219 895 2272 IV
915 2220 1011 2284 1570,
1040 2219 1098 2273 (iio.
1123 2219 1229 2272 Tuseui.
1249 2218 1263 2272 I
1283 2219 1331 2282 74,
1359 2218 1449 2273 Somn.

329 2309 396 2378 Seip.
417 2310 442 2363 3.
479 2309 568 2362 Minus
587 2311 708 2362 accurate
727 2309 781 2362 Cio.
802 2307 870 2362 Cato
889 2309 932 2362 20.
963 2313 1040 2362 uetat
1064 2309 1239 2378 Pythagoraa
1261 2309 1374 2362 ι’νιίαεοα
1398 2308 1450 2362 αὐτ·

323 2399 534 2467 paratorium.
554 2397 598 2451 dei
617 2397 813 2466 depraeaidio
831 2398 995 2452 συστολίσαι
1014 2397 1089 2450 uitae
1108 2397 1244 2450 decedere.
1282 2396 1450 2465 Quamquam

329 2488 382 2542 alio
400 2487 457 2542 loeo
475 2488 540 2540 talia
558 2489 599 2539 eat
617 2487 689 2540 vocis
708 2479 816 2554 φρουρά
834 2502 898 2540 usus
917 2485 987 2554 apud
1006 2485 1165 2551 Philolaum,
1185 2503 1208 2538 v.
1228 2491 1271 2540 R?
1291 2487 1325 2542 58
1332 2481 1357 2540 o.

399 2593 428 2648 u.
456 2593 560 2647 Boeekh
578 2593 676 2646 Philol.
695 2609 720 2660 p.
732 2593 792 2646 179.
820 2591 862 2646 cf.
882 2609 913 2646 ea
931 2608 998 2660 quae
1016 2597 1059 2645 BP
1074 2593 1108 2646 58
1123 2592 1154 2645 de
1172 2591 1218 2656 deo
1237 2609 1322 2646 rerum
1342 2591 1450 2646 custode

329 2681 446 2736 exhibita
464 2684 535 2734 sunt.
572 2681 702 2750 Egregiae
721 2681 867 2749 sapientiae
886 2685 961 2745 sunt,
987 2681 1030 2735 aad
1050 2681 1145 2734 dubiae
1164 2681 1237 2746 fidei,
1263 2698 1329 2750 quae
1348 2682 1451 2750 scripta

328 2770 445 2826 videmus
463 2771 491 2822 in
510 2769 582 2823 Siob.
601 2769 657 2823 Eoi.
676 2769 706 2822 ΙΙ
725 2769 760 2824 64
777 2768 853 2828 τέλος
872 2770 1001 2839 ὁμοίωσιν
1019 2773 1083 2841 θεῷ,
1102 2771 1165 2824 ibid.
1185 2771 1212 2824 II
1232 2771 1273 2824 66.
1298 2767 1365 2820 ἕπου
1383 2773 1450 2842 θεῷ.

170 3000 245 3052 pm
262 2999 330 3040 animi
397 2967 481 3030 Plau.
505 2965 549 3029 IV
575 2975 604 3029 1.
628 2963 801 3032 Dox.'389.
832 2964 1025 3052 Πυθαγόρας
1051 2961 1181 3032 Πλάτων
1210 2964 1287 3030 κατὰ
1315 2969 1372 3048 μὲν
1395 2959 1450 3030 τὸν
1468 2982 1495 3024 '15

331 3067 477 3137 ἀνωτάτω
501 3068 589 3155 λόγον
614 3071 717 3157 διμερῆ
739 3067 795 3156 τίμ
817 3069 930 3157 ψυχήν,
955 3069 991 3138 τὸ
1014 3074 1070 3156 μὲν
1093 3069 1151 3156 γάρ
1168 3072 1244 3154 ἔχειν
1260 3067 1388 3157 λογικόν,
1413 3069 1449 3137 τὸ
1553 3077 1554 3088 ³

332 3181 365 3244 δὲ
389 3175 518 3262 άλογον·
542 3176 619 3242 κατὰ
647 3179 680 3241 δὲ
710 3176 744 3242 τὸ
775 3183 918 3264 προσεχὲς
949 3183 995 3243 καὶ
1028 3175 1146 3262 ἀκριβὲς
1169 3180 1311 3263 τριμερῆ·
1335 3175 1452 3264 τὸγὰρ

330 3282 441 3369 ἄλογον
464 3288 629 3370 διαιροῦσιν
654 3287 695 3358 είς
717 3311 749 3350 τε
773 3280 808 3348 τὸ
831 3281 967 3368 θυμικὸν
990 3290 1037 3350 καὶ
1059 3281 1094 3351 τὸ
1118 3279 1340 3370 ἐπιθυμητικόν
1354 3293 1376 3349 ³.

403 3422 431 3462 a.
460 3408 580 3462 Platonis
599 3411 640 3460 est
658 3410 685 3460 et
703 3407 797 3461 diuisio
815 3413 842 3462 et
859 3409 973 3462 locutio:
998 3411 1042 3474 ut,
1068 3425 1134 3477 quae
1152 3409 1320 3477 Pythagorea
1339 3409 1407 3473 sint,
1427 3408 1453 3461 si

331 3496 406 3550 modo
425 3497 468 3550 ilIi
486 3497 537 3552 hac
555 3497 586 3550 de
604 3513 631 3550 re
651 3497 849 3565 quaesiuerunt‚
869 3514 920 3550 non
939 3514 1075 3565 agnoscas.
1113 3497 1154 3551 ef.
1175 3499 1229 3552 Cic.
1254 3497 1329 3550 Tuae.
1349 3497 1452 3552 lvio.

331 3583 451 3638 Posiden.
471 3601 512 3653 ap.
533 3584 624 3639 Galen.
643 3585 674 3638 de
692 3585 771 3654 Hipp.
786 3587 812 3638 et
826 3585 896 3639 Plat.
912 3586 950 3640 IV
961 3587 985 3650 6,
1006 3604 1031 3654 p.
1047 3587 1113 3656 425;
1135 3588 1154 3640 V
1176 3588 1200 3649 6,
1220 3604 1245 3654 p.
1265 3587 1318 3640 478
1337 3587 1370 3640 Κ.
1396 3586 1453 3641 Νεσ

331 3673 454 3726 maiorem
482 3673 560 3726 fidem
587 3672 653 3727 facit
681 3673 753 3726 Alex.
773 3673 864 3742 Polyh.
885 3691 926 3742 ap.
945 3675 1021 3742 Diog.
1041 3674 1110 3728 VIII
1132 3676 1175 3729 30.
1208 3676 1255 3738 την
1279 3674 1311 3726 δὲ
1339 3671 1453 3740 αὐθριιί-

331 3779 384 3814 που
403 3759 498 3830 ψυχηυ
517 3761 685 3831 διαιρεῖσθαι
703 3767 794 3830 τριχῇ,
812 3765 850 3820 είς
868 3779 895 3812 τε
915 3766 983 3814 νοῦν
1003 3765 1048 3814 καὶ
1067 3763 1170 3831 φρένας
1189 3767 1233 3816 καὶ
1258 3763 1358 3832 θυμόν,
1385 3766 1453 3816 νοῦν

331 3850 384 3921 μὲν
404 3839 453 3902 οὖν
471 3852 515 3901 καὶ
534 3849 627 3919 θυμὸυ
647 3837 782 3902 εἶναικαὶ
801 3847 831 3900 ἐν
849 3857 905 3909 τοῖς
924 3847 1015 3909 άλλοις
1034 3849 1122 3922 ζῳοις,
1141 3853 1244 3920 φρένας
1264 3852 1294 3904 δὲ
1313 3847 1402 3922 μόνον
1421 3851 1453 3905 ἐν

331 3933 482 4010 α’νθριάπῳ,
500 3939 533 3994 of.
552 3945 596 3993 ΒΡ
616 3941 657 3994 70.

184 4132 325 4237 rostoisshfflio·
395 4118 490 4183 Arist.
515 4117 592 4182 Mei.
615 4119 631 4182 I
653 4125 682 4183 5.
700 4127 790 4184 987³
815 4126 866 4183 20.
913 4123 987 4204 Περὶ
1010 4120 1068 4184 τοῦ
1090 4124 1119 4184 τί
1142 4122 1220 4184 ἔστιν
1243 4111 1371 4212 ἤρξαντο
1394 4120 1454 4202 μὲν
1472 4157 1500 4198 ης

335 4225 491 4308 λέγεινκαὶ
507 4219 663 4311 ὁρίζεσθαι
680 4225 720 4308 (οἳ
735 4225 837 4308 Πυθ.)
854 4228 921 4291 λίαν
945 4223 974 4288 δ’
995 4219 1123 4303 unicos*
1145 4221 1453 4312 ἐπραγματεύθησαν.

332 4322 475 4415 ὡρίζοντό
504 4357 535 4396 τε
557 4323 614 4418 γάρ
637 4334 831 4412 ἐπιπολαίως,
862 4337 910 4397 καὶ
934 4321 959 4420 ᾧ
981 4328 1093 4422 πρώτῳ
1116 4326 1270 4420 ὑπάρξειεν
1294 4327 1309 4399 ὃ
1332 4339 1454 4416 λεχθεὶς

333 4430 439 4522 ὅροςί),
469 4433 551 4502 τοῦτ’
577 4435 649 4502 εἶναι
681 4437 736 4522 τὴν
767 4433 872 4504 οὐσίαν
895 4441 950 4503 τοῦ
972 4437 1150 4525 πράγματος
1174 4437 1320 4523 ἐνόμιζον,
1350 4440 1454 4530 ὥσπερ
