3146 4982
295 365 350 426 426
751 368 831 422 Stoioi
849 370 956 439 priores,

296 529 448 584 ποαοιιίίαε
465 531 554 584 ualere
572 533 690 598 αύνσηυι
709 545 754 584 re:
782 529 882 584 ἀουιάι
900 528 1044 598 disputet,
1068 527 1142 596 ηειοιί
1161 528 1293 596 σαίνουσι
1310 526 1421 594 ueneris

296 619 483 674 animantium
500 618 588 672 stetui
603 617 697 672 ἀιεεαί
711 623 867 672 αείειιαιιιιι.
888 634 949 672 ενοι
966 623 1060 672 aetem
1077 617 1212 671 hominem
1230 617 1262 670 ι’νι
1280 631 1310 669 ιο
1322 630 1421 684 ρατιονε

292 707 439 775 posuisset,
458 711 491 760 et
509 708 534 762 ei
553 707 686 762 tribueret
704 707 793 761 enimi
812 707 1006 773 excellentiam,
1030 722 1165 761 summum
1185 706 1285 760 bonum
1303 703 1336 756 ιἰί
1354 720 1421 758 oon·

296 795 397 862 stituit,
415 811 473 848 non
491 800 525 848 ut
542 795 669 848 excellere
688 796 808 863 animos,
826 793 874 848 eod
892 801 924 848 ιιί
942 795 1016 848 nihil
1033 810 1088 849 esse
1102 800 1216 864 praeter
1234 793 1361 846 animum
1378 792 1420 846 σι’·

297 884 417 938 deretur.

368 989 397 1044 d.
423 989 545 1058 Rigidius
568 989 636 1043 illud
660 991 801 1060 placitum,
830 1007 880 1060 quo
905 989 1038 1058 negabant
1062 990 1146 1043 ullum
1170 1005 1227 1043 esse
1251 990 1348 1042 bonum
1367 988 1421 1041 nisi

295 1078 445 1145 honestum,
463 1079 582 1132 mollitur
600 1095 630 1133 eo
649 1079 719 1149 quod
737 1080 818 1132 etiam
835 1082 947 1132 externe
964 1080 1045 1145 bone,
1065 1078 1204 1132 dummodo
1223 1077 1368 1148 prudenter
1384 1077 1421 1130 iis

297 1169 438 1234 uteremur,
458 1169 546 1240 aliqua
563 1169 756 1222 existimatione
774 1168 855 1236 digus
872 1185 930 1224 esse
950 1168 1085 1232 ἀίσσουσα
1105 1183 1163 1220 esse
1181 1183 1212 1222 ee
1235 1167 1421 1239 ἀδιάφορα

297 1257 411 1326 quidem,
430 1257 477 1312 sed
496 1263 666 1332 προηγμένα.
704 1256 742 1312 cf.
761 1256 814 1312 Cic.
833 1257 865 1310 de
883 1256 940 1311 Fin.
959 1257 1067 1323 111203
1086 1255 1160 1310 seon
1179 1254 1234 1310 Eol.
1253 1255 1280 1308 11
1299 1255 1352 1308 144
1378 1256 1421 1308 ἔτι

298 1346 330 1400 ἀλ
349 1357 403 1399 τῶν
421 1347 586 1422 ἀύιαφόρων
610 1349 645 1400 τά
663 1348 716 1419 μὲν
736 1351 820 1402 πλείω
845 1349 928 1409 ἀξίαν
946 1348 1033 1417 ἔχειν,
1061 1348 1096 1398 τὰ
1115 1342 1146 1399 δ’
1168 1347 1282 1400 ἐλάττω·
1310 1375 1344 1382 -
1372 1349 1421 1398 καὶ

298 1436 332 1490 τά
359 1435 413 1508 μὲν
440 1439 661 1507 προηγμένα,
695 1437 729 1488 τά
763 1435 794 1489 δὲ
828 1437 1123 1508 ἀποπροηγμένα,
1157 1435 1191 1487 τά
1217 1429 1247 1487 δ’
1272 1434 1422 1508 οὐδετέρως

298 1523 406 1594 ἔχοντα.
435 1551 468 1561 -
498 1521 550 1576 156
577 1523 659 1578 ούόὲν
682 1523 714 1577 δὲ
740 1533 793 1576 τῶν
818 1525 935 1592 ἀγαθῶν
960 1523 1030 1577 εἶναι
1049 1527 1227 1595 προηγμένον
1251 1523 1300 1575 διὰ
1320 1525 1352 1575 τὸ
1371 1523 1422 1587 τὴν

296 1616 433 1682 μεγίστην
451 1613 533 1672 ἀξίαν
552 1614 623 1664 αὐτὰ
642 1613 721 1682 ἔχειν.
748 1615 780 1666 τὸ
798 1613 831 1667 oi
850 1618 1027 1684 προηγμένον
1045 1614 1094 1678 τὴν
1112 1612 1244 1686 όευτέραν
1258 1613 1355 1682 χώραν
1372 1616 1420 1664 καὶ

298 1701 380 1760 ἀξίαν
404 1699 470 1770 ἕχον
495 1703 663 1769 συνεγγίζειν
687 1722 745 1762 πως
764 1707 796 1775 τῇ
815 1712 870 1756 τῶν
889 1705 1006 1771 ἀγαθῶν
1025 1704 1116 1772 φύσει.
1143 1729 1176 1740 -
1205 1705 1369 1772 προηγμένα
1387 1701 1421 1754 δὲ

297 1791 428 1857 λέγεσθαι
448 1790 481 1842 ού
499 1793 537 1857 τῷ
555 1792 624 1861 πρὸς
642 1790 828 1862 εὐδαιμονίαν
846 1793 907 1844 τινὰ
922 1793 1135 1863 συμβάλλεσθαι
1150 1796 1293 1863 συνεργεῖν
1307 1808 1335 1844 τε
1352 1792 1422 1860 πρὸς

299 1879 390 1944 αὐτήν,
417 1879 485 1930 ἀλλά
511 1881 549 1946 τῷ
568 1881 721 1948 ἀναγκαῖον
745 1880 815 1934 εἶναι
839 1882 945 1932 τούτων
969 1881 1018 1945 τὴν
1036 1881 1150 1950 ἐκλογὴν
1174 1885 1320 1933 ποιεῖσθαι
1340 1880 1421 1952 παρὰ

298 1967 332 2018 τὰ
356 1967 584 2040 ἀποπροηγμένα.
629 1965 954 2038 cf.1)iog.V11105sq.
998 1965 1062 2020 Tem
1087 1967 1157 2020 varie
1181 1970 1270 2019 eutem
1295 1965 1327 2018 ab
1353 1965 1421 2036 ipsis

296 2054 458 2124 principibus
483 2055 629 2108 Stoicorum
653 2055 882 2110 constituebantur
905 2055 970 2110 fines
996 2056 1110 2124 regionis
1133 2056 1259 2109 bonorum
1286 2059 1315 2108 et
1338 2055 1422 2108 medi·

296 2159 379 2210 orum,
398 2147 431 2196 ut
447 2144 528 2198 etiem
547 2143 709 2214 Chrysippus
729 2147 760 2198 τὸ
779 2151 962 2218 προηγμένον,
983 2144 1122 2198 dummodo
1141 2143 1251 2198 honesto
1270 2143 1421 2196 subiectum

296 2248 353 2286 esse
371 2235 524 2301 peteretur,
548 2233 644 2288 bonum
670 2233 797 2303 appellari
821 2251 897 2303 posse
916 2233 1082 2288 consederet:
1110 2232 1182 2288 Plut.
1203 2232 1235 2286 de
1253 2231 1332 2285 Stoie.
1351 2231 1420 2301 Rep.

296 2321 340 2386 30,
358 2320 377 2374 4
395 2338 421 2392 p.
441 2322 519 2376 1048.

168 2439 270 2492 voluptas
370 2439 397 2480 θ.
422 2427 568 2496 Diog.V11
586 2427 620 2482 85
649 2430 664 2481 ὃ
689 2429 721 2482 δὲ
746 2433 860 2498 λέγουσί
882 2447 964 2492 τινες,
994 2431 1062 2501 πρὸς
1089 2429 1191 2494 ἡδονὴν
1214 2433 1345 2497 γίνεσθαι
1370 2429 1422 2494 τὴν

297 2517 406 2590 πρώτην
429 2518 517 2590 ὁρμὴν
535 2523 593 2576 τοῖς
612 2513 701 2585 ζῴοις,
727 2518 832 2584 ψεῦδος
850 2519 1068 2589 ἀποφαίνουσιν.
1106 2517 1148 2572 86.
1175 2519 1347 2588 ἐπιγέννημα
1374 2516 1419 2581 (of.

296 2607 544 2677 ἔπιγεννηματικόν
561 2604 865 2670 cio.deFin.11132)
890 2609 944 2679 γάρ
963 2622 1060 2677 φασιν,
1080 2610 1105 2659 εί
1124 2610 1177 2676 ἀρα
1196 2608 1286 2670 ἐστίν,
1315 2605 1422 2671 ἡόονὴν

295 2694 373 2757 εἶναι,
399 2695 467 2747 όταν
486 2696 570 2760 αὐτὴν
588 2690 655 2748 καθ’
673 2697 758 2761 αὐτὴν
781 2697 798 2761 ἡ
817 2697 902 2766 φύσις
920 2697 1107 2762 ἐπιζητήσασα
1126 2696 1160 2747 τά
1179 2696 1366 2766 ἐναρμόζοντα
1386 2697 1420 2766 τῇ

297 2783 428 2836 συστάσει
453 2785 580 2854 ἀπολάβη
604 2781 646 2850 (ef.
666 2781 738 2834 Suid.
764 2800 787 2835 v.
808 2784 897 2857 ὁρμή).
940 2783 1010 2836 Sext.
1030 2782 1115 2835 Math.
1134 2781 1173 2834 XI
1194 2784 1226 2836 13
1253 2786 1280 2834 οἱ
1303 2783 1334 2836 ἀὲ
1361 2785 1421 2836 ἀπὸ

296 2880 342 2937 τῆς
361 2877 451 2932 Στοᾶς
479 2871 638 2944 ἀδιάφορον
665 2876 712 2923 καί
741 2873 773 2923 οὐ
802 2877 979 2945 προηγμένον
1006 2872 1088 2937 (εἶναι
1116 2873 1165 2937 την
1191 2871 1309 2938 η’όονὴν).
1349 2873 1420 2924 ἀλλά

296 2961 440 3026 Κλεάνθης
462 2961 516 3031 μὲν
539 2961 609 3031 μήτε
634 2961 705 3012 κατὰ
731 2963 818 3030 φύσιν
842 2962 928 3026 αὐτὴν
952 2961 1023 3014 εἶναι
1045 2963 1114 3032 μήτε
1140 2963 1222 3022 ἀξίαν
1240 2963 1314 3030 ἔχειν
1331 2961 1362 3013 ἐν
1380 2963 1421 3028 τῷ

295 3049 353 3116 βίην,
373 3049 501 3120 καθάπερ
519 3049 551 3102 oi
569 3049 601 3100 τὸ
618 3051 787 3119 κύλλυντρον
805 3051 876 3102 κατὰ
895 3052 982 3120 φύσιν
999 3052 1039 3121 μὴ
1057 3050 1142 3102 εἶναι·
1167 3049 1233 3102 osi
1249 3045 1420 3122 Ἀρχέδημος

295 3137 366 3188 κατὰ
390 3139 477 3207 φύσιν
500 3139 553 3208 μὲν
577 3137 648 3190 εἶναι
673 3140 708 3197 ὡς
734 3140 784 3198 τάς
801 3140 832 3191 ἐν
848 3141 981 3210 μασχιίλη
1000 3143 1109 3210 τρίχας,
1139 3139 1202 3208 ούχλ
1221 3139 1251 3190 ἀὲ
1270 3141 1317 3190 καί
1335 3138 1421 3198 ἀξίαν

296 3223 376 3292 ἔχειν.
412 3223 505 3294 Itsque
525 3225 649 3292 goudium
676 3227 775 3300 (γαρά,
795 3226 871 3294 Diog.
890 3225 941 3278 VH
960 3227 1023 3291 116)
1048 3225 1175 3296 sepientis
1200 3225 1419 3293 distinguebatur

296 3325 312 3364 e
330 3313 474 3368 stultorum
492 3315 628 3383 voluptate
647 3315 765 3381 (ἡδονή),
791 3331 869 3383 quam
894 3315 1068 3368 numerabant
1091 3314 1161 3367 inter
1179 3314 1288 3366 effeetus
1307 3314 1418 3379 (πάθη),

296 3401 326 3453 o'f.
346 3400 398 3455 Cio.
418 3402 450 3455 de
469 3401 526 3456 Fin.
546 3402 587 3456 ΙΠ
605 3402 653 3468 35;
672 3401 749 3470 Diog.
768 3402 820 3456 VII
840 3403 904 3469 1103
924 3401 997 3456 soon.
1016 3402 1071 3456 Eol.
1091 3402 1118 3455 Π
1137 3401 1202 3467 166ς
1220 3407 1264 3454 BP
1282 3403 1344 3456 419.

363 3613 453 3698 Diog.
477 3615 542 3680 VH
567 3623 640 3682 101.
686 3618 786 3681 Δοκεῖ
814 3614 852 3682 δὲ
881 3615 991 3680 πάντα
1021 3618 1064 3680 τὰ
1093 3614 1208 3700 ἀγαθὰ
1230 3611 1288 3679 ἴσα
1312 3605 1468 3678 τίνουσιν

295 3716 353 3784 καί
384 3731 454 3784 πᾶν
482 3719 611 3806 ἀγαθὸν
642 3709 701 3787 ἐπ’
721 3721 821 3809 ἀκρον
850 3714 935 3787 εἶναι
965 3717 1095 3808 αἱρετὸν
1122 3719 1178 3786 καὶ
1208 3711 1289 3808 μήτ’
1309 3718 1419 3785 ἀνεσιν

295 3813 375 3914 μήτ’
405 3823 560 3892 ἐπίτασιν
602 3825 825 3910 ἐπιδέχεσθαι.
880 3841 944 3893 τῶν
968 3817 1002 3893 δ’
1033 3825 1132 3894 όντων
1165 3825 1248 3916 φασί
1283 3828 1325 3891 τὰ
1360 3824 1421 3910 μὲν

296 3931 411 4018 ἀγαθοὶ
428 3925 527 4026 εἶναι,
551 3935 593 3998 τά
617 3932 654 3998 oe*
676 3933 772 4014 κακά,
796 3935 837 3998 τὰ
861 3922 894 4000 δ’
914 3932 1074 4021 οὐδέτερα.
1123 3942 1196 4000 102.
1221 3931 1336 4017 ἀγαθοὶ
1360 3930 1420 4015 μὲν

295 4035 350 4104 oie
372 4037 432 4118 τάς
454 4027 490 4104 τ’
508 4039 641 4126 ἀρετάς,
669 4039 825 4128 φρόνησιν
847 4041 1053 4128 δικαιοσύνην
1075 4036 1224 4126 ἀνδρείαν
1246 4038 1419 4126 σωφροσύ-

211 4176 269 4215 mna
296 4169 351 4233 νην
374 4144 432 4211 καί
455 4147 498 4210 τά
520 4145 643 4211 λοιπά·
677 4148 765 4211 κακὰ
789 4145 889 4211 δὲτὰ
913 4144 1051 4226 ἐναντία,
1081 4144 1263 4234 ἀφροσύνην
1286 4141 1419 4210 ἀδικίαν

195 4271 270 4313 moena
298 4249 354 4315 καί
377 4254 419 4317 τὰ
443 4251 562 4318 λοιπά·
597 4249 748 4339 οὐδέτερα
772 4249 808 4316 oe*
831 4252 892 4317 ὅσα
923 4241 1001 4340 μήτ’
1020 4252 1140 4339 ὠφελεῖ
1160 4252 1241 4338 μήτε
1264 4249 1417 4333 βλάπτει,

296 4347 364 4422 οἷον
393 4357 458 4446 ζωὴ
490 4356 594 4443 ὑγίεια
624 4358 719 4446 ἡδονὴ
749 4357 869 4436 κάλλος
892 4353 980 4438 ἰσχὺς
1011 4358 1153 4435 πλοῦτος
1175 4353 1304 4435 εὐδοξία
1329 4353 1416 4441 εὐγέ-

296 4485 365 4527 νεια
394 4461 452 4527 καὶ
479 4465 521 4528 τὰ
550 4464 677 4541 τούτοις
707 4461 853 4544 ἐναντία,
887 4463 1034 4541 θάνατος
1063 4463 1156 4541 νόσος
1179 4463 1280 4540 πόνος
1304 4454 1415 4543 αἶσχος
