3146 4982
284 292 338 352 428
742 291 824 346 Stoici
842 292 949 364 priores.

286 455 424 532 ταύταις
448 452 505 520 οὐκ
528 449 578 518 ἔτι
602 450 715 534 τέχνας
737 450 844 540 ούσας,
873 451 957 516 ἀλλὰ
981 450 1131 534 δυνάμεις
1153 451 1244 529 τινὰς
1267 449 1326 516 ἐπὶ
1353 463 1414 538 τῆς

287 560 452 649 ἀσκήσεως
467 557 743 647 περιμιγνομένας,
767 547 838 624 οἷον
853 559 910 646 τήν
925 555 1050 643 ὑγίειαν
1070 570 1127 646 της
1150 570 1257 646 ψυχῆς
1279 555 1337 622 καὶ
1352 559 1414 644 τήν

286 667 463 755 ἀρτιότητα
494 663 552 732 καί
581 667 638 754 τήν
667 661 755 747 ίσχύν
786 663 884 753 αὐτῆς
907 662 1025 730 καὶτὸ
1048 664 1197 742 adtinet
1229 701 1273 712 -
1296 662 1412 742 παίσας

286 772 322 839 δὲ
351 775 411 851 τὰς
440 772 573 860 ἀρετάς,
609 772 686 838 ὅσαι
716 767 900 859 ἑπιστημαί
931 767 995 836 εἶσι
1017 770 1076 836 καὶ
1098 769 1223 852 τέχναι,
1258 770 1351 836 κοινά
1374 794 1414 836 τε

281 880 488 968 ’θεωρήματα
511 874 594 960 ἓήιειν
615 875 673 944 καί
697 875 789 954 τέλος
812 915 854 925 -
878 878 917 943 τὸ
941 876 1030 958 αύτό,
1054 877 1106 943 διὸ
1129 875 1187 942 καί
1210 874 1413 964 ἀχωρίστους

284 980 382 1053 εἶναι·
417 987 473 1053 τὸν
495 987 556 1072 γὰρ
579 981 660 1068 μίαν
683 980 796 1065 ἔχοντα
821 983 934 1062 πόσας
957 979 1038 1065 ἔχειν
1060 983 1118 1050 καὶ
1140 985 1197 1050 τὸν
1219 985 1307 1049 κατὰ
1328 980 1414 1066 μίαν

284 1093 475 1181 πράττοντα
498 1093 585 1157 κατά
608 1089 721 1168 πόσας
744 1090 910 1179 πράττειν.
936 1129 978 1139 -
1002 1091 1116 1169 πόσας
1139 1091 1199 1178 μάρ
1217 1092 1278 1168 τάς
1294 1089 1414 1178 ἀρετάς

284 1201 326 1265 τὰ
349 1211 467 1264 πασῶν
489 1195 624 1283 βλέπειν
646 1195 702 1262 καί
725 1198 768 1262 τὰ
791 1195 1039 1282 ὑποτεταγμένα
1062 1196 1247 1286 ἀλλήλαιςθ.

357 1337 385 1378 υ.
411 1322 493 1376 Stoici
511 1322 638 1375 virtutem
657 1337 709 1375 non
724 1322 781 1384 ἕξιν
798 1337 864 1387 esse,
883 1321 1101 1391 quemadmodum
1120 1321 1412 1386 docebatAristoteloe,

286 1411 333 1466 sed
352 1412 484 1466 διάθεσιν
502 1410 671 1476 statuebant,
700 1427 722 1462 v.
741 1409 817 1480 Diog.
836 1410 887 1462 VH
905 1411 947 1464 89.
967 1411 1014 1476 98;
1040 1410 1113 1464 Stob.
1133 1409 1187 1466 Eel.
1211 1411 1238 1464 Π
1257 1411 1300 1466 98.
1338 1408 1414 1475 Quae

287 1517 339 1570 qna
367 1499 558 1568 significatione
586 1497 690 1552 dicatur
717 1497 927 1554 luculentissimo
955 1499 1072 1553 cernitur
1099 1516 1131 1554 ex
1153 1499 1244 1570 Simpl.
1272 1500 1301 1552 in
1325 1499 1412 1553 Arist.

286 1588 343 1644 Cat.
363 1588 406 1642 fol.
426 1589 460 1642 61
481 1596 507 1642 Β
525 1586 622 1654 (Schol.
642 1585 726 1641 Asist.
746 1605 770 1658 p.
792 1587 859 1652 tob)
888 1592 934 1642 καὶ
953 1591 1008 1660 γὰρ
1027 1591 1076 1650 τάς
1093 1589 1146 1661 μὲν
1172 1587 1260 1650 ἕξεις
1277 1589 1412 1643 ἐπιτείνε-

287 1683 358 1732 σθαί
383 1695 454 1748 φασι
473 1677 617 1732 δύνασθτιι
641 1681 688 1730 καὶ
708 1678 853 1741 ἀνίεσθαι,
882 1679 931 1738 τάς
958 1677 989 1732 δὲ
1015 1678 1202 1738 διαθέσεις
1228 1679 1415 1736 ἀνεπιτνίτους

286 1767 356 1820 εἶναι
374 1770 421 1820 καὶ
436 1767 598 1826 ἀνανέτους·
618 1765 665 1818 διὸ
682 1769 729 1820 καὶ
744 1767 794 1832 τήν
808 1767 944 1832 εὐθύτητα
964 1775 1010 1834 της
1029 1766 1142 1840 ῥάβδου,
1161 1769 1215 1820 κάν
1228 1767 1414 1838 εὐμετάβολος

287 1848 313 1932 ᾗ,
334 1855 476 1926 δυναμένη
494 1857 684 1926 κάμπτεσθαι,
704 1854 835 1910 διάθεσιν
853 1855 926 1910 εἶναί
944 1869 1029 1926 φασι·
1058 1857 1098 1927 μή
1116 1855 1171 1928 γὰρ
1189 1858 1224 1906 ἀν
1242 1856 1376 1921 ἀνεθῆναι
1396 1858 1414 1919 ἢ

286 1945 455 2010 ἐπιταθῆναι
474 1945 522 2010 τήν
541 1944 686 2010 εὐθύτητα,
714 1943 786 2016 μηδὲ
806 1945 879 2014 ἔχειν
898 1946 930 1996 τὸ
946 1947 1055 2016 μᾶλλον
1074 1948 1089 2010 ἢ
1108 1939 1197 2011 ἧττον,
1223 1943 1322 2015 διόπερ
1340 1943 1413 1996 εἶναι

286 2032 423 2086 διάθεσιν.
460 2030 498 2085 ef.
523 2030 556 2084 ib.
581 2029 625 2084 fol.
646 2031 680 2084 72
700 2036 726 2084 A
751 2029 847 2097 (Schol.
867 2029 951 2086 Arist.
977 2049 1002 2101 p.
1029 2032 1102 2103 aaa).
1140 2029 1196 2096 Quo
1221 2047 1300 2084 sensu
1324 2031 1415 2084 virtus

286 2119 390 2174 dicotur
408 2120 537 2180 διάθεσις
561 2137 584 2172 v.
604 2124 647 2172 BP
666 2120 727 2172 417.

357 2225 387 2282 1).
406 2225 561 2280 Interiorum
579 2224 709 2278 virtutum
729 2241 864 2278 recensum
883 2224 964 2278 habes
983 2242 1024 2294 ap.
1044 2224 1118 2280 Stob.
1132 2225 1187 2280 Ecl.
1202 2226 1236 2293 H,
1255 2243 1280 2296 p.
1296 2227 1348 2280 106
1356 2243 1414 2296 sq.;

286 2315 365 2383 Diog.
384 2314 436 2368 VH
454 2314 547 2382 92sq.,
567 2313 628 2368 126.

359 2433 386 2474 e.
415 2418 453 2474 Cf.
479 2419 556 2488 Diog.
582 2419 633 2472 VII
651 2419 699 2484 923
728 2418 801 2473 Stob.
825 2419 880 2473 Eel.
905 2419 1053 2490 H102sq.
1083 2424 1258 2493 φρόνησιν
1285 2420 1315 2476 δ’
1339 2424 1414 2478 εἶναι

287 2511 443 2582 ἓπιστήμην
471 2504 509 2562 ὧν
536 2513 667 2575 ποιητέον
693 2512 740 2562 καὶ
769 2511 802 2562 οὐ
829 2513 959 2576 ποιητέον
982 2515 1029 2564 καί
1054 2511 1203 2585 οὐδετέρων
1221 2516 1237 2577 ἢ
1255 2514 1414 2586 ἐπιστήμην

288 2601 469 2668 ἀγαθῶνκαὶ
487 2607 578 2652 κακῶν
596 2601 643 2650 καὶ
662 2596 818 2669 οὐδετέρων,
848 2625 882 2636 -
911 2601 1144 2671 σωφροσύνην
1161 2597 1191 2653 δ’
1209 2601 1279 2654 εἶναι
1298 2604 1414 2669 ἐπιστή-

288 2708 343 2754 αην
362 2690 476 2760 αἱρετῶν
493 2691 541 2740 καὶ
560 2695 685 2756 φευκτῶν
701 2689 749 2738 καὶ
769 2686 926 2760 οὐδετέρων,
946 2687 1186 2755 δικαιοσύνην
1204 2689 1235 2742 δὲ
1254 2691 1415 2763 ἐπιστήμην

288 2776 492 2842 ἀπονεαητικήν
516 2784 562 2841 τῆς
581 2776 660 2836 ἀξίας
678 2774 796 2842 ἑκάστῳ,
827 2775 999 2848 ἀνδρείαν
1023 2776 1055 2830 δὲ
1073 2778 1229 2849 ἐπιστήμην
1247 2777 1347 2832 δεινῶν
1363 2784 1413 2852 καὶ

289 2866 321 2918 ού
339 2863 438 2917 δεινῶν
456 2866 503 2916 καὶ
524 2862 681 2932 οὐδετέρων.
701 2888 735 2898 -
760 2867 807 2916 καὶ
826 2857 875 2930 τήν
892 2865 946 2935 μὲν
965 2866 1100 2936 φρόνησιν
1118 2869 1180 2938 περὶ
1199 2867 1233 2918 τά
1251 2869 1413 2933 καθήκοντα

287 2957 432 3022 γίνεσθαι,
459 2952 508 3017 τήν
533 2951 565 3004 δὲ
590 2953 774 3023 σωφροσύνην
799 2957 861 3026 περὶ
881 2954 929 3014 τὰς
949 2955 1037 3026 ὁρμὰς
1056 2963 1106 3007 τοῦ
1124 2955 1283 3026 ἀνθρώπου,
1310 2957 1360 3022 τήν
1379 2957 1413 3012 δὲ

289 3040 421 3112 ἀνδρείαν
440 3044 503 3112 περὶ
523 3041 571 3100 τὰς
587 3043 738 3112 ίπομονύς,
759 3042 808 3106 τὴν
826 3041 857 3094 δὲ
877 3042 1058 3109 δικαιοσύνην
1076 3047 1139 3114 περὶ
1154 3044 1202 3103 τὰς
1216 3045 1412 3117 ἀπονεμήσεις.

361 3144 391 3198 (i.
417 3144 564 3213 Diog.V11
582 3146 617 3199 90
637 3150 669 3218 τῇ
689 3148 743 3218 γὰρ
762 3149 929 3220 σωφροσύνη
949 3153 1137 3220 τεθεωρημένῃ
1156 3149 1319 3222 ύπαρχούση
1339 3169 1412 3224 συμ-

289 3239 378 3302 βαίνει
398 3235 561 3288 ἀκολουθεῖν
579 3239 625 3287 καὶ
644 3241 874 3306 παρεκτείνεσθαι
893 3238 942 3303 τήν
958 3239 1071 3306 ὑγίειαν,
1090 3241 1220 3311 καθάπερ
1239 3241 1270 3310 τῇ
1290 3239 1415 3305 ψαλίδος

290 3323 437 3395 οἰκοδομία
457 3324 505 3389 τήν
524 3324 605 3393 ἰσχύν
622 3325 806 3392 ἐπιγίνεσθαι.

359 3443 386 3484 c.
412 3427 450 3483 cf.
469 3429 541 3482 Plut.
569 3429 600 3482 de
619 3427 700 3482 Stoio.
723 3429 789 3500 Rep.
810 3431 870 3496 7,2
894 3448 919 3501 p.
933 3431 1018 3498 1034,
1048 3433 1094 3486 ubi
1112 3431 1180 3486 Zeno
1206 3433 1304 3486 dicitur
1322 3452 1414 3489 omnes

255 3568 256 3572 ,
287 3518 401 3572 virtutes
419 3517 453 3572 ad
473 3520 608 3592 φρόνησιν
625 3534 773 3584 revocasse;
792 3519 869 3588 Diog.
888 3519 1011 3576 vulno
1022 3538 1060 3590 sq.
1097 3520 1220 3576 Ceterum
1238 3521 1334 3576 Stoicis
1353 3539 1414 3578 cum

288 3606 374 3660 virtus
399 3602 510 3660 'scientia
534 3607 711 3662 faciendorum
729 3625 787 3662 esse
805 3609 954 3676 videretur,
980 3611 1134 3664 conveniens
1158 3614 1216 3665 erat
1233 3615 1266 3664 ut
1283 3612 1414 3667 virtutem

290 3694 376 3748 doceri
400 3711 477 3764 posse
502 3695 677 3750 affirmarent:
702 3697 779 3766 Diog.
799 3697 911 3754 v1191.
948 3698 1000 3752 Sed
1025 3703 1096 3753 reete
1121 3700 1204 3753 facere
1223 3717 1281 3754 cnm
1301 3701 1414 3755 scientis

289 3782 532 3838 coniunctissimum
551 3801 608 3838 esse
632 3788 686 3852 (ar
704 3785 769 3850 390)
791 3786 901 3856 ideoque
919 3787 1074 3842 rationalem
1092 3787 1174 3842 vitam
1192 3789 1415 3859 contemplativae

289 3874 317 3926 et
335 3871 435 3924 activae
455 3873 672 3926 consociationem
691 3887 747 3928 esse
767 3874 903 3928 dicebant:
931 3875 1007 3944 Diog.
1026 3875 1077 3928 VII
1096 3877 1149 3930 130
1175 3883 1242 3944 βίων
1269 3877 1301 3931 δὲ
1330 3889 1416 3952 τριων

289 3964 389 4026 ὄντων,
414 3968 584 4033 θεωρητικοῦ
605 3967 652 4015 καὶ
672 3973 824 4036 πρακτικοῦ
840 3968 886 4018 καὶ
905 3967 1024 4034 λογικοῦ,
1051 3968 1100 4018 τὸν
1119 3971 1211 4039 τρίτον
1229 3971 1319 4036 φασὶν
1338 3970 1413 4042 αἱρε-

289 4055 365 4104 τέον·
394 4055 538 4120 γεγονέναι
561 4052 616 4122 γάρ
636 4053 691 4106 ὑπὸ
715 4061 761 4118 τῆς
780 4056 888 4123 φύσεως
913 4055 1041 4120 ἐπίτηδες
1066 4056 1097 4108 τὸ
1121 4057 1232 4123 λογικὸν
1257 4058 1326 4124 ζῷον
1344 4059 1414 4129 πρὸς

289 4144 409 4214 θεωρίαν
426 4144 473 4194 καὶ
493 4143 601 4213 πρᾶξιν.

11 4299 12 4351 ι
96 4291 186 4336 virtuti·
200 4294 278 4335 natura
358 4280 449 4362 Diog.
473 4280 539 4344 VII
564 4290 638 4348 127.
683 4269 831 4368 >Αρίσκει
855 4269 890 4346 δ’
910 4280 1021 4360 αὐτοῖς
1049 4281 1149 4372 μηδὲν
1175 4283 1298 4366 μεταξύ
1327 4276 1462 4350 einaim

118 4347 141 4388 ⁰¹
155 4347 252 4397 queem
292 4383 407 4471 ἀρετῆς
429 4383 485 4450 καὶ
509 4385 642 4469 κακίας,
678 4400 743 4453 τῶν
765 4392 1045 4476 Περιπατητικῶν
1073 4388 1195 4472 μεταξύ
1218 4389 1332 4478 ἀρετῆς
1355 4389 1412 4455 καί
