3156 4988
637 323 773 378 Cenonica.
1212 321 1266 382 379

95 548 99 553 .
140 487 199 557 μὴν
217 484 345 548 δοξάσαι,
365 479 425 536 ἀλλ’
444 482 508 536 οὐδὲ
527 485 637 552 ἐλέγξαι
652 487 738 556 χωρὶς
758 486 926 558 προλήψεως.
953 511 989 522 -
1012 483 1088 552 Diog.
1107 484 1133 537 X
1151 485 1185 538 33
1216 487 1265 551 τήν

141 575 175 627 δὲ
194 575 334 644 πρόληψιν
352 575 481 640 λέγουσιν
500 576 585 626 οἱονεὶ
603 576 760 640 κατάληψιν
779 577 794 639 ή
813 574 900 634 δόξαν
915 575 1000 645 ὀρθήν
1019 577 1035 640 ή
1054 574 1164 627 ἔννοιαν
1181 578 1197 640 ή
1215 594 1263 626 κα-

139 663 258 728 θολικὴν
275 663 371 728 νόησιν
389 663 612 734 ἐναποκειμένην,
642 657 720 714 τοῦτ’
739 663 797 715 ἔστι
814 664 927 734 μνήμην
945 672 996 715 τοῦ
1014 665 1144 724 πολλάκις
1162 664 1265 724 ἔξωθεν

142 755 285 822 φανέντος,
306 745 365 804 οἷον
383 753 415 803 τό
438 752 571 804 Τοιοῦτόν
589 753 665 804 ἐστιν
685 755 846 822 ἅνθρωπος·
867 753 927 823 ἅμα
946 753 1001 824 γὰρ
1019 755 1056 820 τῷ
1075 753 1193 825 ῥηθῆναι
1201 746 1265 805 ’'Av-

141 847 256 914 θρωπος
274 841 357 901 εὐθὺς
374 842 444 893 κατὰ
464 841 604 915 πρόληψιν
622 845 669 894 καὶ
689 843 806 900 ὑτὺπος
826 841 913 893 αὑτοῦ
930 846 1035 894 νοεῖται
1050 846 1265 912 προηγοιμένων

140 941 197 983 τῶν
216 931 385 997 αἰσθήσεων·
414 934 500 982 παντὶ
525 926 575 982 οὑν
593 931 711 1002 ὀνόματι
730 931 761 982 τὸ
780 931 892 1002 πρώτως
911 931 1136 1002 ὑποτεταγμένον
1154 932 1265 1004 ἐναργές

141 1019 208 1072 ἐστι.
224 1047 258 1056 -
274 1015 336 1072 οὐδ’
355 1022 389 1072 ἀν
408 1021 595 1091 ὠνομάσαμέν
615 1039 641 1072 τι
659 1020 699 1091 μή
718 1019 852 1091 πρότερον
871 1020 957 1071 αὑτοῦ
974 1020 1044 1072 κατὰ
1065 1021 1203 1090 πρόληψιν
1217 1021 1266 1072 τόν

140 1110 232 1161 τόπον
255 1109 402 1180 μαθόντες.
439 1110 563 1180 ἐναργεῖς
588 1105 637 1161 οὑν
655 1113 726 1162 εἰσιν
753 1112 784 1160 αἱ
802 1109 959 1180 προλήψεις.
996 1106 1066 1161 Sext.
1086 1107 1170 1161 Math.
1189 1107 1263 1160 157.

139 1196 194 1252 Cic.
214 1197 247 1250 D.
266 1197 300 1250 N.
319 1197 333 1250 1
350 1197 385 1251 43
396 1213 434 1266 sq.
460 1196 516 1266 (qui
533 1196 581 1266 Ep.
601 1197 783 1266 praenotiones
801 1196 867 1249 falso
885 1197 1077 1266 interpretatur
1100 1197 1200 1251 insitas
1224 1196 1265 1250 eet

138 1287 234 1355 potius
258 1286 372 1340 innatae
397 1287 583 1356 ιογιιάίοιτεε).
613 1315 647 1325 -
674 1285 804 1356 Epicurus
823 1303 864 1356 ap.
883 1286 961 1354 Diog.
981 1285 1006 1339 X
1024 1286 1059 1339 32
1084 1285 1126 1354 (fr.
1144 1287 1190 1352 36)
1217 1289 1264 1339 καὶ

140 1379 196 1448 γὰρ
208 1369 246 1428 ἀἱ
264 1377 385 1429 ἐπίνοιαι
404 1386 496 1430 πεῖσαι
514 1378 572 1429 ἀπὸ
591 1386 645 1429 τῶν
664 1378 821 1442 αἰσθήσεων
839 1377 972 1444 γεγόνασι
990 1379 1061 1429 κατά
1080 1395 1108 1430 τε
1127 1380 1264 1448 περίπτω-

141 1483 188 1519 σιν
206 1469 254 1518 καὶ
273 1466 428 1534 ἀναλογίαν
452 1469 499 1518 καὶ
519 1466 669 1536 ὁμοιότητα
688 1469 736 1518 καὶ
755 1467 897 1529 σύνθεσιν,
924 1467 1154 1537 συμβαλλομένου
1173 1484 1200 1517 τι
1218 1467 1265 1517 καὶ

140 1565 192 1608 τοῦ
216 1557 361 1626 λογισμοῦ.
406 1552 498 1607 Omnis
522 1553 606 1622 igitur
632 1556 769 1625 πρόληψις
794 1570 856 1606 vera
881 1556 938 1619 est,
966 1553 1061 1624 quippe
1088 1570 1119 1606 ex
1144 1551 1264 1606 sensibus

139 1646 213 1696 nata.

213 1748 243 1804 b.
263 1749 302 1802 De
328 1748 466 1802 affectibus
491 1749 522 1802 ef.
541 1749 618 1818 Diog.
636 1749 661 1802 X
680 1749 715 1804 34
738 1750 780 1815 (fr.
799 1749 863 1813 260)
889 1753 967 1816 πάθη
992 1751 1024 1804 δὲ
1048 1753 1176 1819 λέγουσιν
1194 1749 1265 1802 εἶναι

139 1839 202 1902 δύο,
222 1839 324 1905 ἡδονήν
341 1843 388 1892 καὶ
408 1837 557 1908 (ἀλγηδόνα,
578 1839 715 1911 ἱστάμενα
737 1842 800 1907 περὶ
819 1849 877 1892 πᾶν
895 1841 969 1907 ζῷον.

122 2021 126 2032 ,
213 1977 240 2018 o.
268 1961 390 2017 Cetcrum
412 1962 540 2016 eiusmodi
569 1963 666 2016 mentis
690 1963 891 2031 imaginationes
918 1963 970 2015 iam
995 1963 1050 2032 ipse
1074 1961 1203 2031 Epicurus
1231 1962 1265 2015 ad

140 2053 281 2106 veritatem
308 2051 439 2122 pertinere
467 2054 619 2118 censuerat,
648 2051 680 2106 cf.
709 2051 786 2119 Diog.
815 2051 840 2104 X
866 2050 910 2105 50.
938 2051 982 2104 51.
1012 2051 1072 2104 147.
1119 2050 1146 2104 Z.
1164 2049 1205 2102 111
1229 2047 1264 2104 1⁸

140 2139 227 2207 386¹;
247 2141 300 2196 389
310 2139 326 2195 ¹.

71 2331 73 2336 Ι
213 2265 244 2322 (1.
263 2264 300 2320 cf.
319 2263 404 2335 Epist.
423 2263 437 2317 I
460 2282 501 2335 ap.
520 2265 597 2332 Diog.
618 2264 643 2317 X
662 2264 706 2318 38.
726 2264 824 2334 50sq.,
851 2281 876 2333 p.
896 2263 921 2318 5.
942 2264 976 2316 12
994 2263 1052 2328 Us.;
1082 2262 1153 2316 Sent.
1173 2263 1209 2317 24
1227 2264 1261 2317 ib.

142 2356 203 2421 147,
221 2373 247 2425 p.
268 2354 302 2408 76
320 2353 366 2408 Us.

91 2550 131 2590 ³⁷³
208 2551 300 2632 Diog.
323 2551 353 2615 X
378 2560 428 2627 34,
451 2571 481 2634 p.
508 2557 573 2616 372
597 2551 654 2616 Ue.
705 2551 770 2638 Τήν
807 2547 843 2614 δὲ
872 2547 970 2628 δόξαν
1007 2547 1064 2613 καὶ
1093 2549 1262 2637 ὑπόληψιν

141 2656 296 2743 λέγουσιν,
327 2655 437 2744 ἀληθῆ
467 2655 504 2722 τέ
532 2677 618 2745 φασι
647 2655 705 2721 καὶ
729 2656 857 2743 ψευδῆ·
892 2655 931 2719 ἀν
954 2639 1096 2742 μὲνγὰρ
1120 2653 1264 2742 ἐπιμαρ-

141 2775 278 2851 τυρῆται
301 2763 321 2850 ἢ
342 2764 387 2850 μή
411 2761 700 2851 ἀντιμαρτυρῆται,
724 2762 836 2850 ἀληθῆ
859 2753 958 2827 εἶναι·
983 2760 1038 2826 ε’ἀν
1061 2759 1098 2826 δὲ
1119 2763 1164 2850 μή
1187 2760 1264 2827 ἐπι-

141 2881 346 2958 μαρτυρῆται
369 2869 389 2956 ἢ
411 2867 697 2957 ἀντιμαρτυρῆται,
722 2869 827 2956 ψευδῆ
850 2867 1042 2953 τυγχάνειν.

214 3044 243 3084 a.
262 3029 360 3083 Eadem
377 3028 482 3100 Epicur.
500 3029 547 3100 Ep.
567 3029 581 3082 I
599 3047 639 3100 ap.
658 3030 735 3098 Diog.
753 3030 779 3082 X
797 3028 831 3083 51
857 3047 882 3099 p.
903 3030 936 3082 13
955 3028 1002 3082 Us.
1020 3027 1091 3081 Sext.
1110 3027 1194 3081 Meth.
1213 3027 1265 3082 vn

142 3119 194 3173 211
214 3119 256 3186 (fr.
275 3117 327 3172 247
346 3136 370 3190 p.
391 3119 442 3172 181
460 3117 520 3183 Us.)
540 3120 638 3174 οὐκοῦν
657 3130 711 3172 τῶν
729 3119 820 3180 δοξῶν
838 3120 908 3171 κατὰ
928 3119 976 3170 τὸν
986 3114 1151 3190 Ἐπίκουρον
1170 3121 1201 3171 αἱ
1212 3119 1266 3191 μὲν

142 3211 254 3276 ἀληθεῖς
273 3213 350 3272 εἰσιν,
372 3210 401 3260 αἱ
420 3208 451 3262 δὲ
471 3207 595 3276 ψευδεῖς·
625 3211 736 3275 ἀληθεῖς
753 3209 807 3280 μὲν
825 3211 858 3260 αἳ
880 3226 908 3261 τε
926 3209 1202 3282 ἐπιμαρτυρούμεναι
1219 3211 1266 3260 καὶ

142 3299 192 3351 οὐκ
210 3300 499 3370 ἀντιμαρτυροὺμεναι
519 3299 587 3370 πρὸς
605 3307 651 3365 τῆς
669 3299 826 3366 ἐναργείας·
855 3296 967 3364 ψευδεῖς
985 3296 1017 3350 δὲ
1037 3299 1113 3350 αἵτε
1132 3298 1265 3368 ἀντιμαρ-

141 3388 309 3460 τυρούμεναι
327 3390 374 3438 καὶ
393 3387 442 3439 οὑκ
460 3387 734 3458 έπιμαρτυροόμεναι
753 3388 822 3459 πρὸς
842 3393 887 3452 τῆς
905 3386 1049 3458 ἐναργείας
1066 3385 1107 3451 (cf.
1126 3383 1154 3438 Ζ.
1171 3383 1213 3436 ΙΠ
1232 3381 1266 3437 1³

140 3473 231 3540 391¹).
268 3473 363 3544 Itaque
381 3491 413 3528 ex
430 3475 502 3528 notis
515 3474 548 3527 de
561 3473 661 3542 ignotis
676 3473 853 3527 coniecturam
871 3473 954 3526 facere
973 3475 1091 3543 oportet:
1110 3471 1213 3543 Epicur.
1224 3489 1264 3543 ap.

140 3564 217 3632 Diog.
236 3563 262 3618 X
280 3563 315 3617 32
333 3563 373 3630 (ir.
393 3563 429 3618 36
443 3561 501 3628 Us.)
518 3567 566 3616 καὶ
585 3568 648 3636 περὶ
667 3573 721 3615 τῶν
741 3563 850 3630 ἀδήλων
868 3564 926 3614 ἀπὸ
944 3573 999 3616 τῶν
1017 3566 1197 3635 φαινομένων
1211 3563 1266 3634 χρή

141 3659 335 3726 σημειοῦσθαι.
373 3651 498 3720 Ignotum
525 3653 615 3706 autam
643 3651 764 3704 bifariam
789 3651 899 3718 dicitur,
929 3653 978 3704 aut
1004 3650 1074 3720 quod
1098 3653 1194 3706 natura
1219 3667 1266 3704 sna

141 3741 213 3795 haud
239 3745 333 3796 notum
360 3743 403 3795 est
429 3741 503 3794 reiut
530 3740 625 3808 atomi,
656 3743 704 3793 aut
731 3740 801 3810 quod
823 3743 913 3811 potest
930 3740 1020 3794 futuro
1039 3743 1155 3810 tempore
1173 3743 1266 3793 notum

140 3830 211 3898 fieri;
225 3829 329 3901 Epicur.
344 3829 391 3900 Ep.
406 3829 420 3882 1
434 3847 475 3900 ap.
489 3829 566 3898 Diog.
581 3829 606 3882 X
620 3831 655 3884 38
670 3847 696 3900 p.
713 3829 790 3886 5Us.
809 3831 880 3883 κατὰ
895 3831 944 3890 τὰς
958 3831 1101 3895 αἰσθήσεις
1116 3829 1161 3882 δεῖ
1174 3832 1266 3882 πάντα

141 3926 232 3992 τηρεῖν
250 3953 293 3983 -·‚
314 3923 415 3992 ὁμοίως
434 3919 530 3974 δὲκαὶ
549 3920 583 3972 τά
603 3921 769 3990 ὑπάρχοντα
788 3921 884 3984 πάθη.
911 3919 986 3978 ὅπως
1005 3921 1040 3970 ἀν
1063 3921 1108 3970 καὶ
1129 3919 1161 3970 τὸ
1179 3933 1265 3991 προσ-

140 4014 226 4082 μένον
244 4013 292 4062 net
310 4011 342 4061 τὸ
360 4008 465 4075 άδηλον
482 4009 590 4080 ἔχωμεν
609 4002 651 4068 οἷς
670 4009 896 4079 σημειωσόμεθα.
940 4005 978 4061 cf.
998 4005 1033 4060 ib.
1052 4005 1089 4059 34
1106 4023 1131 4075 p.
1151 4005 1205 4060 372
1218 4003 1264 4059 Ue.

141 4099 208 4152 ὅθεν
226 4099 259 4152 τὸ
278 4101 436 4168 προσμένον
454 4099 582 4166 εἰσήχθη·
605 4091 665 4150 οἷον
683 4099 716 4150 τὸ
734 4102 903 4169 προσμεῖναι
921 4099 968 4148 καὶ
981 4096 1064 4164 ἐγγὺς
1082 4098 1213 4164 γενέσθαι
1227 4098 1265 4163 τῷ

142 4189 241 4260 πύργῳ
258 4190 306 4240 καὶ
329 4192 435 4258 μαθεῖν
453 4188 550 4246 ὁποῖος
568 4187 652 4255 ἐγγὺς
670 4191 807 4256 φαίνεται.
846 4181 982 4253 Opinionis
1001 4198 1102 4236 errores
1119 4181 1217 4250 repetit
1235 4197 1265 4234 ex

141 4278 216 4328 motu
239 4273 398 4328 intrinsecus
422 4277 480 4328 orto
503 4274 549 4344 qui
572 4290 631 4327 cum
653 4274 769 4328 visorum
793 4272 965 4342 impressione
987 4271 1027 4324 ita
1054 4270 1204 4336 cohaereat,
1233 4272 1265 4323 ut

141 4363 239 4418 habeat
252 4363 442 4434 separationem
456 4362 595 4434 quandam,
614 4380 637 4416 v.
656 4362 761 4434 Epicur.
780 4361 829 4432 Ep.
848 4361 917 4430 Isp.
937 4359 1012 4428 Diog.
1028 4359 1099 4413 X51
1119 4376 1145 4429 p.
1165 4359 1199 4413 13
1217 4357 1264 4413 Us.

142 4455 175 4506 τὸ
192 4453 416 4526 διημαρτημένον
434 4455 484 4508 οὐκ
502 4456 538 4506 ἀν
558 4454 690 4523 ὑπῆρχεν,
718 4457 743 4506 ei
766 4453 808 4524 μή
825 4452 1019 4522 ἐλαμβάνομεν
1036 4453 1083 4502 καὶ
1102 4451 1185 4516 ίίλλην
1203 4450 1266 4502 τινὺ
