3146 4982
657 327 777 396 peyne.
1223 326 1277 388 tle

155 490 203 540 καὶ
227 487 316 540 τόπον
332 490 380 540 καὶ
394 487 507 558 χρόνον.
542 486 583 540 De
605 486 662 540 loeo
685 486 811 542 dissentit
835 485 908 542 Stob.
927 485 982 541 Eoi.
1001 487 1020 542 l.
1039 488 1072 554 l.;
1100 492 1195 544 λεκτὸν
1212 489 1277 559 quid

156 573 261 630 dieetur
288 592 312 629 v.
337 579 382 628 Er
406 574 467 630 395.
513 573 557 630 Ab
582 575 681 632 infiniti
707 575 867 644 cogitatione
894 578 1001 630 tentum
1027 576 1217 646 abhorrebant,
1245 581 1278 632 ut

158 661 334 734 Chrysippus,
358 664 411 717 etei
435 663 517 718 dabat
542 681 650 734 eorpora
673 664 702 718 in
725 663 860 718 infinitum
883 663 965 718 dividi
988 681 1079 735 posse,
1107 668 1196 720 tamen
1219 683 1277 720 eam

158 751 310 806 ditieionem
334 769 450 822 unquam
475 753 626 807 absolutum
643 752 678 806 iri
695 755 820 822 negaret:
847 751 924 822 Diog.
942 751 995 806 VH
1013 754 1066 808 150
1094 755 1127 808 οὐ
1145 757 1199 828 γάρ
1217 756 1279 809 ἔστί

156 861 184 895 τι
207 845 335 914 άπειρον,
365 846 403 903 εἰς
427 841 443 894 ὸ
467 847 574 911 γίνεται
597 843 613 908 ἡ
636 842 727 914 τομή,
757 841 789 896 ef.
814 840 885 895 Plee.
909 839 1027 908 116,4
1060 841 1144 909 (Stob.
1172 841 1276 919 1344).

155 929 222 984 Dox.
240 930 303 985 315.

107 1095 148 1136 ⁴⁰⁰
223 1090 315 1173 Diog.
339 1090 404 1155 VH
428 1099 501 1156 141.
544 1079 689 1176 Ἀρέσκει
720 1078 754 1155 δ’
771 1075 895 1168 ἀὐτοῖς
922 1088 979 1156 καὶ
1008 1091 1161 1179 φθαρτὸν
1192 1083 1277 1156 εἶναι
1302 1102 1416 1198 ῐηιῦίρρε

156 1189 213 1262 τὸν
235 1195 373 1280 κόσμον,
409 1197 466 1262 ἅτε
488 1195 616 1284 γενητὸν
638 1196 687 1283 τῷ
710 1195 795 1284 λόγῳ
818 1210 883 1262 τῶν
906 1183 955 1262 δι’
975 1193 1163 1286 αἰσθήσεως
1184 1221 1277 1265 νοου-
1325 1167 1401 1198 mm

156 1300 276 1386 μένων·
307 1297 346 1370 οδ
365 1327 400 1369 τε
422 1304 491 1368 τὸ1
513 1301 594 1392 μέρη
617 1303 766 1392 φθαρτά,
789 1297 887 1370 ἔστι2
910 1302 968 1369 καὶ
990 1305 1028 1370 τὸ
1051 1304 1140 1370 ὅλον·
1177 1306 1219 1370 τὰ
1242 1302 1279 1370 δὲ

155 1407 238 1498 μέρη
273 1420 332 1477 τοῦ
363 1409 486 1495 κόσμου
526 1409 682 1498 φθαρτά,
722 1406 769 1488 εἰς
802 1409 928 1499 ὸῖλληλα
959 1411 1019 1497 γὰρ
1042 1409 1279 1494 μεταβάλλον·

112 1557 115 1564 «
157 1517 312 1604 φθαρτὸς
333 1515 399 1605 άρα
422 1517 440 1582 ὁ
462 1515 596 1600 κόσμος.
635 1514 693 1582 καὶ
715 1512 803 1582 εἴτι
826 1514 1033 1582 ἕπιδυιτικόν
1055 1513 1125 1582 ἐστι
1148 1514 1280 1604 τηςὲπὶ

157 1623 196 1688 τὸ
229 1626 336 1711 χεῖρον
369 1624 566 1712 μεταβολῆς,
601 1622 753 1710 φθαρτόν
788 1621 875 1689 ἐστι·
908 1621 968 1689 καὶ
1002 1623 1020 1688 ὁ
1049 1623 1171 1706 κόσμος
1200 1621 1280 1710 άρα·

158 1726 375 1813 ἐξαυχμοῦται
398 1731 459 1816 γὸρ
482 1727 540 1796 καὶ
564 1728 807 1810 ἑξοὸατοῦταιῦ.

232 1867 262 1909 a.
287 1854 470 1926 Sequebantur
492 1855 521 1908 in
543 1854 586 1908 hie
603 1853 770 1914 Heraclitum
787 1859 831 1906 BP
850 1854 898 1908 30:
923 1853 995 1910 Plut.
1013 1854 1093 1909 Stoie.
1111 1833 1176 1925 Rep.
1195 1855 1244 1922 34,
1263 1855 1281 1910 2

158 1959 185 2012 p.
204 1943 275 1998 1049
294 1946 326 1997 τὸ
345 1945 440 1998 ἀίδιον
453 1953 505 2020 τῆςΙ
513 1946 642 2012 κινήσεως
660 1955 773 1998 κυκεῶνι
787 1946 960 2018 παρεικάσας
977 1946 1004 2010 (ό
1019 1943 1198 2018 Χρύσιππος)
1212 1947 1281 1998 άλλα

106 2105 108 2110 Ι
161 2033 247 2093 άλλως
266 2037 414 2106 στρέφοντι
432 2038 478 2086 καὶ
498 2036 667 2104 ταράσσοντι
682 2043 735 2085 τῶν
749 2037 909 2104 γινομένων.
945 2029 1007 2085 Nisi
1024 2031 1094 2101 quod
1112 2031 1282 2100 distinguunt

158 2119 231 2173 inter
247 2119 276 2173 id
294 2121 364 2192 quod
383 2121 507 2174 duratio
526 2121 605 2174 rebus
628 2124 657 2172 et
673 2119 703 2172 id
727 2119 797 2189 quod
820 2121 940 2172 mutetur
963 2119 990 2173 h.
1009 2135 1031 2173 e.
1050 2119 1120 2174 iuter
1144 2120 1281 2174 matefiem

159 2211 189 2261 et
206 2209 371 2278 qualitatem.
407 2209 480 2264 Plut.
499 2208 597 2264 comm.
615 2207 702 2262 Notit.
721 2208 765 2275 44,
784 2209 802 2262 3
820 2225 847 2278 p.
867 2209 936 2263 1083
956 2210 1025 2262 ἀλλὰ
1045 2201 1122 2264 οὗτοι
1139 2211 1179 2273 (οἱ
1192 2214 1281 2265 Στωϊ-

158 2298 218 2362 κοὶ)
239 2300 323 2370 μόνοι
341 2299 418 2352 εἶδον
435 2299 485 2365 τὴν
503 2300 637 2353 σύνθεσιν
654 2299 758 2364 ταύτην
774 2301 821 2350 καὶ
839 2297 958 2364 διπλόην
975 2301 1023 2351 καὶ
1040 2299 1227 2370 ἀμφιβολίαν,
1246 2299 1282 2358 ὡς

154 2387 214 2449 ,δύο
227 2389 305 2459 ὴμῶν
319 2387 432 2448 ἕκαστός
446 2389 522 2442 ἐστιν
537 2388 712 2459 ὑποκείμενα,
732 2386 830 2458 τὸμὲν
845 2387 950 2440 οὐσία
969 2388 1001 2440 τὸ
1016 2387 1047 2440 δὲ
1062 2386 1280 2453 <ποιότης>3·

159 2479 207 2529 καὶ
231 2477 263 2528 τὸ
286 2475 340 2547 μὲν
364 2477 407 2529 άελ
432 2477 474 2549 ῥεῖ
491 2480 537 2529 καὶ
556 2480 668 2547 φέρεται
685 2471 751 2548 μήτ’
771 2475 925 2547 αὐξόμενον
941 2477 1010 2548 μήτε
1028 2476 1196 2548 μειούμενον
1213 2477 1282 2546 μήτε

160 2565 228 2624 ὅλως
254 2558 313 2617 οἶόν
336 2565 396 2618 ἐστι
420 2565 566 2637 διαμένον·
600 2565 632 2618 τὸ
656 2564 688 2617 δὲ
707 2563 835 2636 διαμένει
859 2568 906 2616 καλ
925 2565 1072 2625 αὐξάνεται
1090 2567 1136 2617 καὶ
1153 2573 1282 2636 μειοῦται

158 2657 207 2706 καὶ
225 2655 319 2707 πάντα
338 2655 442 2723 πάσχει
461 2654 594 2706 τάναντία
608 2655 718 2726 θατέρῳ
737 2654 920 2724 συμπεφυκὸς
932 2657 979 2705 καὶ
994 2655 1282 2725 συνηρμοσμένον-καὶ

160 2746 368 2814 συγκεχυμένον
394 2746 441 2794 καὶ
468 2751 515 2809 τῆς
541 2742 681 2816 διαφοράς
710 2743 743 2814 τῇ
763 2743 893 2808 αἰσθήσει
910 2741 1046 2814 μηδαμοῦ
1063 2745 1188 2814 παρέχον
1206 2743 1282 2808 άψα-

161 2837 238 2884 σθαι.
259 2829 315 2884 *Gt
334 2829 407 2884 Steb.
426 2829 480 2884 Eoi.
500 2830 514 2882 I
531 2830 633 2899 43211).

231 2935 262 2990 b.
285 2936 414 2990 Mundum
438 2937 508 2990 enim
530 2937 663 3006 putabant
686 2936 715 2990 in
739 2935 856 2990 deterius
879 2936 992 3003 mutari,
1019 2936 1097 2990 utin
1116 2953 1167 3006 que
1185 2936 1283 2990 maium

159 3025 274 3091 inesset,
300 3025 377 3080 deum
402 3028 495 3078 eontra
518 3025 552 3078 ab
571 3025 641 3080 omui
658 3025 727 3079 malo
747 3042 805 3078 esee
823 3025 1041 3078 remotissimum:
1065 3025 1142 3094 Diog.
1161 3025 1212 3078 VII
1232 3025 1282 3080 147

160 3119 204 3166 ΒΡ
222 3113 284 3168 412.

80 3280 153 3324 ioli
228 3256 315 3322 Plut
339 3257 377 3322 de
403 3257 497 3322 Stoie.
521 3257 600 3340 Rep.
631 3265 683 3334 41,
708 3267 726 3323 6
756 3277 786 3340 p.
811 3263 906 3322 1053.
951 3253 1054 3340 Λέγει
1078 3245 1110 3320 δ’
1138 3255 1168 3334 (ὁ
1192 3254 1281 3342 Χρά-
1333 3280 1346 3309 u
1370 3282 1394 3334 ο,

161 3363 304 3446 σιππος)
328 3361 362 3428 ἐν
384 3361 433 3449 τῷ
455 3364 578 3450 πρώτῳ
602 3359 682 3449 περὶ
705 3359 879 3449 προνοίας·
903 3361 1022 3428 Διόλου
1038 3359 1097 3444 μὲν
1119 3363 1181 3448 γὰρ
1205 3361 1281 3425 ώνὸ
1321 3334 1341 3416 ¹:
1369 3335 1396 3416 ό

161 3468 284 3551 κόσμος
306 3470 460 3557 πυρώδης
484 3467 582 3546 εὐθὺς
612 3467 670 3534 καὶ
693 3470 782 3556 ψυχή
806 3467 895 3534 ἐστιν
917 3464 1033 3534 ἑαυτοῦ
1054 3465 1113 3532 καὶ
1135 3470 1282 3556 ἡγεμονι-

161 3573 233 3639 κόν·
256 3574 310 3640 ότι
333 3575 369 3640 δὲ
391 3575 585 3659 μεταβαλὼν
607 3569 654 3653 εἴς
676 3599 712 3641 τε
726 3576 764 3641 τὸ
779 3575 874 3664 ὑγρὸν
888 3572 945 3639 καὶ
960 3576 1017 3662 τὴν
1028 3573 1283 3662 ἐναπολειφθεῖ-

161 3701 223 3745 σαν
245 3682 351 3769 ψυχὴν
373 3681 497 3767 τρόπον
520 3683 593 3747 τινὰ
616 3677 663 3759 εἰς
686 3694 781 3765 σῶμα
802 3678 859 3745 καὶ
875 3677 982 3769 ψυχὴν
1004 3678 1179 3764 μετέβαλεν
1201 3681 1283 3744 ὥστε

161 3786 353 3852 συνεστάναι
376 3785 413 3852 ἐκ
434 3787 566 3870 τούτων,
589 3785 687 3854 ἄλλον
710 3789 783 3852 τινὰ
800 3783 871 3870 ἔσχε
893 3785 995 3873 λόγον.

83 3960 153 4001 4013
228 3929 314 3993 Plut.
338 3929 376 3994 de
401 3931 521 3996 comm.
545 3931 646 3995 Notit.
671 3939 722 4008 36,
747 3937 765 3995 5
790 3951 821 4014 p.
838 3939 934 3996 1077.
979 3927 1081 4012 Λέγει
1104 3937 1180 4013 γοῦν
1194 3927 1282 4014 Χρό-
1310 3943 1368 3984 παι

162 4057 294 4112 σιππος
316 4033 457 4102 ἑοικέναι
479 4034 528 4123 τῷ
550 4034 610 4119 μὲν
632 4031 803 4122 ἀνθρώπῳ
826 4037 883 4101 τὸν
905 4031 971 4100 Δία
994 4031 1051 4100 καὶ
1074 4035 1131 4100 τὸν
1153 4033 1281 4116 κόσμον,

162 4139 204 4230 τῇ
228 4139 265 4207 δὲ
287 4139 379 4230 ψυχῇ
401 4143 458 4230 τὴν
480 4142 655 4230 πρόνοιαν·
679 4143 758 4208 όταν
780 4137 834 4207 οὖν
852 4140 1036 4228 ἐκπύρωσις
1059 4137 1198 4228 γένηται,
1222 4139 1283 4223 μό-

152 4397 154 4404 ·
236 4373 263 4438 1)
281 4374 359 4427 τετὸ
378 4371 469 4440 vulgo:
489 4377 525 4426 τά
543 4372 675 4428 recubet.
695 4401 729 4411 -
749 4373 777 4437 2)
796 4375 919 4444 φθαρτά,
939 4373 998 4426 ἔστι
1015 4377 1072 4425 ΒΡι
1092 4375 1207 4444 φθαρτά
1225 4373 1284 4426 ἔστι

164 4458 247 4514 Cobet
264 4462 293 4513 et
311 4461 397 4528 vulgo.
416 4489 451 4500 -
469 4463 498 4527 3)
517 4463 630 4529 ποιότης
648 4461 781 4531 supplevit
798 4461 900 4516 Prantl.
