3156 4988
685 371 787 458 iiogioo.
1241 369 1293 428 307
1368 445 1377 454 ¹

246 531 277 586 b.
303 530 379 586 Anal.
403 531 506 602 posi]
530 532 574 587 33.
594 531 646 587 88¹)
665 533 701 586 30
726 535 758 585 τὸ
783 527 811 585 δ’
829 533 978 598 ἐπιστητόν
1000 536 1047 584 καὶ
1071 534 1208 605 ἐπιστήμη
1227 532 1291 587 δια·
1320 529 1414 593 50ὶῖῡέίὸ
1429 531 1458 571 ⁸¹>

109 661 112 667 -
176 625 251 695 (γήρει
272 631 322 674 τοῦ
349 621 488 683 δοξαστοῦ
516 625 562 674 καὶ
587 621 681 687 δόξης,
710 622 752 674 δτι
779 622 867 693 ἠμὲν
885 622 1022 692 ἐπιστήμη
1041 623 1163 674 καθόλου
1181 626 1227 674 καὶ
1246 617 1287 676 δι’
1332 595 1434 678 333330

176 713 341 779 ἀναγκαίων,
362 711 393 763 τό
411 705 441 763 δ’
459 711 613 778 ἀναγκαῖον
639 711 687 762 οὐκ
712 709 853 779 ἐνδέχεται
877 711 962 769 ἀλλως
980 709 1060 778 ἔχειν.
1098 710 1156 762 ἔστι
1181 709 1215 762 δέ
1232 730 1293 762 τινα

176 791 265 866 ἀληθῆ
287 800 342 871 μέν
363 802 411 852 καὶ
435 802 518 866 όντα,
545 798 714 870 ἐνδεχόμενα
739 797 836 851 δὲκαὶ
860 800 946 858 ἀλλως
964 797 1042 867 ἔχειν.
1081 797 1164 864 δῆλον
1184 795 1233 850 οὖν
1251 799 1294 851 δτι

175 892 238 961 περὶ
255 888 309 960 μέν
327 897 413 940 ταῦτα
432 888 570 959 ἐπιστήμη
590 888 638 939 οὐκ
657 887 745 940 ἐστιν·
783 889 824 952 εἴη
843 887 897 958 γάρ
916 889 951 938 ἀν
969 885 1095 938 ἀδύνατα
1115 888 1201 946 άλλως
1222 887 1295 956 ἔχειν

175 977 208 1029 τά
232 975 339 1029 δυνατά
365 979 450 1036 άλλως
473 976 552 1046 ἔχειν.
589 976 657 1028 ἀλλά
684 975 741 1046 μήν
766 974 830 1028 οὐδὲ
849 985 925 1035 νοῦς·
962 977 1033 1043 λέγω
1050 976 1105 1046 γὰρ
1122 984 1189 1028 νοῦν
1208 976 1294 1048 ἀρχήν
1320 973 1450 1014 ῖῦέθῑίθθῑῑῑῦ

175 1066 332 1137 ἐπιστήμης.
371 1061 432 1117 οὐδ’
450 1065 588 1136 ἐπιστήμη
608 1063 821 1124 ἀναπόδεικτος
859 1073 941 1116 τοῦτο
960 1059 990 1116 δ’
1008 1065 1083 1117 ἐστὶν
1098 1065 1235 1130 ὑπόληψις
1249 1072 1294 1130 τῆς

175 1155 283 1225 ἀμέσου
301 1155 466 1224 προτάσεως.
505 1154 607 1220 ἀληθής
625 1149 655 1205 δ’
672 1154 731 1206 ἐστὶ
750 1161 814 1212 νοῦς
832 1155 878 1205 καὶ
897 1152 1035 1224 ἐπιστήμη
1048 1156 1094 1206 καὶ
1113 1151 1183 1213 δόξα
1201 1154 1294 1204 καὶτὸ

175 1241 223 1295 διά
243 1244 347 1294 τούτων
364 1243 525 1314 λεγόμενον·
563 1240 632 1294 ὥστε
651 1244 773 1294 λείπεται
792 1241 880 1302 δόξαν
898 1241 968 1294 εἶναι
988 1245 1050 1314 περὶ
1075 1242 1106 1293 τὸ
1125 1241 1224 1307 ἀληθὲς
1241 1241 1294 1312 μὲν

174 1330 322 1397 ήψεῦδος,
351 1330 533 1402 ἐνδεχόμενον
557 1330 589 1382 δὲ
614 1333 660 1383 καὶ
685 1333 770 1390 άλλως
794 1330 873 1399 ἔχειν.
907 1339 989 1382 τοῦτο
1008 1325 1132 1383 δ’ἐστὶν
1158 1331 1293 1396 ὑπόληψις

175 1427 221 1485 τῆς
240 1419 348 1490 ἀμέσου
368 1421 527 1491 προτάσεως
544 1421 591 1471 καὶ
609 1419 649 1490 μὴ
669 1419 829 1487 ἀναγκαίας.

245 1554 272 1596 e.
298 1541 375 1596 Anni.
394 1543 463 1611 post.
482 1541 540 1595 13.
561 1541 650 1595 72b5
675 1544 758 1602 ἐνίοις
781 1543 834 1615 μὲν
858 1539 907 1595 οίν
931 1541 980 1596 διά
1004 1544 1036 1594 τὸ
1061 1540 1121 1595 δεῖν
1145 1544 1178 1595 τά
1199 1553 1293 1616 πρῶτα
1307 1592 1321 1634 d
1352 1539 1449 1635 θθῑθὲῑῑὶῑ,

174 1631 347 1684 ἐπίστασθαι
367 1633 398 1684 οὐ
417 1629 495 1684 δοκεῖ
511 1632 649 1703 ἐπιστήμη
668 1631 745 1695 εἶναι,
766 1637 824 1692 τοῖς
843 1627 873 1684 δ’
891 1631 961 1685 εἶναι
978 1635 1039 1702 μέν,
1066 1634 1179 1684 πάντων
1195 1635 1293 1704 μέντοι
1323 1604 1494 1690 ωοιδάἰδῗωη

174 1719 332 1780 ἀποδείξεις
350 1719 429 1772 εἶναι,
449 1746 483 1756 -
502 1721 581 1792 ἡμεῖς
599 1719 634 1773 δέ
651 1738 746 1792 (γαμεν
765 1723 826 1772 οότε
846 1729 943 1773 πεῖσαν
961 1721 1116 1792 ἐπιστήμην
1134 1720 1293 1774 ἀποδεικτι-

173 1810 222 1874 κὴν
247 1808 330 1872 εἶναι,
360 1809 428 1861 ἀλλὰ
453 1809 501 1874 τήν
529 1818 583 1860 τῶν
602 1810 714 1880 ἀμέσων
734 1807 943 1861 ἀναπόδεικτον.
980 1813 1027 1861 καὶ
1046 1805 1127 1862 τοῦθ’
1145 1809 1187 1862 ότι
1207 1811 1293 1880 ἀναγ-

173 1901 260 1960 καῖον,
281 1898 412 1967 φανερόν
450 1901 475 1948 εἰ
492 1897 547 1970 γὰρ
566 1898 672 1965 ἀνάγκη
689 1897 743 1968 μὲν
761 1898 935 1950 ἐπίστασθαι
953 1899 987 1949 τά
1006 1899 1125 1971 πρότερα
1143 1901 1189 1950 καὶ
1208 1901 1237 1959 ἐξ
1256 1893 1294 1951 ὧν

173 1984 363 2049 ήάπόδειξις,
392 1987 503 2038 ἵσταται
528 1985 563 2038 δέ
584 2004 652 2038 ποτε
680 1987 714 2037 τὰ
741 1989 844 2056 ἀμεσα,
879 1981 957 2038 ταῦτ’
979 1985 1167 2039 (ἀναπόδεικτα
1188 1988 1293 2056 ἀνάγκη

174 2071 256 2124 εἶναι·
295 2073 382 2124 ταῦτά
401 2068 428 2125 τ’
446 2070 496 2125 οὖν
514 2075 586 2126 οὕτω
604 2076 736 2145 λέγομεν,
761 2077 807 2126 καὶ
827 2075 860 2126 οὐ
876 2075 968 2145 μόνον
986 2075 1140 2146 ἐπιστήμην
1159 2076 1227 2127 ἀλλά
1245 2080 1292 2128 καὶ

174 2161 261 2231 ἀρχήν
279 2161 431 2233 ἐπιστήμης
449 2161 522 2215 εἶναί
539 2165 602 2215 τινά
616 2181 718 2234 φαμεν,
738 2149 754 2233 ᾖ
769 2163 832 2222 τοὺς
846 2163 926 2235 ὅρους
940 2165 1113 2235 γνωρίζομεν,
1133 2162 1164 2215 εί,
1176 2168 1219 2216 BP
1229 2163 1291 2216 312.

246 2283 275 2338 δ.
296 2279 404 2356 ’Ἀμεσα
423 2300 489 2354 quae
508 2284 631 2338 dicantur
648 2303 672 2339 v.
691 2283 766 2338 Anal.
785 2287 855 2354 post.
874 2285 931 2338 12.
951 2286 1004 2338 722
1023 2286 1038 2338 7
1048 2304 1055 2337 :
1080 2288 1150 2359 ἀρχὴ
1168 2283 1198 2340 δ’
1218 2289 1293 2342 ἐστὶν

173 2373 342 2434 ἀποδείξεως
360 2374 495 2446 πρότασις
515 2377 625 2445 ἀμεσος,
646 2378 750 2446 ἀμεσος
768 2373 800 2426 δὲ
818 2369 849 2440 ἧς
866 2376 907 2446 μή
925 2376 1001 2428 ἐστιν
1019 2377 1085 2442 ἀλλη
1104 2379 1232 2450 προτέρα.

245 2509 272 2550 ε.
297 2496 455 2550 Postulatur
472 2497 541 2552 onim
565 2499 598 2550 ut
615 2497 773 2568 principium
799 2497 1031 2551 demonstrationis
1049 2498 1073 2550 ei
1092 2498 1217 2552 scientiae
1234 2517 1293 2569 pro·

171 2584 259 2654 prium
278 2585 322 2650 sit,
341 2585 369 2638 in
388 2602 440 2654 qna
457 2589 621 2655 proponatur
639 2585 838 2653 demonstratio,
858 2585 935 2640 Anal.
955 2589 1024 2656 post.
1043 2586 1057 2638 Ι
1075 2587 1099 2640 7.
1120 2586 1172 2639 75·
1190 2588 1225 2640 38
1245 2590 1293 2641 οὐκ

173 2678 226 2745 ἀρα
255 2675 331 2728 ἔστιν
355 2676 383 2735 ἐξ
408 2677 491 2728 ἀλλου
510 2680 605 2744 γένους
622 2678 782 2748 μεταβάντα
802 2675 904 2737 δεῖξαι·
933 2704 966 2712 -
992 2677 1021 2728 ἐκ
1048 2677 1102 2750 γάρ
1130 2685 1179 2728 τοῦ
1208 2679 1293 2729 αὐτοῦ

171 2766 268 2831 γένους
288 2764 392 2832 ἀνάγκη
412 2765 445 2815 τά
465 2768 534 2837 ἀκρα
552 2768 599 2817 καὶ
618 2765 652 2816 τά
670 2768 744 2836 μέσα
764 2763 840 2817 εἶναι,

243 2885 266 2939 ἐ.
292 2885 356 2940 Met.
375 2887 399 2938 V
418 2887 460 2941 ll.
480 2886 570 2941 1018b
585 2887 619 2942 32
638 2890 708 2941 κατὰ
726 2889 851 2960 μὲνγὰρ
870 2889 1016 2957 τὸνλόγον
1035 2889 1068 2940 τά
1087 2889 1210 2940 καθόλου
1224 2889 1291 2961 πρό-

171 2994 244 3048 τερα,
264 2977 334 3029 κατά
354 2976 384 3029 δὲ
404 2977 453 3042 τήν
471 2979 605 3043 αἴσθησιν
623 2979 657 3030 τὰ
676 2973 745 3030 καθ’
763 2977 872 3030 ἕκαστα.

92 3235 163 3278 »ης
238 3207 331 3269 Anal.
362 3208 444 3289 post.
473 3207 508 3270 H
530 3216 559 3273 3.
597 3205 657 3273 90b
681 3216 732 3273 24.
778 3202 831 3272 Αί
866 3203 962 3293 ἀρχαὶ
996 3219 1061 3271 τῶν
1095 3202 1292 3284 ἀποδείξεων
1319 3219 1418 3262 definitio

172 3307 311 3397 όρισμοί,
336 3305 380 3376 ὧν
402 3311 453 3377 ότι
477 3311 534 3379 οὐκ
556 3307 685 3378 ἔσονται
708 3309 894 3391 ἀποδείξεις
918 3310 1080 3377 δέδεικται
1105 3311 1289 3398 πρότερον.

173 3453 214 3466 -
231 3416 366 3504 ὁρισμὸς
379 3415 439 3500 μὲν
451 3419 571 3505 γὰρτοῦ
590 3415 625 3482 τί
647 3417 716 3484 ἐστι
739 3417 796 3484 καί
820 3415 948 3496 οὐσίας·
995 3415 1030 3482 oti
1055 3405 1087 3482 δ’
1106 3413 1290 3502 ἀποδείξεις

172 3519 346 3610 φαίνονται
370 3534 478 3588 πάσαι
502 3519 740 3608 ὑποτιθέμεναι
764 3523 820 3591 καί
836 3524 1061 3608 λαμβάνουσαι
1085 3525 1122 3589 τὸ
1144 3520 1178 3588 τί
1194 3521 1289 3604 ἐστιν,

171 3617 239 3693 οἷον
262 3624 297 3693 ai
320 3628 556 3718 μαθηματικαὶ
585 3626 621 3695 τί
642 3631 743 3714 μονάς
765 3630 822 3696 καί
850 3628 884 3695 τί
907 3632 946 3696 τό
975 3631 1144 3718 περιττόν,
1173 3629 1230 3696 καί
1254 3626 1290 3695 αἱ

172 3731 270 3799 ἀλλαι
294 3731 442 3817 δμοίωςῦ.

7 3931 11 4032 j
92 3961 161 4000 312ss
237 3929 284 3992 Ib.
310 3937 360 3994 10.
387 3929 447 3996 93¹³
471 3939 523 3996 29.
567 3919 724 4017 Ὁρισμὸς
746 3918 780 3995 δ’
799 3925 1064 4018 ἐπειδή-λέγεται
1088 3922 1170 3996 εἶναι
1194 3929 1287 4016 λόγος
1315 3947 1411 4040 γγὲἰζῗξ

170 4044 228 4100 τοῦ
250 4031 285 4098 τί
307 4033 387 4116 ἐστι,
418 4037 556 4123 φανερὸν
583 4037 634 4101 ὅτι
666 4036 684 4102 ό
705 4034 764 4120 μέν
787 4061 838 4114 τις
860 4031 954 4102 ἐσται
977 4036 1071 4122 λόγος
1093 4047 1151 4102 τοῦ
1172 4032 1207 4100 τί
1229 4057 1288 4123 οη·

170 4138 277 4223 μαίνει
308 4143 346 4207 τό
376 4139 478 4225 όνομα
508 4142 645 4231 ἣλόγος
673 4141 780 4231 ἕτερος
810 4141 1027 4232 ὀνοματιόδης.
1059 4179 1100 4190 -
1131 4142 1229 4220 ἀλλος
1252 4129 1285 4206 δ’
1317 4159 1396 4200 anoni

171 4245 258 4313 ἐστίν
288 4247 362 4334 ὅρος
391 4249 484 4334 λόγος
507 4249 525 4314 ό
548 4249 654 4338 δηλῶν
676 4249 732 4314 διὰ
755 4247 789 4314 τί
811 4245 907 4316 ἔστιν.
954 4252 1037 4314 ὥστε
1066 4249 1084 4314 ό
1113 4247 1172 4332 μὲν
1205 4247 1289 4336 πρό-

171 4376 262 4440 τερος
285 4351 435 4441 σημαίνει
458 4353 517 4438 μὲν
540 4353 680 4422 δείκνυσι
703 4346 738 4421 δ’
757 4353 806 4436 σ’ό,
831 4356 849 4421 ό
873 4345 907 4421 δ>
926 4357 1054 4444 ὕστερος
1078 4357 1216 4443 φανερὸν
1239 4355 1290 4420 ότι

171 4451 263 4525 ἔσται
296 4449 364 4526 οἷον
391 4459 561 4539 ἀπόδειξις
589 4472 647 4527 τοῦ
677 4459 711 4526 τί
742 4460 827 4544 ἐστι,
862 4461 905 4550 τῇ
928 4459 1021 4528 θέσει
1045 4459 1210 4550 διαφέρων
1232 4473 1290 4549 τῆς
