3156 4988
590 378 679 432 PrIma
695 378 866 449 philosophia.
1231 375 1286 438 319

169 533 227 602 καί
250 535 389 602 αὐτόθεν
412 535 637 624 ἕπιστήσασιν,
661 536 697 604 οὗ
719 539 781 625 μὴν
802 536 887 602 ἀλλὰ
908 538 1032 620 μᾶλλον
1059 533 1109 604 ἔτι
1133 540 1286 626 προϊοῦσι

169 653 266 708 τοῦτο
289 640 475 727 συμβαίνειν
498 641 679 728 ἀναγκαῖον.
725 639 755 709 εἰ
777 645 837 731 γὰρ
861 656 925 708 τῶν
946 641 1006 726 μὲν
1028 656 1165 732 κινητῶν
1188 641 1286 710 ὄντων

169 761 235 814 τῶν
264 747 301 815 δὲ
329 761 499 837 κινητικῶν
528 747 583 815 ὁτὲ
610 748 670 832 μὲν
698 744 792 815 ἔσται
821 773 855 815 τι
877 762 1008 837 πρῶτον
1034 761 1154 831 κινοῦν,
1189 748 1287 816 τὸδὲ

169 855 362 938 κινούμενον,
385 853 440 921 δτδ
458 843 490 920 δ’
509 853 613 936 οὐθέν,
637 845 710 920 ἀλλ’
729 855 847 944 ἠρεμεῖ,
870 855 1046 940 ἀναγκαῖον
1068 866 1162 922 τοῦτο
1183 879 1286 938 μετα-

169 959 304 1045 βάλλειν
333 961 508 1050 πρότερον·
553 957 590 1048 ἦν
620 961 682 1048 γάρ
711 986 745 1027 τι
769 958 876 1027 αἴτιον
903 973 961 1050 τῆς
989 959 1139 1050 ἠρεμίας·
1184 963 1285 1050 ἦμάρ

170 1065 325 1156 ἠρέμησις
358 1065 508 1155 στέρησις
541 1079 598 1155 της
632 1067 793 1156 κινήσεως.
840 1069 924 1133 ὥστε
960 1069 1026 1155 πρὸ
1060 1079 1118 1156 της
1151 1069 1286 1157 πρώτης

169 1173 350 1262 μεταβολῆς
372 1168 466 1238 ἔσται
488 1173 651 1262 μεταβολὴ
675 1171 830 1260 προτέρα.
856 1212 897 1220 -
923 1174 1073 1241 251118.
1097 1174 1114 1240 δ
1137 1163 1172 1239 δ’
1190 1173 1286 1253 αὐτὸς
1313 1175 1414 1216 aeternus

171 1277 266 1363 λόγος
287 1278 345 1344 καὶ
368 1277 446 1367 περὶ
468 1289 527 1344 τοῦ
548 1277 724 1368 δίφθαρτον
753 1271 837 1344 εἶναι
866 1280 923 1368 τὴν
945 1277 1085 1368 κίνησιν·
1130 1279 1287 1368 καθάπερ

171 1387 232 1472 γὰρ
256 1383 314 1451 ἐπὶ
336 1396 394 1451 τοῦ
416 1383 569 1470 γενέσθαι
592 1383 716 1474 κίνησιν
737 1383 902 1470 συνέβαινε
924 1383 1088 1474 προτέραν
1110 1379 1195 1452 εἷναί
1213 1411 1287 1452 τινα

171 1491 353 1579 μεταβολὴν
374 1504 433 1579 τῆς
455 1492 604 1580 πρώτης,
640 1492 741 1569 οὕτως
764 1490 909 1558 ἐνταῦθα
931 1489 1067 1579 ὑστέραν
1096 1503 1154 1580 τῆς
1181 1492 1288 1558 τελευ-

171 1593 284 1674 ταιάς·
315 1596 435 1684 οὐγὰρ
459 1599 528 1680 άμα
552 1597 693 1662 παύεται
716 1597 899 1679 κινούμενον
921 1596 980 1663 καὶ
1002 1599 1130 1686 κινητὸν
1152 1595 1197 1679 δν,
1220 1587 1288 1664 οἷον

171 1701 328 1785 καόμενον
359 1702 416 1769 καὶ
447 1704 587 1769 καοστδν
616 1700 651 1769 δν
685 1701 858 1788 (ἐνδέχεται
887 1705 947 1792 γάρ
970 1705 1109 1770 καυστὸν
1138 1697 1222 1770 εἶναι
1242 1705 1288 1792 μὴ

170 1807 356 1894 καόμενον),
392 1808 466 1876 οὐδὲ
494 1811 658 1898 κινητικὸν
685 1808 743 1876 καί
770 1821 885 1877 κινοῦν.
931 1809 989 1876 καὶ
1016 1812 1055 1877 τὸ
1077 1811 1230 1898 φθαρτὸν
1252 1807 1289 1876 δὲ

172 1913 277 2001 δεήσει
299 1920 479 2003 φθαρῆναι,
504 1916 583 1982 ὅταν
605 1913 803 2004 φθείρηται·
848 1914 906 1981 καὶ
935 1916 973 1982 τὸ
1002 1915 1116 1983 τούτου
1139 1921 1288 2004 φθαρτι-

171 2021 229 2086 κὸν
252 2021 354 2086 πάλιν
376 2024 521 2110 ὕστερον·
567 2021 707 2109 καὶγὰρ
730 2023 749 2110 ἡ
772 2024 887 2109 φθορὰ
915 2022 1079 2110 μεταβολή
1108 2019 1160 2100 τίς
1190 2020 1287 2086 ἔστιν.

172 2122 203 2192 εὶ
232 2127 271 2214 δὴ
304 2117 400 2192 ταῦτ’
418 2127 570 2208 άδάνατα,
608 2129 704 2216 δῆλον
740 2129 785 2205 ὡς
814 2124 902 2193 ἔστιν
924 2125 1028 2206 άίδιος
1050 2125 1183 2216 κίνησις,
1213 2115 1285 2192 άλλ>

174 2229 231 2313 οὐχ
253 2231 308 2298 δτὲ
329 2232 389 2316 μὲν
411 2231 449 2322 ἦν
471 2233 526 2300 ὁτὲ
548 2225 582 2300 δ’
601 2233 666 2300 οίί1Ι

245 2426 274 2466 a.
294 2411 332 2468 Cf.
351 2413 414 2466 Met.
433 2413 486 2466 XII
509 2415 532 2466 6.
552 2414 576 2467 7.
613 2412 750 2466 Infinitum
773 2429 860 2465 rerum
884 2414 985 2466 motum
1008 2411 1082 2466 velut
1105 2411 1290 2481 sempiternam

172 2501 284 2552 naturae
311 2501 394 2554 vitam
421 2518 477 2554 esse
505 2501 627 2554 docebat:
657 2501 736 2568 Phys.
755 2499 820 2552 VH]
840 2502 863 2554 1.
892 2499 1029 2566 25012143
1056 2499 1084 2553 H
1102 2501 1126 2553 1.
1156 2497 1289 2553 192113.

172 2587 269 2660 Νεησο
289 2589 394 2643 initium
417 2593 505 2643 motus
530 2590 700 2660 repetendum
725 2590 757 2642 ab
782 2589 882 2642 anima:
911 2589 950 2642 De
968 2588 1054 2642 Anim.
1081 2588 1139 2642 14.
1164 2587 1289 2642 408132

174 2679 246 2730 πολὺ
265 2678 297 2731 δὲ
316 2690 369 2730 τῶν
388 2683 536 2752 εἰρημένων
555 2681 731 2748 ἀλογώτατον
751 2681 782 2731 τὸ
801 2682 891 2748 λέγειν
904 2680 1028 2751 ἀριθμὸν
1045 2677 1116 2730 εἶναι
1135 2678 1184 2743 την
1198 2678 1291 2746 ψυχὴν

172 2763 301 2819 κινοῦνθ’
319 2767 425 2820 ἑαυτόν.
444 2795 479 2806 -—
506 2779 564 2828 πῶς
583 2769 637 2838 γὰρ
651 2769 706 2838 χρὴ
725 2777 823 2835 νοῆσαι
840 2767 954 2840 μονάδα
972 2770 1149 2837 κινουμένην,
1169 2768 1216 2817 καὶ
1236 2766 1290 2818 ὑπὸ

173 2859 256 2918 τίνος,
281 2859 410 2918 καὶπῶς,
437 2858 525 2930 ἀμερῆ
542 2861 589 2909 καὶ
608 2857 766 2929 ἀδιάφορον
785 2853 872 2909 οὖσαν
880 2879 889 2922 ,·
914 2861 938 2909 εἰ
956 2858 1010 2926 γάρ
1028 2857 1088 2909 ἐστι
1105 2855 1224 2920 κινητικὴ
1243 2856 1291 2906 καὶ

173 2946 274 3010 κινητή,
294 2944 438 3016 διαφέρειν
456 2945 506 2998 δεῖ.
543 2944 582 2997 Ib.
601 2944 642 2997 ΙΠ
661 2945 703 2998 10.
722 2944 795 2998 4391)
814 2945 856 2998 26.

1335 3247 1424 3278 movens

173 3294 232 3362 καὶ
254 3297 299 3384 μὴ
322 3294 513 3377 διαλείπειν,
544 3297 664 3385 ἀνάγκη
688 3289 774 3362 εἶναί
795 3321 829 3361 τι
851 3293 870 3361 ὃ
892 3308 1024 3382 πρῶτον
1046 3297 1141 3373 κινεῖ,
1171 3289 1236 3358 εἴτε
1257 3287 1291 3358 ἓν

173 3397 240 3468 εἴτε
270 3400 390 3483 πλείω,
425 3401 484 3468 καί
512 3405 551 3469 τὸ
579 3417 712 3488 πρῶτον
742 3413 848 3468 κινοῦν
871 3399 1029 3488 άκίνητον.
1074 3397 1212 3464 ἕκαστον
1233 3396 1293 3481 μὲν

175 3505 230 3574 οὖν
253 3505 359 3574 άίδιον
380 3502 463 3574 εἶναι
486 3521 550 3574 τῶν
573 3509 731 3596 ἀκινήτων
760 3507 820 3591 μὲν
842 3507 1012 3572 κινούντων
1035 3503 1071 3571 δὲ
1094 3502 1186 3572 οὐδὲν
1209 3505 1293 3591 πρὸς

174 3616 232 3680 τὸν
261 3624 315 3678 νῦν
345 3614 451 3700 λόγον·
498 3615 550 3679 ὅτι
572 3603 604 3680 δ’
626 3614 801 3700 ἀναγκαῖον
830 3605 914 3678 εἶναί
942 3636 976 3676 τι
1003 3611 1041 3676 τὸ
1064 3606 1214 3698 ἀκίνητον
1235 3607 1294 3692 μὲν

176 3719 256 3786 αὐτὸ
279 3719 390 3810 πάσης
412 3733 470 3808 της
493 3719 584 3798 ἐκτὸς
607 3719 788 3807 μεταβολῆς
810 3717 867 3784 καί
886 3717 1001 3794 ἅπλῶς
1024 3715 1188 3781 καὶκατὰ
1211 3737 1293 3798 συμ-

174 3825 330 3914 βεβηκός,
359 3828 522 3914 κινητικὸν
545 3828 564 3892 δ
571 3815 580 3841 ’
600 3823 725 3911 ἑτέρου,
761 3825 857 3913 δῆλον
885 3819 947 3888 ὧδε
976 3831 1164 3887 σκοποῦσιν.
1210 3817 1293 3885 ἔστω

176 3922 222 4011 δ’,
245 3929 278 3998 εἴ
298 3957 349 4010 τις
370 3933 540 4016 βούλεται,
571 3929 630 3997 ἐπί
660 3955 756 3996 τινων
784 3929 982 4012 ἐνδεχόμενον
1005 3915 1085 3993 ὥστ’
1104 3917 1189 3991 εἶναί
1212 3947 1294 3990 ποτε

175 4037 235 4104 καὶ
264 4040 310 4126 μὴ
339 4031 422 4103 εἶναι
451 4037 523 4104 ἄνευ
554 4035 702 4123 γενέσεως
730 4035 787 4101 καὶ
810 4040 952 4122 φθοράς.
998 4033 1081 4114 τάχα
1111 4032 1171 4117 γὰρ
1195 4029 1294 4114 οἰναγ-

176 4148 282 4224 καῖον,
306 4139 391 4210 εἴτι
414 4142 529 4231 ἀμερὲς
551 4142 606 4209 ὁτὲ
627 4142 687 4226 μὲν
709 4139 797 4207 ἔστιν
828 4139 882 4206 ὁτὲ
904 4139 942 4205 δὲ
963 4140 1006 4227 μή
1031 4137 1119 4204 ἐστιν
1142 4135 1215 4200 άνευ
1237 4145 1296 4200 τοῦ

176 4248 401 4333 μεταβάλλειν,
425 4249 479 4316 ὁτὲ
501 4248 560 4333 μὲν
583 4242 667 4315 εἶναι
690 4245 745 4313 ὁτὲ
768 4245 870 4334 δὲμὴ
894 4238 978 4310 εἶναι
1001 4254 1070 4308 πᾶν
1084 4243 1122 4308 τὸ
1137 4251 1295 4307 τοιοῦτον.

176 4354 237 4421 καὶ
266 4369 330 4421 των
359 4355 464 4444 ἅρχων
493 4369 557 4420 τῶν
586 4355 745 4442 οόιινήτων
772 4351 831 4436 μὲν
860 4363 1032 4440 κινητικῶν
1061 4338 1094 4414 δ’
1120 4343 1207 4425 ἐνίας
1242 4344 1297 4412 ὁτὲ

176 4460 237 4544 μὲν
260 4454 344 4528 εἶναι
367 4460 421 4528 ὁτὲ
444 4461 546 4550 δὲμὴ
569 4453 661 4542 εἶναι,
685 4457 863 4540 ἐνδεχέσθω
886 4456 944 4522 καὶ
965 4465 1071 4521 τοῦτο.
1117 4441 1192 4518 άλλ>
1210 4450 1248 4518 οδ
1263 4476 1297 4517 τι

4 3143 12 3264 1
120 3223 163 3262 ειν
241 3189 338 3273 Phys.
361 3192 443 3255 VIH
468 3201 496 3256 6.
521 3191 603 3258 2581
629 3200 679 3258 10.
724 3180 816 3256 ,Επεὶ
838 3189 875 3255 δὲ
898 3190 947 3255 δεῖ
976 3185 1101 3276 κίνησιν
1130 3186 1180 3252 ἀεὶ
1206 3180 1291 3253 εἶναι
1317 3183 1450 3236 1111111111

6 3461 8 3506 1
