3140 4990
606 285 787 355 Anaxagoras.
1208 283 1261 346 119

209 459 238 503 a.
265 445 390 514 Explicat
408 446 477 500 hana
495 446 656 500 sententiam
676 445 719 500 Ar.
734 444 814 515 Phys.
829 446 844 499 I
858 447 885 508 4,
900 445 981 500 1871)
1001 446 1026 499 1.
1051 443 1096 497 διό
1117 461 1187 515 φασι
1203 448 1260 498 πᾶν

134 531 170 585 ἐν
187 537 272 587 παντὶ
289 538 443 603 μεμῖχθαι,
467 532 535 586 διότι
558 537 615 586 πᾶν
636 531 667 586 ἐκ
685 533 789 592 παντός
807 531 902 604 ἑώρων
920 531 1088 603 γινόμενον·
1108 538 1261 603 φαίνεσθαι

133 621 171 676 δὲ
189 621 361 692 διαφέροντα
375 625 421 674 καλ
435 621 694 692 προσαγορεύεσθαι
711 621 790 690 ἕτερα
803 619 927 687 α’λλη’λιιιν
942 619 972 673 ἐκ
986 623 1034 674 τοῦ
1046 620 1164 692 μάλισθ’
1176 622 1260 692 ὑπερ-

133 713 249 780 έχοντος
267 710 315 764 διδ
333 710 438 776 πλῆθος
455 710 486 762 ἐν
505 715 538 780 τῇ
556 715 629 782 μίξει
647 714 704 763 τῶν
722 707 853 780 α’πείρων.
871 710 1023 780 εἰλικρινῶς
1047 713 1101 781 μὲν
1119 710 1175 781 γιίρ
1194 707 1261 762 ὅλον

135 798 234 851 λευκόν
253 798 268 862 ἢ
285 798 371 869 μέλαν
389 796 405 861 ἢ
422 795 510 868 γλνκδ
529 800 545 863 ἢ
562 799 651 868 σόρκα
672 796 806 862 ἢδστοόν
824 797 874 852 οόκ
892 785 978 863 εἶναι,
997 798 1062 850 ὅπου
1081 797 1112 850 δὲ
1131 798 1261 851 πλεῖστον

134 885 208 958 ἔχει,
226 891 304 938 τοῦτο
323 886 417 940 δοκεῖν
435 875 506 940 εἶναι
520 886 569 951 την
583 887 669 958 φύσιν
683 891 732 939 τοῦ
746 886 919 958 πράγματος.
956 888 998 942 cf.
1012 889 1094 944 Anax.
1110 905 1152 956 ap.
1168 887 1261 957 Simpl.

137 975 217 1046 Phys.
232 977 294 1030 35¹.
314 977 375 1041 164,
394 977 429 1031 26
443 977 476 1030 D.
513 976 605 1046 Simpl¹
620 978 700 1047 Phys.
713 979 729 1032 6
744 989 765 1031 v,
785 978 828 1042 27,
843 977 860 1032 5
874 979 906 1032 D.
945 975 1037 1028 Ηιίντυ
1056 974 1109 1044 γδρ
1123 974 1156 1028 τυί
1170 974 1262 1046 ὁμοιο-

135 1069 218 1132 μερῆ,
235 1055 293 1116 οἷον
312 1063 389 1132 ὕδωρ
408 1061 498 1134 invio
513 1061 655 1134 ἢχρνσόν,
673 1062 794 1134 οἶγένητα
812 1069 865 1136 μὲν
884 1051 953 1118 εἶναι
971 1068 1017 1117 καλ
1035 1062 1174 1133 ἄφθαρτα,
1193 1069 1261 1132 φαί-

133 1156 237 1206 νεσθαι
247 1152 280 1205 δὲ
290 1151 427 1223 γινόμενα
439 1155 485 1204 καὶ
497 1151 674 1224 α’πολλόμενα
684 1157 824 1224 συγκρίσει
833 1155 878 1205 καὶ
892 1153 1029 1222 διακρίσει
1040 1150 1137 1222 μόνον,
1150 1151 1262 1206 πόντων

134 1244 191 1311 μὲν
210 1240 240 1294 ἐν
258 1244 342 1293 πόσιν
361 1239 457 1306 όντων,
484 1241 600 1294 ἑκάστου
618 1242 650 1294 δὲ
669 1241 737 1295 κατδ
756 1241 789 1294 ιδ
808 1241 972 1312 ἐπικρατοῦν
991 1241 1021 1294 ἐν
1039 1239 1114 1312 αὐτῷ
1125 1259 1262 1311 χαρακιη·

135 1329 289 1400 ριζομένου.
309 1329 414 1399 χρυσός
432 1328 487 1399 γιίρ
507 1334 633 1400 φαίνεται
653 1329 751 1395 έκεῖνο,
771 1329 801 1384 έν
819 1316 840 1404 ᾦ
858 1330 925 1384 πολι)
945 1335 1062 1400 χρυσίον
1080 1327 1151 1395 ἐστί,
1176 1334 1262 1382 καίτοι

136 1414 252 1471 ’πόντων
271 1417 399 1472 ἐνόντων.

208 1507 239 1562 λ).
266 1509 348 1563 Arist.
368 1508 447 1578 Phys.
461 1509 527 1562 VIII
544 1509 569 1564 5.
590 1510 669 1565 2561)
689 1509 731 1564 24.
758 1508 802 1562 διδ
820 1511 865 1562 καὶ
877 1507 1060 1577 Ἀναξαγόρας
1072 1506 1165 1577 ὀρδῶς
1181 1506 1263 1576 λέγει,

134 1593 186 1648 τδν
196 1600 263 1647 νοῦν
273 1591 367 1658 ἀπαθῆ
381 1596 494 1666 φάσκων
508 1599 553 1648 καὶ
566 1593 652 1668 α’μιγῆ
666 1585 747 1662 εἶναι,
767 1595 915 1666 ἐπειδήπερ
929 1592 1060 1662 κινήσεως
1074 1592 1162 1666 α’ρχην
1175 1591 1263 1649 αὐτόν

136 1690 213 1737 ποιεῖ
222 1671 308 1736 εἶναι·
324 1681 396 1737 οὕτω
409 1681 463 1754 γιὶρ
476 1681 512 1736 ιῖν
521 1686 615 1757 μόνως
628 1691 714 1750 κινοίη
724 1685 849 1750 α’κίνητος
860 1683 901 1738 τόν
914 1689 961 1737 καὶ
971 1689 1083 1756 κρατοίη
1095 1682 1196 1756 οἱμιγης
1215 1682 1261 1740 ὤν.

209 1788 237 1830 ε.
264 1774 384 1843 Anaxag.
404 1791 446 1844 ap.
466 1774 558 1844 Simpl.
578 1775 656 1844 Phys.
677 1777 711 1831 67
721 1789 739 1830 ¹.
759 1777 821 1842 300,
841 1778 875 1831 31
895 1777 927 1830 D,
964 1775 1024 1828 ἐπεὶ
1049 1773 1146 1843 ἤρξατο
1165 1776 1180 1826 ό
1198 1773 1263 1833 νόος

135 1869 232 1927 κινεῖν,
251 1859 307 1914 α’πό
325 1866 376 1914 τοῦ
393 1863 553 1932 κινουμένου
572 1862 673 1924 παντὸς
691 1862 859 1934 α’πεκρίνετο,
877 1867 923 1917 καί
941 1861 1009 1916 ὅσον
1030 1863 1153 1926 ἐκίνησεν
1173 1862 1263 1922 όνδος

135 1955 193 2004 πᾶν
217 1955 297 2003 τοῦτο
322 1949 463 2020 διεκρίθη·
483 1953 651 2022 κινεομένων
676 1953 709 2007 δὲ
733 1955 779 2006 καὶ
803 1953 1020 2024 διακρινομένων
1044 1954 1060 2017 ἦ
1084 1951 1263 2024 περιχωρησις

135 2039 226 2110 πολλῷ
241 2039 346 2110 μᾶλλον
365 2036 450 2092 ἐποίει
469 2039 669 2110 διακρίνεσθαι,

209 2129 239 2184 εἰ.
259 2128 349 2183 Prima
372 2131 478 2182 tantum
502 2129 621 2184 movendi
646 2130 718 2200 origo
743 2146 759 2184 a
777 2131 864 2184 mente
871 2151 878 2195 ;
906 2131 993 2184 cetera
1011 2129 1094 2184 efficit
1112 2130 1171 2198 ipsa
1189 2145 1423 2210 nanayrincipionuo

1272 2210 1322 2250 ipsa
1338 2212 1415 2251 parum

135 2217 267 2288 χωρησις.
304 2217 418 2272 Deficere
448 2218 632 2287 philosophum
661 2236 678 2272 a
705 2219 833 2288 principio
867 2234 914 2272 suo
942 2209 1021 2272 Plato
1053 2219 1153 2288 aliique
1185 2235 1263 2288 argu·
1309 2253 1383 2295 utitur

137 2309 195 2361 uni.
231 2307 302 2360 Plat.
322 2305 428 2360 Phaedo
446 2307 481 2361 97
495 2307 525 2361 Β.
560 2299 680 2366 οἰκούσας
698 2307 752 2376 μέν
770 2321 840 2358 ποτε
859 2303 889 2358 ἐκ
907 2305 1008 2374 βιβλίου
1027 2305 1115 2368 τινός,
1143 2305 1178 2366 ὠς
1198 2303 1262 2376 ἐφη,

138 2387 326 2463 Ἀναξαγόρου,
344 2391 601 2462 ἀναγιγνώσκοντος
619 2399 664 2446 καί
683 2395 829 2462 λέγοντος,
856 2393 893 2453 ιός
916 2392 970 2463 ἄρα
988 2397 1053 2454 νοῦς
1072 2394 1147 2448 ἐστιν
1166 2389 1180 2447 o'
1199 2395 1263 2447 δια·

136 2487 250 2554 κοσμῶν
274 2499 304 2535 τε
328 2485 374 2534 καὶ
398 2482 512 2535 πάντων
535 2486 634 2551 α’ίτιος,
659 2479 742 2553 ταύτῃ
768 2479 803 2548 δὴ
823 2486 856 2550 τῇ
874 2486 948 2552 αἰτίᾳ
967 2483 1054 2548 ἥσθην
1073 2499 1104 2534 τε
1122 2485 1166 2534 καὶ
1184 2480 1265 2542 ἔδοξέ

135 2592 187 2642 μοι
214 2569 320 2641 τρόπον
348 2570 412 2623 τινα
439 2556 470 2623 εὖ
498 2568 574 2642 ἔχειν
601 2572 634 2624 τό
662 2571 710 2624 τόν
734 2575 802 2624 νοῦν
827 2559 1026 2624 εἶναιπάντων
1045 2571 1208 2627 αἵτιονκτλ.
1229 2601 1263 2612 --

137 2663 173 2716 98
187 2661 217 2716 Β.
243 2658 297 2713 α’πὸ
316 2659 352 2725 δὴ
370 2664 534 2730 θαυμαστῆς
552 2658 664 2720 ἐλπίδος
678 2656 790 2733 ρι’χόμην
804 2659 973 2731 φερόμενος,
992 2657 1087 2724 ἐπειδη
1100 2659 1204 2728 προϊών
1218 2661 1263 2711 καὶ

136 2745 357 2818 α’ναγιγνυίσκων
376 2742 432 2818 δρῶ
450 2745 540 2818 ἄνδρα
560 2752 598 2819 τῷ
615 2749 668 2818 μὲν
687 2754 726 2820 νῴ
742 2744 825 2802 ου’δίν
841 2747 989 2819 χριόμενον
1004 2744 1072 2800 ου’δέ
1084 2766 1160 2808 τινας
1174 2750 1263 2807 αἰτίας

136 2834 342 2906 ἐπαιτιωμενον
361 2841 398 2897 εἰς
416 2836 446 2889 τό
465 2837 627 2908 διακοσμεῖν
640 2837 672 2890 ιδ
687 2837 849 2908 πράγματα,
868 2835 950 2907 α’ἐρας
971 2837 1004 2891 δὲ
1023 2839 1068 2889 καί
1086 2839 1202 2907 αἰθέρος
1216 2839 1263 2888 καί

137 2921 227 2978 ὕδατα
256 2926 421 2996 αἰτιιόμενον
448 2927 494 2977 καὶ
521 2924 590 2978 ἄλλα
620 2925 708 2979 πολλὰ
736 2929 781 2978 καί
808 2925 903 2982 ἄτοπα.
941 2926 982 2982 cf.
1007 2926 1088 2981 Plato
1115 2927 1178 2996 Leg.
1206 2925 1263 2980 XII

137 3015 191 3069 967
211 3014 241 3068 Β.
260 3013 290 3069 0.
337 3015 420 3070 Arist.
448 3015 510 3070 Μελ.
537 3015 551 3068 Ι
576 3017 601 3070 4.
627 3015 679 3070 985
695 3028 708 3056 ⁸
727 3016 769 3070 18.
804 3012 985 3085 Ἀναξαγόρας
1013 3032 1042 3067 τε
1069 3013 1125 3084 γδρ
1152 3015 1264 3086 μηχανῇ1

137 3106 239 3172 χρῆται
270 3107 310 3174 τῷ
333 3106 373 3175 νῷ
399 3102 469 3174 πρός
495 3101 546 3168 τη“ν
577 3109 770 3175 κοσμοποιίαν,
802 3105 847 3156 καλ
879 3101 947 3156 όταν
979 3101 1104 3176 α’πορὴση
1136 3100 1181 3156 διοῖ
1212 3109 1265 3158 τίν’

137 3193 231 3243 αἰτίαν
249 3190 278 3251 ἐξ
297 3187 415 3260 όνόγκης
434 3190 494 3245 ἐστί
497 3236 505 3262 ,
528 3191 590 3246 τότε
609 3193 737 3263 παρέλκει
756 3190 851 3259 ου’τόν,
870 3192 901 3245 ίν
924 3191 957 3246 δὲ
980 3199 1034 3251 τοῖς
1057 3191 1145 3252 ἄλλοις
1171 3191 1264 3246 πάντα

137 3279 245 3350 μᾶλλον
273 3281 393 3332 αἰτιᾶται
417 3284 473 3333 τοῖν
497 3283 673 3353 γιγνομένων
698 3278 714 3344 ἢ
733 3283 807 3337 νοῦν.
845 3281 903 3336 Ι7.
923 3279 1004 3336 988b
1023 3282 1048 3336 8.
1078 3285 1103 3332 οἰ
1129 3281 1182 3351 μὲν
1208 3279 1263 3351 γιὲρ

136 3371 207 3420 νοῦν
226 3367 355 3435 λέγοντες
374 3364 390 3432 ἢ
410 3369 505 3437 φιλίαν
524 3371 558 3429 ιδς
578 3366 691 3439 α’γαθδν
713 3371 768 3439 μέν
785 3389 811 3422 τι
829 3367 932 3428 ταύτας
956 3367 1003 3427 τδς
1027 3369 1114 3428 αἰτίας
1131 3369 1263 3438 τιθέασιν,

137 3453 172 3508 ου’
188 3454 245 3525 μην
264 3455 300 3514 ιδς
318 3451 419 3508 ἕνεκα
435 3473 470 3526 γε
488 3458 590 3512 τούτων
609 3455 627 3521 οἲ
645 3455 680 3510 όν
698 3454 714 3520 ἢ
733 3456 903 3529 γιγνόμενόν
921 3474 948 3509 τι
966 3461 1021 3508 ταῖν
1039 3455 1136 3521 όντων,
1153 3453 1213 3509 αλλ’
1227 3453 1264 3516 οἷς

138 3542 206 3597 τίπδ
223 3543 326 3596 τούτων
344 3543 393 3604 τοίς
411 3546 530 3610 κινήσεις
548 3545 632 3606 οὔσας
651 3546 786 3616 λέγουσιν.
815 3545 907 3615 simpl.
926 3545 1006 3615 Phys.
1018 3545 1052 3599 73
1067 3556 1088 3602 V.
1104 3545 1165 3610 327,
1182 3547 1217 3600 26
1231 3546 1262 3602 D.

132 3629 318 3700 Ἀναξαγόρας
336 3633 370 3687 δὲ
388 3633 437 3686 τόν
451 3639 518 3688 νοῦν
536 3628 627 3704 ἐάσας,
646 3631 684 3695 nic
702 3652 786 3705 φησιν
804 3631 938 3704 Εὔδημος,
958 3635 1004 3686 καὶ
1023 3629 1210 3704 αότοματίζων
1229 3635 1264 3684 τιί

138 3720 225 3775 πολλα
244 3727 411 3784 συνίστησιν.

210 3823 237 3865 ε.
267 3810 438 3880 Anaxagoras
463 3827 505 3881 ap.
531 3812 624 3882 Simpl.
650 3811 729 3882 Phys.
749 3813 784 3867 38
800 3823 819 3867 ¹.
849 3812 909 3874 176,
928 3812 963 3865 29
987 3813 1015 3864 ei
1034 3809 1093 3872 175,
1113 3809 1148 3862 12
1166 3809 1198 3862 D.
1232 3803 1265 3860 ου’

138 3896 305 3968 κεχώρισται
322 3896 447 3962 α’λλήλων
464 3898 498 3952 τό
516 3897 547 3952 ἐν
566 3903 605 3971 τῷ
625 3899 666 3953 ἐνί
684 3895 779 3970 κόσμῳ
798 3897 864 3952 ου’δὲ
878 3898 1063 3951 ἅποκέκοπται
1077 3895 1184 3949 πελέκει
1202 3894 1265 3949 οότε

139 3982 171 4039 τό
190 3985 300 4058 θερμόν
317 3986 375 4039 α’πδ
393 3991 442 4040 τοῦ
461 3992 573 4057 ψυχροῦ
591 3982 654 4041 οὔτε
671 3985 701 4040 τὸ
723 3986 836 4058 ψυχρόν
853 3985 908 4040 ainsi
926 3991 976 4040 τοῦ
994 3987 1111 4055 θερμοῦ.

211 4076 235 4131 ί.
265 4074 506 4144 Argumentantam
525 4077 655 4131 ἰοείιιαε1
675 4093 705 4130 ex
724 4076 859 4130 alimentis
878 4091 1013 4144 corporum
1041 4076 1069 4126 et
1095 4072 1264 4128 incrementis

212 4219 239 4286 1)
258 4219 317 4288 Ipse
335 4217 506 4286 Anaxagoras
525 4218 593 4272 dixit
611 4217 645 4286 (v.
666 4217 747 4282 Diels,
766 4217 883 4271 Hermes
901 4216 970 4269 XIII
980 4215 1009 4282 4)
1026 4217 1085 4272 πῶς
1103 4212 1157 4284 γάρ
1176 4209 1215 4266 δν
1234 4211 1265 4266 ἐκ

142 4305 179 4377 μὴ
197 4305 294 4376 τριχός
312 4309 418 4375 γίνοιτο
436 4308 502 4378 θρὶξ
520 4307 566 4358 καὶ
584 4303 653 4376 σδρξ
672 4303 702 4356 ἐκ
721 4301 760 4376 μη“
780 4302 892 4374 οαρκός;
918 4303 1003 4360 Sahal.
1023 4303 1051 4356 in
1070 4299 1176 4373 Gregor.
1197 4301 1265 4358 Naz.

144 4394 232 4465 Migna
251 4396 294 4460 36,
314 4395 374 4450 911.
