3146 4982
670 359 772 413 Ethiea.
836 337 838 340 Ι
1227 353 1282 416 438

162 507 322 608 ᾠήθησαν
349 519 388 584 τδ
418 516 495 605 περὶ
522 527 581 582 τοῦ
616 507 719 606 πάντ’
746 515 790 590 εὖ,
809 521 917 584 ποιεῖν
948 520 1003 584 τὸν
1032 520 1134 607 σοφδν
1163 519 1283 604 δόγμα·

163 627 249 691 κατὰ
283 627 321 692 τὸ
356 624 511 710 ἀνάλογον
545 623 581 690 δὲ
616 623 673 690 καί
700 625 756 690 τδν
786 626 943 712 φαῦλον
972 623 1084 690 πάντα
1107 626 1169 691 δ’σα
1192 629 1284 692 ποιεῖ
1311 642 1393 683 υσθυε

162 745 272 810 κακῶς
301 735 411 798 ποιεῖν
441 729 500 796 καί
531 732 617 796 κατά
648 730 761 810 πάσας
790 732 850 810 τὰς
880 728 1008 808 κακίας.
1067 729 1284 818 φιλομουσίαν

162 836 199 904 δὲ
221 837 279 904 καὶ
294 833 584 926 φιλυγραμματίαν
606 835 664 904 καὶ
687 835 875 926 φιλιππίαν
897 836 955 903 καὶ
978 835 1211 926 φιλοκυνηγίαν
1226 836 1284 904 καί

162 943 311 1010 καθόλου
334 941 521 1030 ἐγκυκλίους
544 940 715 1028 λεγομένας
738 941 850 1025 τέχνας
872 943 1119 1032 ἐπιτηδεύματα
1140 943 1200 1028 μὲν
1223 969 1284 1012 κα-

162 1051 279 1132 λούσιν,
303 1050 489 1139 ἐπιστήμας
504 1051 524 1116 δ
530 1041 539 1064 ’
559 1049 604 1130 ού,
628 1049 661 1116 ἐν
676 1075 712 1116 τε
727 1053 738 1090 ¹
754 1053 829 1128 ταῖς
847 1048 1047 1129 σπουδαίαις
1070 1049 1156 1130 ἕξεσι
1179 1062 1283 1118 ταῦτα
1383 1066 1385 1070 ’

120 1145 123 1151 ’
162 1154 426 1237 καταλείπουσιο,
457 1155 516 1222 καί
540 1155 731 1234 ἀκολούθως
752 1157 848 1238 μόνον
878 1159 934 1223 τδν
957 1159 1060 1245 σοφδν
1083 1157 1283 1246 φιλόμουσον

159 1255 245 1330 εἶναι
269 1263 396 1349 λέγουσι
419 1262 477 1328 καί
500 1261 780 1352 φιλογράμματον,
811 1261 870 1328 καὶ
892 1259 952 1329 ἐπὶ
979 1277 1044 1328 τῶν
1066 1263 1174 1330 άλλων
1197 1267 1283 1330 κατὰ

162 1371 200 1436 τδ
217 1369 388 1456 ’ἀνάλογον
427 1370 465 1436 τό
488 1394 523 1436 τε
547 1369 810 1458 ἐπιτήδευμα
840 1379 953 1436 τοῦτον
976 1371 1205 1460 ὑπογράφουσι
1228 1372 1283 1440 τὸν

160 1475 300 1564 τρόπον·
335 1477 409 1542 ὁδὸν
437 1477 493 1542 διδ
519 1474 629 1564 τέχνης
659 1473 804 1564 ἡμέρου2
828 1475 969 1560 δίγουσαν
993 1476 1053 1543 ἐπὶ
1072 1479 1177 1561 <τδι>8
1202 1467 1279 1544 κατ’

161 1581 284 1671 α’ρειήν.
320 1581 417 1666 μόνον
440 1581 477 1648 δέ
499 1603 584 1670 φασι
614 1584 670 1648 τὸν
699 1585 802 1671 σοφὸν
830 1582 887 1648 καί
909 1583 1026 1665 μάντιν
1049 1583 1176 1670 άγαθδν
1199 1577 1284 1651 εἶναι

161 1687 218 1754 καὶ
247 1691 388 1777 ποιητὴν
416 1687 474 1754 καὶ
506 1690 626 1778 ῥήτορα
655 1687 713 1754 καί
743 1689 947 1756 διαλεκτικὸν
975 1687 1033 1755 καί
1056 1691 1201 1778 κριτικόν
1208 1709 1220 1773 ,’
1247 1691 1283 1759 ού

161 1793 273 1861 πάντα
297 1793 341 1876 δέ,
365 1795 483 1862 διὰτὸ
507 1795 732 1884 προσδεῖσθαι
755 1791 804 1861 ἔτι
833 1797 905 1860 τινὰ
929 1796 1130 1862 τούτωνκαὶ
1153 1803 1283 1886 θεωρη-

130 1975 133 1983 .
158 1902 272 1985 μάτων
301 1915 397 1968 τινῶν
425 1902 627 1990 ἀναλήψεως.
662 1939 706 1948 -
740 1900 887 1987 Λέγουσι
918 1901 954 1968 δὲ
984 1901 1040 1968 καὶ
1071 1899 1158 1990 ἱερέα
1186 1903 1284 1987 μόνον

160 2000 244 2074 εἶναι
278 2011 334 2074 τὸν
367 2008 485 2098 σοφόν,
522 2009 647 2096 φαῦλον
677 2007 713 2074 δὲ
742 2007 875 2097 μηδένα.
921 2010 978 2074 τὸν
1001 2011 1063 2096 γὰρ
1088 2005 1175 2096 ίερύα
1199 2002 1283 2076 εἶναι

160 2115 228 2180 δεῖν
250 2111 405 2202 ἔμπειρον
419 2115 525 2198 νόμων
547 2128 613 2180 τῶν
636 2113 714 2199 περί
729 2113 851 2193 θυσίας
874 2114 932 2181 καί
955 2114 1047 2196 εὐχάς
1069 2114 1127 2180 καὶ
1150 2121 1282 2202 καθαρ-

160 2223 241 2304 μοδς
270 2220 328 2286 καὶ
359 2217 498 2309 ἱδρύσεις
527 2220 584 2286 καί
608 2221 719 2287 πάντα
742 2223 784 2286 τά
807 2231 959 2302 τοιαῦτα,
992 2223 1076 2308 πρὸς
1098 2220 1134 2287 δὲ
1157 2221 1283 2300 τούτοις

161 2327 218 2394 καί
241 2325 408 2413 ἁγιστείας
431 2353 467 2394 τε
490 2327 575 2393 καί4
599 2325 761 2412 εὐσεβείας
785 2328 920 2394 δεῖσθαι
948 2325 1006 2393 καί
1029 2325 1203 2415 ἐμπειρίας
1225 2341 1283 2418 τῆς

160 2447 224 2500 τῶν
254 2439 342 2499 θεῶν
374 2431 559 2522 θεραπείας
591 2433 649 2500 καὶ
677 2444 735 2500 τοῦ
763 2429 852 2513 ἐντὸς
882 2425 967 2500 εἶναι
996 2446 1053 2522 τῆς
1077 2434 1203 2522 φύσεως
1225 2447 1283 2523 τῆς

159 2538 286 2618 θείαςᾱ.
310 2539 411 2629 μηδὲν
434 2539 471 2606 δὲ
495 2541 616 2607 τούτων
639 2539 795 2628 ὑπάρχειν
819 2542 867 2628 τῷ
890 2541 1016 2627 φαύλῳ,
1040 2541 1091 2606 διδ
1115 2540 1172 2606 καί
1195 2541 1282 2606 πάν-

160 2671 220 2724 τας
254 2638 339 2712 εἶναι
367 2649 442 2724 τοὺς
471 2645 617 2734 δίφρονας
646 2647 781 2730 ἀσεβεῖς.
817 2685 860 2694 -
898 2655 970 2712 124.
1004 2643 1054 2713 ἔτι
1088 2645 1125 2712 δὲ
1154 2645 1283 2732 λέγουσι

159 2752 271 2818 πάντα
287 2753 410 2841 φαῦλον
424 2750 613 2836 μαίνεσθαι,
638 2751 769 2838 δίγνοιαν
792 2749 904 2834 ίγονια
921 2754 1020 2818 αὑτοῦ
1042 2751 1100 2818 καὶ
1116 2743 1279 2819 τῶνκαθ’

160 2859 265 2940 αὐτόν,
290 2859 370 2947 ὅπερ
395 2855 465 2925 ἐστὶ
487 2857 616 2944 μανίαθ.

231 3015 260 3056 ο.
286 3001 420 3072 Quidquid
434 3002 492 3070 agit
505 3003 617 3071 sapiens,
637 3004 806 3076 oratiototam
824 3003 874 3068 est,
893 3003 1031 3056 aulea.
1068 3000 1101 3054 Ei
1119 3001 1168 3056 soli
1185 3003 1231 3056 rot
1271 3031 1281 3041 ·

159 3095 204 3146 ias
222 3090 369 3157 tsibuenda
389 3106 467 3160 quam
486 3088 567 3144 Stoici
591 3089 714 3142 dicebant
731 3093 907 3157 βούλησιν,
933 3089 950 3143 i.
970 3107 992 3143 o.
1011 3093 1135 3144 constans
1153 3089 1281 3160 adpetitio

231 3283 262 3342 b.
288 3283 364 3338 Solus
384 3285 488 3354 sapiens
508 3287 664 3352 ἀπαθής,
683 3285 759 3353 Diog.
779 3284 831 3338 VII
849 3285 914 3357 ili;
933 3283 986 3338 Cio.
1006 3285 1082 3338 Taso.
1101 3283 1139 3335 IV
1157 3285 1191 3338 37
1217 3301 1280 3353 erqo

160 3373 219 3440 iiie,
246 3373 371 3442 orrieqaie
398 3379 450 3441 est,
478 3373 527 3442 qai
553 3373 740 3427 moderatione
764 3379 790 3427 et
814 3373 976 3427 eoaetaatia
998 3373 1107 3440 quietae
1131 3373 1224 3425 aaiaro
1244 3377 1282 3426 eet

157 3462 267 3531 sitique
288 3463 346 3532 ipse
360 3463 506 3530 placatas,
530 3467 564 3516 at
586 3477 636 3516 aea
655 3463 778 3516 tabescat
800 3461 931 3516 molestiis
948 3477 998 3515 aea
1016 3459 1169 3530 fraaqatar
1186 3461 1281 3515 amore

159 3565 210 3604 aee
236 3551 361 3606 sitienter
388 3551 459 3619 qaid
485 3556 611 3620 expeteres
639 3551 738 3604 ardeat
766 3550 902 3604 desiderio
929 3565 979 3604 aec
1011 3551 1160 3606 alacritate
1192 3547 1282 3614 futtili

154 3639 275 3707 ,μετοίσω
294 3639 469 3708 ietiqaeeoat,
487 3640 512 3694 is
531 3645 570 3694 eet
587 3639 698 3708 εσφίινω
717 3639 793 3707 quein
812 3638 978 3707 quaerimur,
997 3639 1022 3692 is
1041 3644 1079 3693 est
1097 3639 1200 3693 beatae.

231 3757 258 3799 θ.
276 3741 501 3819 Ἐπιτηδεύματα
520 3745 589 3798 enim
606 3745 742 3815 portinent
759 3745 793 3798 ad
812 3745 891 3809 ἕξεις,
917 3747 1069 3817 ἐπιστῆμαι
1087 3747 1116 3797 et
1134 3747 1229 3817 ἀρετμὶ
1247 3743 1281 3797 ad

157 3833 310 3895 διαθέσεις.
347 3833 384 3888 Cf.
404 3839 447 3887 a?
466 3833 555 3900 416a;
581 3833 855 3888 Stob.Eel.11128.
892 3833 1035 3902 Propterea
1058 3835 1195 3902 ἐγκύκλιοι
1220 3837 1281 3903 τύχ-

162 3943 208 3975 ναι
226 3921 308 3976 otiam
325 3927 435 3994 μέσαι
454 3923 487 3976 ab
504 3922 538 3976 iis
556 3921 768 3976 nominabantur.
806 3920 897 3991 Simpl.
916 3921 945 3975 in
963 3919 1021 3976 cae.
1040 3920 1083 3974 fol.
1096 3922 1130 3974 72
1141 3926 1167 3974 A
1185 3919 1279 3986 (Sohol.

155 4008 245 4066 Arist.
264 4029 289 4080 p.
310 4011 385 4076 ita).

231 4116 262 4172 d.
288 4115 341 4171 Cio.
360 4117 393 4171 D.
412 4117 447 4172 N.
465 4117 492 4170 11
512 4118 545 4172 71
573 4119 666 4172 aazias
693 4123 785 4172 autem
813 4116 926 4172 deerara
950 4122 990 4172 est
1014 4117 1134 4186 optimae
1157 4115 1280 4184 idemque

160 4227 373 4236 ——.-—-.

232 4296 259 4359 1)
287 4314 315 4348 τε
341 4294 401 4348 add.
424 4293 534 4348 Heeren.
564 4323 598 4333 -
626 4295 654 4358 2)
682 4297 784 4368 ἡμέραν
808 4294 882 4347 libri:
911 4297 926 4360 ἢ
952 4299 1053 4367 μέρους
1075 4293 1189 4346 Usener:
1216 4308 1281 4344 num

160 4369 176 4456 ᾗ
193 4382 305 4455 atriae?
325 4409 358 4420 -
377 4384 405 4448 3)
424 4385 458 4436 τὰ
476 4382 588 4436 inseruit
605 4381 787 4437 Waohsmuth.
804 4410 838 4422 -
854 4383 882 4446 4)
902 4384 1042 4451 ἁγιστείας
1061 4400 1089 4436 τε
1107 4386 1154 4435 καὶ
1167 4379 1279 4434 Usener:

157 4475 258 4534 ἄλλους
277 4471 327 4526 διά
346 4491 373 4526 τε
393 4475 426 4525 τὸ
443 4471 511 4525 libri.
