3156 4988
693 385 795 452 Logica.
936 441 937 444 ,
967 453 972 463 ,
1247 383 1302 444 305

181 545 264 596 tenet.
307 542 461 612 Exemplum
487 543 537 596 boc
560 545 631 596 esto:
666 542 748 598 Omne
775 544 933 614 quadratum
961 547 1047 598 rectos
1074 545 1184 614 angulos
1211 547 1300 614 habet,

180 647 257 684 omne
276 631 435 702 quadratum
453 631 726 701 parallelogrammum
745 635 794 700 est,
814 649 876 701 ergo
890 635 954 686 sunt
971 633 1216 703 parallelogramma
1234 652 1300 704 quae

183 723 268 774 rectos
287 719 397 788 angulos
415 720 522 773 habent.
542 746 576 756 -·
601 718 639 774 Gi.
657 720 735 774 Auel.
754 737 793 790 pr.
813 721 827 773 Ι
845 723 870 776 6.
889 722 943 776 29·
962 723 996 776 14
1015 727 1136 795 φανερὸν
1154 724 1186 777 δὲ
1205 752 1239 764 -
1259 725 1301 778 ὅτι

184 812 406 878 συλλογίσασθαι
426 812 457 862 τὸ
486 811 609 862 καθόλου
638 810 686 863 διὰ
715 813 815 864 τούτου
833 821 884 864 τοῦ
907 813 1050 884 σχήματος
1075 813 1219 867 abacistae
1239 817 1300 867 οὔτε

185 900 340 972 στερητικὸν
359 901 421 952 οὔτε
439 900 635 968 καταφαιικόν.

254 1003 362 1058 Omnem
382 1003 413 1056 de
432 1003 641 1058 conclusionibus
660 1003 806 1058 doctrinam
824 1021 840 1058 a
858 1022 886 1058 se
900 1008 928 1058 et
941 1005 1077 1060 fundatam
1095 1010 1123 1060 et
1141 1005 1301 1059 elaboratam

183 1110 239 1147 esse
257 1093 313 1163 ipse
331 1092 489 1148 Aristoteles
508 1093 573 1146 dicit
591 1093 669 1163 Soph.
688 1092 729 1148 El.
748 1093 791 1148 34.
812 1094 883 1148 raab
901 1095 945 1149 34.
965 1095 1035 1150 1842
1053 1096 1078 1150 8.

22 1349 25 1354 .
99 1303 175 1343 ⁸10A
250 1290 326 1372 Top.
348 1289 366 1353 I
392 1298 441 1354 12.
468 1297 550 1356 105²
576 1297 626 1354 13.
670 1277 882 1378 >Επαγιυγή
906 1279 939 1355 δ>
964 1289 1122 1380 (ἐστιν)ρὴ
1145 1289 1213 1356 ἀπὸ
1237 1302 1301 1354 τῶν
1327 1307 1427 1348 inductio

184 1383 267 1459 καθ>
285 1391 423 1460 ἕκαστον
452 1392 510 1459 ἐπὶ
540 1397 582 1459 τὰ
605 1395 752 1461 καθόλου
775 1391 907 1482 ἔφοδος,
941 1385 1009 1461 οἷον
1037 1392 1066 1461 εἰ
1094 1391 1164 1462 ἔστι
1187 1401 1301 1483 κυβερ-

183 1502 280 1589 νήτης
303 1501 320 1566 δ
344 1499 560 1584 ἐπιστάμενος
583 1500 756 1589 κράτιστος
778 1500 836 1567 καὶ
858 1499 997 1590 ἡνίοχος,
1028 1501 1085 1568 καί
1109 1503 1191 1580 ὅλως
1214 1501 1301 1568 ἐστὶν

184 1605 443 1690 ὁὲπιστόμενος
473 1606 551 1694 περὶ
585 1605 721 1673 ἕκαστον
753 1607 895 1694 δίριστος.
941 1604 1010 1674 ἔστι
1035 1597 1105 1696 δὴ
1133 1607 1193 1692 μὲν
1215 1606 1301 1674 ἐπα-

183 1713 269 1800 γιυγη
301 1713 530 1800 πιθανώτερον
557 1711 616 1778 καλ
645 1711 844 1801 σαφέστερον
872 1713 930 1779 καὶ
952 1717 1039 1779 κατὰ
1061 1717 1119 1802 τὴν
1142 1709 1301 1803 αἴσθησιν

184 1819 424 1906 γνωριμώτερον
458 1817 515 1884 καὶ
549 1822 619 1897 τοῖς
654 1820 792 1914 πολλοῖςΙ
826 1820 945 1900 κοινόν,
981 1821 999 1884 δ
1028 1819 1065 1886 δὲ
1088 1821 1302 1906 συλλογισμὸς

183 1926 436 2012 βιαστικώτερον
457 1924 514 2009 καὶ
538 1927 623 2012 πρὸς
645 1927 720 2003 τοὺς
742 1925 961 2010 ἀντιλογικοὺς
985 1925 1233 2014 ἐναργέστερον.

100 2135 175 2175 ³¹⁰3
250 2121 342 2184 Amal.
367 2139 414 2202 pr.
436 2119 522 2185 131.
539 2129 603 2186 46⁸
619 2129 671 2185 31.
712 2107 789 2186 t'Ore
812 2109 845 2184 δ’
865 2122 885 2208 ἡ
908 2121 963 2185 διὰ
986 2133 1050 2185 τῶν
1073 2134 1170 2205 γενῶν
1192 2117 1301 2186 διαί·
1329 2136 1410 2178 divisio

185 2247 300 2312 ρεσις
322 2225 439 2313 μικρόν
459 2251 493 2290 τι
516 2225 631 2313 μόριόν
654 2225 724 2292 ἐστι
746 2239 803 2314 τῆς
826 2221 992 2314 εἰρημένης
1013 2227 1168 2310 μεθόδου,
1191 2221 1302 2314 ῥηίδιον

185 2328 273 2397 ἰδεῖν.
320 2327 390 2397 ἔστι
420 2333 480 2419 γὰρ
509 2333 529 2419 ἡ
559 2329 716 2419 διαίρεσις
746 2322 815 2398 οἷον
844 2332 984 2422 ἀσθενὴς
1007 2333 1238 2418 συλλογισμός·
1283 2330 1302 2398 δ
1388 2383 1392 2390 .

183 2436 244 2520 μὲν
278 2440 339 2526 γὰρ
375 2438 424 2503 δεῖ
458 2437 565 2517 δεῖξαι
595 2435 754 2519 αἰτεῖται,
789 2435 1011 2524 συλλογίζεται
1043 2428 1077 2504 δ>
1094 2436 1146 2506 ἀεί
1174 2464 1207 2505 τι
1238 2452 1302 2504 τῶν

185 2542 321 2610 ἄνωθεν.
367 2557 499 2631 πρῶτον
533 2533 565 2608 δ’
594 2543 673 2610 αὐτὸ
706 2555 802 2610 τοῦτο
837 2543 985 2633 ἐλελήθει
1019 2547 1093 2624 τοὺς
1121 2528 1302 2633 χρωμίνους

185 2649 269 2738 αὐτῇ
291 2649 428 2731 πάντας,
452 2649 509 2716 καὶ
532 2648 664 2717 πείθειν
686 2649 869 2739 ἐπεχείρουν
892 2653 936 2730 ὡς
958 2649 1050 2730 ἰόντος
1073 2653 1210 2718 δυνατοῦ
1224 2652 1303 2740 περὶ

185 2753 298 2834 οὐσίας
320 2755 489 2836 ἀπόδειξιν
518 2753 689 2842 γίγνεσθαι
718 2755 777 2823 καὶ
804 2769 862 2824 τοῦ
883 2756 917 2822 τί
940 2757 1036 2824 ἐστιν.
1083 2747 1164 2824 ὥστ’
1189 2756 1304 2825 otest

184 2885 218 2928 τι
247 2860 409 2944 ἐνδέχεται
438 2861 699 2948 συλλογίσασθαι
722 2865 939 2951 διαιρούμενοι
961 2862 1121 2946 ξυνίεσαν,
1157 2863 1228 2930 οὔτε
1251 2865 1303 2930 δτι

184 2969 286 3046 οὕτως
310 2967 467 3050 ἐνεδέχετο
490 2972 600 3058 ὥσπερ
623 2967 823 3058 εἰρήκαμενλ.

257 3125 285 3164 a.
309 3111 348 3164 De
367 3109 482 3164 Socratis
500 3111 650 3165 inductione
668 3131 692 3166 v.
706 3117 750 3166 BP
765 3113 824 3166 194.
838 3113 897 3168 195.
923 3143 957 3151 —
981 3111 1023 3166 Ad
1041 3112 1211 3166 concludendi
1223 3111 1304 3165 ratio·
1330 3110 1480 3172 comparentur

183 3215 243 3253 nem
266 3199 385 3252 inductio
409 3203 546 3253 revocatur
569 3199 646 3254 Auel.
665 3218 705 3270 pr.
724 3201 751 3254 Π
774 3202 818 3255 23.
843 3201 958 3257 681215.
1000 3199 1149 3272 Ἐπαγωγὴ
1172 3203 1226 3274 μὲν
1253 3199 1303 3254 οὖν
1336 3163 1478 3266 λλλλὲλλλελλ

185 3289 246 3342 ἔστι
263 3291 310 3346 καλ
329 3291 344 3341 ὁ
362 3291 392 3350 ἐξ
410 3290 555 3359 ἐπαγωγῆς
574 3293 761 3362 συλλογισμὸς
779 3293 811 3344 τὸ
829 3291 878 3344 διδ
897 3301 947 3344 τοῦ
964 3291 1058 3365 ἑτέρου
1082 3294 1202 3362 θάτερον
1220 3293 1304 3364 δίκρον

185 3381 222 3446 τῷ
249 3381 327 3448 μέσῳ
355 3381 589 3448 συλλογίσασθαι,
619 3373 679 3432 οἷον
703 3383 728 3432 εἰ
755 3390 809 3432 τῶν
831 3387 886 3433 ΑΓ
904 3385 994 3452 μέσον
1018 3381 1050 3432 τὸ
1068 3386 1108 3443 Β,
1136 3381 1185 3432 διὰ
1214 3388 1264 3431 τοι)
1283 3384 1308 3431 Γ

184 3465 276 3527 δεῖξαι
294 3469 326 3519 τὸ
344 3474 372 3521 A
390 3470 427 3536 τῷ
446 3475 473 3521 Β
492 3469 638 3539 ὑπάρχειν·
678 3469 748 3520 οὕτω
766 3469 820 3538 γὰρ
838 3471 999 3542 ποιούμεθα
1023 3469 1072 3529 τὰς
1095 3469 1248 3537 ίπαγωγιίς.
1269 3495 1302 3504 --

184 3554 231 3608 δεῖ
248 3555 279 3608 δὲ
298 3561 372 3608 νοεῖν
391 3557 422 3608 τὸ
443 3563 468 3608 Γ
481 3557 512 3608 τδ
530 3556 559 3616 ἐξ
578 3557 709 3608 ἁπάντων
727 3567 781 3608 τῶν
793 3553 861 3609 καθ’
879 3556 995 3610 ἕκαστον
1009 3561 1201 3628 συγκείμενον·
1220 3557 1303 3628 ἡγὰρ

184 3643 317 3713 ἐπαγωγὴ
336 3643 384 3697 διὰ
404 3646 523 3696 πάντων.
561 3642 599 3697 cf.
619 3659 685 3713 quae
705 3647 851 3714 sequuntur
869 3643 965 3696 ibidem
984 3642 1036 3698 68¹³
1055 3643 1090 3696 32
1119 3645 1223 3715 τρόπον
1241 3643 1303 3695 τινὰ

184 3733 336 3786 ἀντίκειται
357 3734 374 3798 ἡ
397 3733 529 3801 ἐπαγωγὴ
551 3735 589 3802 τῷ
613 3735 803 3805 συλλογισμῷ·
842 3736 857 3785 ὁ
880 3734 1006 3806 μὲνγὰρ
1030 3733 1080 3786 διὰ
1098 3742 1148 3786 τοῦ
1164 3735 1254 3803 μέσον
1272 3732 1303 3783 τὸ

185 3824 270 3894 λίτρον
296 3824 334 3889 τῷ
352 3825 434 3894 τρίτῳ
461 3821 608 3886 δείκνυσιν,
635 3824 652 3888 ἡ
679 3823 711 3876 δὲ
738 3823 787 3876 διὰ
816 3832 866 3876 τοῦ
887 3827 982 3893 τρίτου
1006 3823 1039 3874 τὸ
1063 3825 1145 3895 ίίκρον
1163 3824 1201 3888 τῷ
1218 3823 1302 3891 μέσιμ

185 3911 270 3980 φύσει
286 3910 340 3981 μὲν
358 3905 407 3962 οὖν
426 3911 556 3982 πρότερος
573 3914 620 3963 καὶ
640 3912 845 3983 γνωριμώτερος
870 3913 885 3964 ὁ
912 3911 961 3964 διὰ
986 3920 1038 3964 τοῦ
1058 3913 1149 3982 μέσου
1174 3911 1303 3975 συλλογι-

185 3999 263 4070 σμός,
282 4000 350 4070 ἡμῖν
368 3994 398 4050 δ”
417 3998 609 4069 ἔναργέστερος
628 4001 643 4050 ὁ
662 3999 711 4052 διὰ
730 4007 776 4066 τῆς
794 4001 945 4070 ἐπαγωγῆς.

255 4120 286 4176 b.
305 4121 444 4175 Platonem
462 4120 601 4190 significat,
620 4121 666 4190 qui
685 4121 806 4174 divisioni
823 4122 876 4175 iere
895 4125 1000 4176 tantum
1019 4121 1154 4176 tribuebat
1172 4121 1303 4190 quantum

184 4209 343 4264 Aristoteles
362 4209 522 4277 syllogismo,
542 4209 573 4262 cf.
592 4215 636 4262 a?
655 4209 716 4264 255.

104 4402 176 4443 m
252 4370 343 4434 Anal.
366 4372 449 4452 post.
472 4369 490 4433 I
515 4380 543 4434 1.
562 4378 621 4434 71²
639 4379 666 4434 1.
698 4373 800 4433 Πᾶσα
822 4365 1021 4434 διδασκαλία
1044 4368 1103 4434 καὶ
1126 4379 1220 4434 πᾶσα
1235 4368 1301 4451 μυί·
1323 4363 1427 4460 ἕξξξξλξ

186 4479 285 4563 θησις
323 4475 529 4564 διανοητικὴ·
566 4474 603 4541 ἐκ
646 4476 924 4564 προϋπαρχούσης
969 4472 1109 4560 γίγνεται
1147 4476 1300 4560 γνώσεως.
1346 4471 1404 4522 9¹³⁰r
