3148 4984
669 365 798 418 Plotinue.
1240 364 1292 424 527

174 523 356 594 ἑδραιότατον
379 526 426 576 καὶ
452 527 514 595 περὶ
534 524 601 578 aaa
628 527 697 578 ίίλλα
722 527 770 592 τήν
796 528 896 580 στάσιν
917 527 1099 592 ὑπεστήσατο.
1137 527 1294 597 Plerumque

175 595 264 664 tomen
282 611 383 664 animae
402 612 531 664 tribuitur
548 615 646 676 motus,
665 613 813 666 intellectui
832 613 919 684 quies:
944 613 1011 667 Eun.
1030 615 1058 668 H
1075 616 1100 682 9,
1121 616 1136 668 1
1163 618 1221 670 ἔστι
1240 617 1295 689 γὰρ

175 701 210 761 ὣς
234 701 381 760 ἒστιλνοῦς
407 703 449 753 ἀεὶ
475 703 605 762 ὡσαύτως
623 705 746 775 ἐνεργείᾳ
765 707 888 775 κείμενος
907 703 1024 775 ἑστώσῃ·
1053 709 1157 770 κίνησις
1176 705 1206 759 δὲ
1227 707 1294 780 πρὸς

176 792 260 843 αὑτὸν
277 793 324 842 καὶ
343 793 405 860 περὶ
425 791 510 842 αὑτὸν
529 800 620 861 ψυχῆς
638 791 690 858 ήδη
709 793 796 862 ἔργον.
834 790 901 844 Eun.
919 791 958 844 IV
970 793 996 858 4,
1017 793 1050 846 16
1069 799 1094 846 εἰ
1112 795 1240 863 τάγαθόν
1254 814 1294 854 τις

174 879 244 932 κατὰ
268 883 380 952 κέντρον
405 881 506 942 τάξειε,
536 881 584 930 τὸν
608 889 674 932 νοῦν
692 881 761 933 κατὰ
780 881 880 932 κύκλον
899 882 1034 948 ἀκίνητον,
1062 883 1155 952 ψυχήν
1173 883 1205 936 δὲ
1223 883 1293 935 κατὰ

174 970 273 1021 κύκλον
290 969 454 1040 κινούμενον
472 969 506 1020 δν
525 971 620 1033 τάξειε,
640 971 806 1041 κινούμενον
825 969 857 1023 δὲ
876 973 908 1042 τῇ
927 972 1035 1041 ἐφέσει·
1055 980 1119 1031 νοῦς
1137 972 1191 1040 γὰρ
1211 972 1294 1031 εὐθὺς

174 1060 221 1109 καὶ
245 1058 301 1126 ἔχει
325 1060 372 1108 καὶ
392 1060 579 1128 περιείληφεν,
604 1057 670 1122 ἠδὲ
690 1059 767 1128 ψυχή
785 1067 836 1110 τοῦ
859 1059 984 1111 ἐπέκεινα
1004 1063 1083 1119 ὄντος
1100 1061 1216 1129 ἐφίεται.
1252 1058 1295 1110 In·

174 1145 297 1198 tellectus
315 1144 384 1197 enim
403 1161 505 1214 semper
529 1145 557 1197 in
576 1145 679 1214 seipso
698 1145 863 1214 requiescens
881 1161 966 1216 neque
984 1145 1057 1199 aliud
1075 1146 1217 1216 quidquam
1236 1163 1295 1200 oon·

175 1234 318 1303 templator
343 1249 428 1304 neque
452 1233 577 1287 aliorsum
602 1233 765 1287 convertitur
788 1236 951 1301 montone,
979 1251 1063 1304 neque
1087 1237 1226 1304 propterea
1253 1239 1295 1288 est

175 1324 333 1396 πρακτικόςτ
353 1321 419 1375 Enn.
439 1321 463 1374 V
481 1323 507 1388 3,
527 1323 543 1375 6
563 1324 595 1375 οὑ
614 1324 668 1394 γόιρ
687 1323 722 1389 δή
741 1325 889 1396 πρακτικός
907 1342 939 1393 γε
959 1316 1038 1384 οὗτος
1055 1326 1152 1390 (νοῦς)·
1172 1326 1207 1385 ὡς
1227 1328 1295 1397 πρὸς

177 1411 208 1464 τό
226 1412 277 1472 ἔξω
295 1414 425 1478 βλέποντι
452 1415 489 1479 τῷ
508 1415 647 1485 πρακτικῷ
665 1416 712 1464 καὶ
730 1413 770 1484 μή
787 1414 817 1464 ἓν
836 1413 910 1481 αὑτῷ
927 1416 1041 1484 μένοντι
1059 1417 1099 1479 εἴη
1119 1415 1153 1465 όν
1171 1424 1225 1466 τῶν
1241 1414 1295 1486 μὲν

175 1500 225 1560 ἔξω
250 1521 291 1560 τις
315 1511 429 1569 γνῶσις,
459 1502 564 1569 ἀνάγκη
590 1501 622 1554 δὲ
643 1502 691 1554 οὐκ
709 1502 828 1565 ἔνεστιν,
857 1505 934 1574 είπερ
952 1503 984 1554 τὸ
1003 1511 1061 1554 πᾶν
1079 1505 1227 1574 πρακτικὸς
1245 1505 1292 1566 εἴ,

174 1590 318 1658 γινώσκειν
336 1589 441 1642 ἑαυτόν.
479 1587 576 1642 Anime
593 1605 654 1641 vero
673 1605 719 1658 per
738 1605 766 1641 se
785 1589 841 1642 sine
859 1589 998 1642 intellectu
1016 1591 1072 1655 eet,
1097 1589 1148 1643 nisi
1167 1590 1294 1644 edilium

175 1693 202 1729 se
220 1677 362 1730 convertit:
381 1677 447 1730 Eun.
467 1677 491 1728 V
506 1678 531 1743 6,
549 1677 568 1730 4
588 1679 664 1748 ψυχή
681 1680 735 1750 μὲν
753 1681 807 1749 γὰρ
821 1681 941 1733 ἐπακτὸν
959 1689 1026 1731 νοῦν
1044 1680 1108 1750 ἔχει,
1128 1707 1161 1718 -
1181 1689 1246 1740 νοῦς
1260 1676 1290 1733 δ’

174 1768 203 1819 ἐν
223 1768 296 1835 αὐτῷ
316 1771 416 1820 οἰκεῖον
435 1768 498 1836 ἔχει.
535 1765 624 1818 Etiam
642 1769 780 1820 externum
798 1767 862 1836 quid
881 1770 1012 1837 operatur,
1033 1767 1094 1821 dum
1114 1767 1204 1820 condit
1221 1785 1295 1821 mun·

174 1853 249 1908 dum:
278 1853 344 1908 Eun.
363 1855 401 1908 IV
419 1856 444 1922 8,
464 1856 481 1909 3
502 1865 592 1925 ψιχῆς
611 1856 643 1908 δὲ
662 1857 743 1930 ἔργον
762 1865 807 1922 τῆς
825 1859 1005 1930 λογικωτέρας
1023 1863 1098 1930 νοεῖν
1114 1861 1181 1928 μέν,
1212 1858 1244 1909 ού
1263 1860 1295 1910 τὸ

173 1951 247 1998 νοεῖν
272 1945 304 1998 δὲ
326 1947 425 2017 μόνον·
463 1951 492 1998 τί
514 1947 568 2018 γὰρ
595 1947 630 1996 ἂν
654 1949 700 1998 καὶ
725 1955 776 1998 νοῦ
794 1945 936 2017 διαφέροι;
966 1947 1164 2017 προσλαβοῦσα
1184 1947 1238 2018 γάρ
1257 1949 1294 2014 τῷ

173 2035 253 2108 νοερὰ
282 2033 352 2086 εἶναι
380 2039 426 2086 καὶ
455 2035 532 2097 ίίλλο,
561 2035 634 2086 καθὸ
662 2035 710 2100 τὴν
735 2038 838 2086 οἶκείαν
861 2035 941 2103 ἔσχεν
967 2035 1134 2097 ὑπόστασιν,
1163 2043 1226 2093 νοῦς
1246 2035 1294 2086 οὑκ

173 2124 280 2194 ἔμεινεν
303 2123 359 2192 ἔχει
384 2141 412 2175 τε
438 2123 520 2193 ἔργον
543 2126 590 2174 καλ
610 2124 691 2188 αὐτή,
720 2127 797 2194 εἴπερ
820 2126 866 2174 καὶ
891 2132 950 2174 πάν
974 2115 1078 2194 ὃδνῇ
1104 2133 1158 2174 τῶν
1182 2133 1292 2188 νοητῶν.

172 2214 312 2278 βλέπουσα
332 2211 364 2264 δὲ
383 2213 451 2282 πρὸς
468 2212 522 2283 μέν
541 2213 572 2262 τὸ
591 2212 645 2281 πρὸ
664 2211 762 2277 ἑαυτῆς
779 2216 844 2274 νοεῖ,
864 2214 902 2270 είς
920 2210 952 2263 δὲ
971 2210 1071 2276 ἑαυτήν
1089 2207 1166 2279 σῴζει
1185 2211 1292 2277 ἑαυτήν,

174 2304 212 2360 εἰς
230 2301 262 2352 δὲ
280 2302 312 2352 τὸ
329 2295 393 2372 μετ’
412 2301 497 2366 αὐτὴν
510 2305 612 2372 κοσμεῖ
629 2303 722 2352 τεκαὶ
741 2299 842 2352 διοικεῖ
853 2304 900 2352 καὶ
915 2303 993 2370 ίίρχει
1012 2301 1103 2352 αὑτοῦ.
1130 2297 1294 2369 Quamquam

174 2387 195 2441 si
223 2388 303 2442 altius
331 2388 359 2441 in
386 2405 441 2441 rem
468 2387 647 2458 inquisiverit,
676 2403 777 2442 omnem
802 2387 930 2441 actionem
954 2387 1080 2441 inservire
1104 2387 1248 2455 oognitioui
1266 2392 1294 2441 et

173 2477 387 2547 contemplationi
406 2477 533 2547 reperies:
552 2476 619 2530 Eun.
638 2476 722 2542 1118,
742 2477 759 2530 6
785 2478 800 2543 ἡ
825 2481 877 2547 άρα
898 2480 997 2547 πρᾶξις
1015 2477 1093 2530 ἕνεκα
1111 2479 1228 2551 θεωρίας
1246 2481 1294 2532 καὶ

173 2569 364 2638 θεωρήματος·
398 2566 467 2620 ὣστε
491 2571 538 2620 καὶ
563 2573 620 2627 τοῖς
646 2570 818 2638 πράττουσιν
842 2567 979 2641 ήθεωρία
1003 2570 1091 2630 τέλος,
1119 2571 1167 2618 καὶ
1188 2559 1246 2619 οἷον
1265 2569 1294 2626 ἐξ

173 2657 282 2716 εὐθείας
307 2657 379 2728 ὃμη
398 2656 577 2722 ἠδικήθησαν
601 2659 696 2722 λαβεῖν
720 2665 804 2708 τοῦτο
822 2656 1062 2726 περιπλανώμενοι
1088 2655 1158 2708 ἑλεῖν
1177 2657 1292 2721 ζητοῦσι,

173 2745 292 2816 καὶγὰρ
312 2742 347 2798 αὑ
366 2745 435 2797 ὅταν
453 2746 575 2814 τύχωσιν
594 2736 627 2796 οὑ
644 2747 799 2811 βούλονται,
825 2744 992 2812 ὃγενέσθαι
1011 2745 1155 2809 ἠθέλησαν,
1177 2743 1229 2814 οὑχ
1247 2747 1293 2796 ἵνα
1356 2813 1361 2822 ¹

172 2835 212 2905 μή
230 2845 344 2902 γνῶσιν,
373 2830 433 2886 ἀλλ’
457 2837 502 2885 ἵνα
528 2844 614 2902 γνῶσι
633 2837 679 2886 καὶ
698 2835 788 2906 παρὸν
807 2833 905 2886 ἴδωσιν
923 2833 953 2886 έν
972 2835 1056 2902 ψυχῇ,
1076 2832 1161 2899 δῆλον
1178 2833 1222 2885 ὅτι
1239 2837 1293 2886 κεί-

172 2942 258 2994 μενον
276 2925 384 2976 θεατὸν.
422 2924 482 2976 ίπεὶ
506 2924 691 2991 καὶ.ιλγαθοῦ
709 2925 795 2992 χάριν
818 2924 985 2996 πράττουσι·
1019 2931 1101 2974 τοῦτο
1126 2921 1158 2974 δὲ
1178 2923 1228 2992 οὑχ
1248 2925 1293 2974 ἵνα

174 3011 224 3072 ἔξω
244 3013 333 3064 αὐτῶν
353 3008 417 3065 οὐδ’
436 3015 481 3064 ἵνα
500 3013 540 3083 μὴ
558 3012 667 3081 ἔχωσιν,
687 3007 747 3064 ἀλλ’
770 3013 815 3063 ἵνα
833 3011 918 3081 ἔχωσι
933 3012 964 3062 τό
983 3012 1012 3064 ἐκ
1027 3020 1072 3078 τῆς
1086 3013 1209 3083 πράξεως
1224 3012 1293 3080 άγα-

174 3102 233 3153 θόν.
255 3111 337 3153 τοῦτο
356 3101 387 3154 δὲ
407 3111 477 3165 ποῦ;
497 3103 527 3154 ἐν
547 3103 629 3171 ψεχή.
663 3101 824 3172 άνέκαμιγεν
844 3095 893 3151 οὑν
912 3101 997 3152 πάλιν
1015 3101 1031 3165 ή
1050 3103 1149 3170 πρᾶξις
1168 3103 1206 3160 εἰς
1224 3105 1293 3152 θεω-

174 3194 247 3259 ρίαν·
268 3190 283 3242 ὃ
302 3191 356 3261 γὰρ
374 3191 404 3243 ίν
424 3193 500 3261 ιγιχῇ
519 3191 654 3262 λαμβάνει
672 3191 744 3258 λόγῳ
765 3192 839 3260 ούση,
860 3193 889 3240 τί
907 3191 942 3240 ἄν
961 3191 1026 3241 ίλλλο
1047 3193 1062 3254 ἢ
1080 3190 1161 3258 λόγος
1182 3199 1294 3242 σιωπῶν

173 3283 231 3344 eim
268 3277 330 3347 Ipsa
349 3277 517 3331 conformatio
542 3277 645 3344 mundi,
674 3293 740 3346 qnae
758 3276 791 3329 fit
808 3293 855 3346 per
872 3276 999 3343 animem,
1028 3278 1103 3346 quasi
1121 3281 1163 3330 est
1181 3280 1294 3330 oontem-

173 3368 254 3437 platio
268 3367 408 3437 quaedem:
426 3365 494 3420 ib.5
514 3369 582 3420 ἀλλὰ
597 3371 660 3441 περὶ
677 3367 731 3439 μὲν
750 3369 857 3438 φύσεως
876 3368 1004 3428 εἰπόντες,
1026 3367 1057 3418 ὃν
1071 3367 1175 3437 τρόπον
1190 3369 1293 3436 θεωρία

173 3459 308 3526 ήγένεσις
326 3459 420 3524 (αὐτῆς
434 3457 511 3522 ἐστι),
530 3459 577 3511 ἐπὶ
597 3457 646 3522 τήν
665 3457 758 3526 ψυχήν
776 3457 824 3522 τήν
843 3457 897 3529 πρὸ
915 3457 1015 3521 ταύτης
1029 3457 1155 3514 ἐλθόντες
1168 3458 1293 3526 λέγομεν,

174 3548 209 3606 ὡς
227 3549 242 3612 ἡ
262 3549 361 3612 ταύτης
385 3552 487 3620 θεωρία
512 3550 559 3600 καὶ
583 3548 616 3598 τὸ
640 3545 796 3616 φιλομαθὲς
820 3549 866 3596 καλ
892 3546 924 3596 τό
948 3545 1086 3612 ζητητικόν
1109 3546 1156 3596 καλ
1175 3544 1190 3609 ἡ
1209 3545 1238 3604 ἐξ
1256 3536 1294 3594 ών

173 3637 283 3704 ίγνώκει
307 3636 373 3696 ὠδὶς
397 3639 444 3688 καὶ
469 3637 501 3688 τὸ
519 3638 618 3708 πλῆρες
642 3638 790 3699 πεποίηκεν
809 3633 894 3698 αὐτὴν
912 3634 1042 3704 θεώρημα
1067 3642 1125 3685 πῦν
1143 3636 1294 3704 γενομένην

175 3727 239 3777 άλλο
257 3727 388 3796 θεώρημα
408 3735 523 3792 ποιήσαι
547 3723 604 3789 (sed
624 3723 754 3794 θεώρημα
775 3723 986 3792 ἀσθενέστερον,
1013 3721 1083 3790 quod
1101 3721 1247 3791 explicatur
1264 3721 1292 3772 in

175 3812 412 3883 subseqnentibus).

124 4059 164 4100 ⁶1⁸
239 4046 319 4108 Eun.
343 4045 372 4107 V
400 4055 427 4121 1,
452 4051 480 4110 5.
526 4041 636 4119 Πολὺς
660 4037 714 4107 οὑν
744 4033 837 4118 οὗτος
860 4039 877 4104 ὑ
901 4040 981 4116 θεὸς
1004 4037 1037 4124 (ό
1059 4040 1144 4121 νοῦς)
1168 4036 1227 4102 ἐπὶ
1249 4037 1292 4125 τῇ

176 4149 265 4238 ψυχῇ
288 4147 367 4238 τῇδε
382 4149 529 4235 ὑπάρχει.
547 4185 589 4196 -
612 4144 663 4225 τίς
686 4141 740 4212 οὖν
763 4145 910 4210 ότοῦτον
934 4145 1085 4232 γεννήσας
1092 4173 1102 4224 ,·
1126 4143 1143 4209 ὁ
1167 4143 1293 4220 ἁπλοῦς
1363 4139 1365 4146 ’

175 4254 230 4320 καὶ
259 4255 277 4320 ὁ
307 4257 373 4344 πρὸ
395 4255 542 4321 τοιούτου
572 4254 738 4342 πλήθους,
774 4251 792 4316 ὑ
820 4247 927 4329 αἴτιος
955 4259 1014 4317 τοῦ
1042 4248 1099 4315 καὶ
1128 4242 1292 4316 εἶναικαὶ

174 4361 275 4428 πολὺν
297 4353 380 4428 εἶναι
403 4372 524 4441 τοῦτον,
549 4361 636 4426 ὑτὸν
659 4359 804 4447 ἀριθμὸν
826 4370 947 4423 ποιῶν·
972 4355 990 4422 ὑ
1013 4357 1073 4442 γὰρ
1098 4355 1241 4443 ἀριθμὸς
1257 4355 1292 4422 ού

174 4481 313 4556 πρῶτος,
345 4465 402 4534 καὶ
425 4469 485 4554 γὰρ
510 4468 576 4554 πρὸ
599 4465 716 4542 δυάδος
738 4465 776 4530 τὸ
799 4461 860 4558 ἕν’,
885 4463 1030 4550 δεύτερον
1052 4461 1089 4530 δὲ
1111 4462 1205 4541 δυάς·
1236 4462 1292 4528 καὶ
