3130 4980
636 369 787 423 Dialectica.
1223 367 1276 428 255

149 532 256 583 ἐλάττω
284 529 396 598 τάγαθὰ
424 538 477 580 τῶν
504 540 593 581 κακῶν
620 530 699 600 ἡμῖν·
727 533 775 582 καὶ
794 541 847 582 τῶν
864 530 918 601 μὲν
937 532 1053 598 ἀγαθῶν
1073 531 1173 584 οὐδένα
1193 533 1276 583 ἀλλον

154 623 302 682 αἰτιατέον,
331 629 384 670 τῶν
412 617 443 670 δὲ
466 629 556 670 κακῶν
575 614 634 670 ἀλλ’
666 621 734 670 ίίττα
754 619 799 671 δεῖ
816 621 903 684 ζητεῖν
921 620 954 671 τά
975 623 1064 683 αἴτια,
1094 616 1152 672 ἀλλ’
1176 623 1209 672 οὐ
1227 622 1275 672 τὸν

152 709 227 761 θεόν.
263 704 455 773 Ἀληθίστατα,
486 708 545 776 ἔφη,
575 708 664 766 δοκεῖς
691 728 742 778 μοι
760 710 855 776 λέγειν.
884 736 918 745 -
945 707 1011 761 Tim.
1032 707 1097 761 68ss
1126 718 1212 760 ταῦτα
1240 709 1275 773 δὴ

153 798 247 847 πάντα
276 797 335 848 τότε
364 797 449 867 ταότη
478 797 620 865 πεφυκότα
648 799 683 856 ἐξ
707 798 878 864 ἀνάγκης,
908 799 923 848 ὁ
948 807 998 849 τοῦ
1015 799 1162 850 καλλίστου
1181 816 1208 850 τε
1228 801 1275 849 καὶ

152 886 269 957 ἀρίστου
301 885 469 956 δημιουργὸς
501 887 531 937 ἐν
563 890 620 944 τοῖς
652 889 827 956 γιγνομένοις
860 888 1083 958 παρελάμβανεν,
1116 887 1193 952 ἡνίκα
1226 888 1274 938 τὸν

152 975 273 1044 αὐτάρκη
298 993 325 1026 τε
350 978 397 1026 καλ
416 976 463 1026 τὸν
482 975 646 1027 τελεώτατον
664 975 732 1026 θεὸν
758 975 898 1048 (οὐρανὸν)
925 976 1035 1043 ἐγέννα,
1062 977 1204 1048 χρώμενος
1220 976 1274 1046 μὲν

151 1067 213 1122 ταῖς
233 1067 294 1136 περὶ
313 1073 399 1115 ταῦτα
420 1068 521 1123 αἰτίαις
543 1065 752 1137 ὑπηρετούσαις,
781 1066 812 1115 τὸ
831 1064 862 1116 δὲ
882 1061 911 1117 εὖ
930 1065 1135 1135 τεκταινόμενος
1154 1067 1183 1117 ἐν
1203 1074 1273 1117 πᾶσι

152 1156 210 1212 τοῖς
229 1155 403 1223 γιγνομένοις
423 1153 511 1216 αὐτός,
532 1151 562 1204 of.
581 1157 625 1204 ΒΡ
644 1152 696 1204 266
706 1169 731 1219 g.

95 1415 141 1456 ες,
218 1382 267 1445 Ι)ε
290 1382 368 1464 Rep.
391 1381 439 1444 VI
465 1388 526 1447 508
541 1382 574 1447 Ο.
618 1370 829 1469 Ὀφθαλμοί,
864 1378 902 1469 ἡν
925 1372 957 1446 δ’
977 1380 1053 1466 ἐγώ,
1089 1368 1184 1446 οἶσθ’
1211 1380 1271 1460 ὅτι,
1300 1397 1414 1440 ωαιοια

151 1487 232 1552 ὅταν
253 1485 370 1575 μηκέτι
394 1475 447 1551 ἐπ’
473 1486 578 1552 ἐκεῖνά
606 1511 658 1565 τις
682 1487 798 1566 αὐτοὺς
820 1487 940 1578 τρέπη,
965 1484 1009 1552 ὧν
1033 1489 1071 1552 ἀν
1093 1488 1153 1565 τὰς
1174 1485 1272 1573 χρόας

149 1593 188 1658 τὸ
211 1594 358 1682 ἡμερινὸν
381 1606 452 1682 φῶς
476 1592 583 1682 ἐπέχη,
608 1593 691 1659 ἀλλά
715 1589 759 1659 ὧν
774 1597 940 1682 νυκτερινὰ
963 1593 1074 1684 φέγγη,
1099 1593 1271 1677 ἀμβλυώτ-

149 1697 245 1765 τουσί
276 1724 311 1765 τε
341 1699 398 1765 καί
429 1699 519 1786 ἐγγὺς
549 1697 721 1788 φαίνονται
745 1703 890 1790 τυφλῶν,
926 1704 1037 1786 ὥσπερ
1062 1699 1119 1767 οὐκ
1143 1698 1271 1787 ἐνοόσης

149 1813 307 1893 καθαροῖς
329 1803 458 1894 όφεως,·
505 1808 575 1872 Καὶ
596 1808 697 1890 μάλα,
721 1805 793 1896 έφη.
828 1796 932 1874 Ὅταν
954 1807 992 1873 δέ
1014 1797 1052 1892 γ’,
1088 1799 1191 1890 οἶμαι,
1226 1801 1271 1869 ὧν

149 1913 280 2001 ὁὴλιος
302 1914 519 2001 καταλάμπη,
551 1928 667 2002 σαφῶς
689 1915 803 2002 δρῶσι,
834 1913 891 1980 καὶ
914 1919 984 1992 τοῖς
1008 1912 1120 1990 αὐτοῖς
1142 1912 1270 1988 τούτοις

148 2015 293 2102 ὄμμασιν
327 2017 441 2084 ἐνοῦσα
475 2017 637 2107 φαίνεται.
689 2019 729 2085 Τί
762 2022 825 2108 μήν
833 2051 843 2102 ,·
892 2023 983 2087 Οδτω
1008 2017 1114 2084 τοίνυν
1143 2015 1201 2083 καὶ
1232 2019 1269 2082 τὸ

148 2137 206 2212 τῆς
229 2138 335 2213 ψυχῆς
358 2122 420 2192 ὧδε
442 2127 523 2193 νόει·
562 2124 640 2192 ὅταν
661 2126 736 2211 μέν,
772 2123 813 2192 οὗ
832 2127 1046 2210 καταλάμπει
1070 2124 1211 2214 ἀλήθειά
1234 2147 1269 2188 τε

147 2231 206 2297 καὶ
229 2233 268 2297 τὸ
291 2229 340 2312 όν,
364 2229 410 2310 εἷς
432 2243 527 2299 τοῦτο
551 2231 779 2322 ἀπερείσηται,
816 2232 926 2322 ἐνόησέ
948 2258 983 2298 τε
1006 2231 1062 2298 καὶ
1086 2228 1166 2318 έγνω
1190 2228 1268 2295 αὐτὸ

147 2338 206 2404 καὶ
228 2349 300 2406 νοῦν
323 2335 403 2420 ἐχειν
426 2338 593 2428 φαίνεται·
632 2342 710 2406 ὅταν
731 2340 768 2406 δέ
791 2337 836 2418 εἰς
859 2342 897 2406 τὸ
920 2339 966 2426 τῷ
988 2339 1094 2424 σκότῳ
1111 2334 1268 2421 κεκραμέ-

147 2469 210 2526 νον,
233 2445 272 2510 τὸ
295 2445 475 2531 γιγνόμενόν
497 2469 532 2511 τε
556 2445 612 2511 καὶ
636 2447 872 2530 ἀπολλύμενον,
908 2445 1035 2526 δοξάζει
1058 2469 1093 2510 τε
1116 2442 1174 2509 καὶ
1204 2442 1268 2526 ἀμ-

146 2553 305 2636 βλυώττει
321 2551 387 2616 ἀνω
404 2551 460 2616 καὶ
476 2552 566 2617 κάτω
589 2555 649 2631 τάς
672 2553 770 2632 δόξας
793 2553 997 2636 μεταβάλλον
1020 2550 1077 2616 καὶ
1101 2547 1204 2616 ἐοικεν
1227 2546 1268 2613 αὖ

147 2670 221 2724 νοῦν
244 2657 302 2723 οῦκ
324 2655 436 2740 έχοντι.
475 2647 584 2725 ’Ἑοικε
607 2660 675 2746 γάρ.
712 2661 824 2725 Τοῦτο
838 2656 943 2724 τοίνυν
966 2659 1003 2724 τὸ
1026 2659 1083 2746 τήν
1107 2657 1267 2744 ἀλήθειαν

146 2763 291 2852 παρέχον
312 2769 383 2842 τοῖς
406 2765 670 2850 γιγνωσκομένοις
693 2766 749 2832 καὶ
773 2766 821 2852 τη]
837 2767 1042 2852 γιγνώσκοντι
1060 2766 1117 2852 τήν
1133 2763 1267 2844 δύναμιν

146 2870 306 2936 ἀποδιδὸν
328 2873 385 2958 τήν
407 2883 465 2936 τοῦ
487 2872 616 2956 ἀγαθοῦ
639 2869 728 2936 ἰδέαν
751 2872 842 2960 φάθι
865 2865 957 2952 εἶναι,
995 2867 1105 2936 αἰτίαν
1128 2857 1159 2934 δ’
1189 2864 1266 2934 ἐπα
1308 2868 1423 2963 {sotim

145 2979 271 3065 στήμης
305 2973 403 3042 οὖσαν
425 2975 482 3042 καὶ
506 2974 666 3066 ἀληθείας
701 2979 745 3056 ὡς
768 2975 1021 3064 γιγνωσκομένης
1043 2975 1103 3059 μὲν
1126 2975 1265 3054 διανοοῦ,

147 3085 231 3149 σθ’τω
254 3081 291 3148 δέ
313 3083 422 3147 καλῶν
445 3081 639 3170 ἀμφοτέροιιν
661 3081 767 3164 όντων,
792 3085 936 3168 γνώσεώς
958 3107 993 3148 τε
1017 3081 1074 3147 καὶ
1098 3078 1265 3170 ἀληθείας,

145 3188 227 3280 ἀλλο
251 3187 307 3254 καὶ
331 3189 464 3254 κάλλιον
488 3186 537 3254 ἐτι
568 3190 690 3254 τούτων
712 3191 881 3277 ἡγεόμενος
904 3187 983 3253 αὐτὸ
1007 3186 1117 3276 ὀρθῶς
1139 3188 1265 3275 ἡγήσει·

146 3294 329 3384 ἐπιστήμην
355 3295 391 3360 δέ
420 3294 477 3361 καὶ
507 3295 680 3383 ἀλήθειαν,
716 3299 826 3382 ὥσπερ
857 3294 924 3362 ἐκεῖ
947 3307 1018 3383 φῶς
1048 3318 1083 3360 τε
1107 3293 1164 3358 καὶ
1187 3290 1267 3378 όφιν

146 3402 289 3491 ἡλιοειδῆ
317 3400 376 3484 μέν
401 3399 544 3485 νομίζειν
567 3400 681 3489 ὀρθόν,
713 3403 802 3490 ήλιον
832 3401 868 3468 δέ
892 3405 1045 3491 ἡγεῖσθαι
1076 3398 1133 3470 οὐκ
1156 3397 1267 3486 ὀρθῶς

146 3503 218 3588 ἔχει,
243 3509 326 3572 οὕτω
356 3506 413 3572 καὶ
444 3507 562 3573 ἐνθάδε
585 3508 764 3596 ἀγαθοειδῆ
793 3507 852 3592 μὲν
881 3506 1019 3591 νομίζειν
1041 3494 1131 3571 ταῦτ’
1157 3504 1266 3593 ἀμφό-

145 3637 224 3700 τερα
248 3611 357 3700 ὀρθόν,
381 3613 510 3698 ἀγαθὸν
533 3613 569 3680 δέ
592 3617 746 3703 ἡγεῖσθαι
763 3615 920 3702 ὁπότερον
945 3613 1051 3679 αὐτῶν
1075 3611 1132 3678 οάκ
1155 3609 1265 3700 ὀρθόν,

145 3708 220 3784 ἀλλ’
246 3715 295 3785 έτι
317 3719 471 3802 μειζόνως
493 3721 645 3809 τιμητέον
667 3723 723 3810 τήν
746 3733 804 3787 τοῦ
826 3721 955 3806 ἀγαθοῦ
978 3719 1052 3799 ἕξιν.
1085 3708 1266 3808 Ἀμήχανον

145 3826 274 3905 κάλλος,
298 3822 370 3914 ἔφη,
394 3825 504 3910 λέγεις,
528 3824 558 3892 εί
574 3827 755 3915 ἐπιστήμην
777 3827 837 3910 μέν
858 3826 916 3893 καὶ
939 3827 1098 3914 ἀλήθειαν
1121 3823 1264 3912 παρέχει,
1320 3909 1326 3920 .

145 3931 224 3998 αὐτὸ
247 3921 280 3997 δ’
305 3932 389 4018 ὑπὲρ
413 3943 517 3998 ταῦτα
541 3934 652 3999 κάλλει
668 3931 772 3999 ἐστίν·
804 3932 840 4000 οά
863 3935 923 4020 γάρ
947 3934 1053 4022 δήπου
1076 3933 1116 3997 σύ
1138 3955 1172 4016 γε
1188 3931 1265 4018 ἡδο-

144 4041 200 4127 νήν
223 4037 303 4104 αάτὸ
326 4037 436 4124 λέγεις.
484 4038 638 4128 Εὐφήμει,
662 4038 699 4127 ἡν
722 4029 753 4104 δ’
780 4039 858 4125 ἐγώ·
893 4029 967 4105 ἀλλ’
986 4035 1048 4104 ὧδε
1070 4037 1194 4122 μᾶλλον
1208 4037 1265 4122 τήν

143 4141 252 4210 εἰκόνα
287 4143 386 4210 αὐτοῦ
420 4142 469 4211 έτι
504 4145 691 4211 ἐπισκόπει.
748 4152 847 4228 Πῶς,·
890 4147 952 4212 Τὸν
975 4147 1065 4233 ἡλιον
1088 4147 1158 4221 τοῖς
1181 4142 1263 4229 ὁρω-

142 4248 251 4333 μένοις
274 4249 311 4316 οό
332 4252 444 4334 μόνον,
480 4244 588 4335 οἶμαι,
624 4254 681 4340 τήν
704 4264 761 4318 τοῦ
784 4253 930 4339 ὁρᾶσθαι
954 4253 1088 4335 δύναμιν
1111 4247 1264 4336 παρέχειν

142 4357 266 4445 φήσεις,
290 4356 452 4423 ἀλλὰκαὶ
476 4359 534 4446 τήν
557 4357 678 4444 γένεσιν
700 4358 757 4424 καί
779 4357 877 4446 αὔξην
893 4357 948 4423 καὶ
972 4359 1103 4446 τροφήν,
1128 4355 1164 4423 οὐ
1180 4354 1264 4442 γένε·

104 4466 108 4475 “
143 4483 195 4528 σιν
218 4461 315 4528 αὐτὸν
330 4460 416 4529 ὅντα.
464 4470 545 4542 Πῶς
568 4465 646 4551 γάρ,·
686 4464 751 4530 Καὶ
774 4469 845 4543 τοῖς
868 4462 1134 4550 γιγνωσκομένοις
1158 4461 1263 4530 τοίνυν
