3156 4988
677 285 777 338 Ethiee.
1232 281 1286 343 359

165 445 316 533 πλήθους
350 445 517 533 ὑπεροχήν.
570 442 730 526 ἐνδέχεται
765 443 802 510 δὲ
835 446 874 510 τδ
906 442 966 527 μέν
1000 446 1098 510 ποιδν
1131 444 1286 532 ὑπάρχειν

166 549 264 639 ἑτέρῳ
293 549 384 637 μέρει
413 564 470 640 τῆς
499 551 642 632 πόλεως,
677 550 713 630 ἐξ
743 546 787 615 ὧν
817 549 986 638 συνέστηκε
1007 564 1113 638 μερῶν
1134 552 1154 638 ἡ
1177 551 1284 632 πόλις,

166 657 254 744 ἀλλην
278 657 314 723 δὲ
336 656 427 744 μέρει
449 659 487 724 τδ
511 657 623 737 ποσόν,
647 648 714 722 οἷον
730 655 863 735 πλείους
885 659 941 723 τὸν
957 657 1101 742 ἀριθμὸν
1123 650 1286 724 εἶναιτῶν

166 761 318 849 γενναίων
333 765 418 842 τοὺς
448 763 586 848 ἀγεννεῖς
615 765 722 852 ἢτῶν
749 760 915 828 πλουσίων
942 765 1017 841 τοὺς
1047 763 1206 851 ἀπύρους,
1240 767 1286 853 μὴ

164 869 276 958 μέντοι
291 880 443 936 τοσοῦτον
463 867 626 956 ὑπερέχειν
641 871 689 955 τά
712 869 807 956 ποσῷ
831 869 906 934 ὅσον
923 866 1100 935 λείπεσθαι
1123 869 1170 956 τῴ
1186 869 1284 958 ποιῷ.

166 978 218 1044 διὸ
241 988 346 1042 ταῦτα
369 977 454 1063 πρὸς
477 975 602 1064 ἀλληλα
626 975 820 1064 συγκριτέον.
845 1015 888 1022 -
917 977 967 1041 δεῖ
989 965 1021 1040 δ’
1040 975 1090 1041 ἀεὶ
1113 979 1168 1042 τδν
1190 1001 1286 1061 νομο-

167 1082 267 1172 θέτην
296 1082 330 1147 έν
358 1083 402 1172 τῇ
430 1079 584 1169 πολιτείᾳ
616 1082 883 1169 προσλαμβάνειν
912 1084 987 1159 τοὺς
1009 1081 1143 1165 μέσους·
1189 1082 1228 1148 ἀν
1251 1108 1286 1149 τε

166 1192 225 1277 γάρ
257 1187 480 1276 ὀλιγαρχικοὺς
505 1189 584 1265 ’τοὺς
616 1188 732 1271 νόμους
763 1187 862 1276 τιθῇ,
899 1188 1119 1270 στοχάζεσθαι
1139 1191 1198 1277 χρὴ
1222 1203 1286 1254 τῶν

164 1294 279 1378 μέσων,
303 1295 358 1360 ε’άν
380 1318 415 1359 τε
438 1295 704 1382 δημοκρατικούς,
729 1294 961 1382 προσάγεσθαι
984 1299 1055 1372 τοῖς
1077 1295 1188 1378 νόμοις
1211 1297 1286 1361 τού-

165 1413 266 1480 τουςὶ
314 1401 398 1466 ὅπου
423 1399 459 1466 δέ
487 1402 524 1466 τὺ
546 1413 611 1464 τῶν
632 1400 739 1484 μέσων
762 1399 941 1489 ὑπερτείνει
965 1402 1098 1489 πλῆθος
1121 1403 1141 1490 ἢ
1163 1424 1285 1486 συναμ-

165 1507 311 1596 φοτέρων
333 1521 398 1572 τῶν
421 1506 528 1594 δίκρουν
550 1508 570 1594 ἢ
593 1506 651 1572 καὶ
674 1506 819 1595 θατέρου
841 1508 947 1591 μόνον,
971 1496 1107 1572 ἐνταῦθ’
1126 1506 1286 1590 ἐνδέχεται

165 1611 338 1680 πολιτείαν
361 1606 445 1679 εἶναι
467 1613 612 1696 μόνιμον.
660 1613 758 1679 ούθέν
781 1616 841 1700 γάρ
865 1615 1003 1701 ιγοβερδν
1029 1615 1074 1701 μή
1098 1637 1180 1679 ποτε
1203 1637 1285 1698 συμ-

165 1722 356 1809 φωνήσωσιν
379 1716 410 1786 οἱ
434 1720 586 1785 πλούσιοι
609 1723 679 1798 τοῖς
702 1719 838 1808 πένησιν
861 1719 920 1786 ἐπὶ
936 1721 1083 1798 τούτους·
1129 1719 1286 1787 οάδέποτε

165 1830 225 1915 γὰρ
249 1829 358 1914 ἀτεροι
381 1826 594 1914 βουλήσονται
618 1827 777 1892 δουλεύειν
799 1831 869 1903 τοῖς
885 1822 1015 1913 ἑτέροις,
1040 1824 1226 1912 κοινοτέραν
1249 1816 1282 1892 δ’

165 1933 204 1998 ἀν
227 1933 373 2022 ζητῶσιν,
398 1918 550 2015 οὐδεμίαν
572 1933 756 2022 εὑρήσουσιν
779 1933 879 2020 ἀλλην
902 1933 1029 2020 ταύτης.
1062 1931 1208 2019 ἐν’μέρει
1223 1935 1284 2020 γὰρ

165 2040 271 2127 άρχειν
294 2038 351 2104 ούκ
375 2039 413 2103 ἀν
436 2036 643 2122 ὑπομείνειαν
667 2040 721 2103 διά
744 2039 801 2126 τὴν
817 2036 976 2103 ἀπιστίαν
998 2039 1055 2126 την
1077 2039 1163 2125 πρὸς
1185 2039 1284 2126 ἀλλή-

165 2147 254 2224 λους·
286 2155 456 2227 πανταχοῦ
485 2144 521 2210 δὲ
544 2145 745 2222 πιστότατος
769 2146 786 2208 ὑ
810 2145 989 2233 διαιτητής,
1013 2145 1183 2232 διαιτητὴς
1206 2133 1240 2209 δ’
1267 2145 1285 2209 δ

164 2250 272 2335 μέσος.
304 2252 369 2338 ὅσῳ
393 2240 427 2316 δ’
447 2252 485 2316 ἀν
508 2251 637 2334 δι’μεινον
660 2253 679 2338 ἡ
702 2249 855 2316 πολιτεία
877 2249 994 2340 μιχθῇ,
1024 2251 1168 2337 τοσούτῳ
1191 2275 1284 2334 μονι-

165 2357 305 2444 μωτέρα.

238 2514 265 2555 a.
285 2499 317 2551 In
335 2499 438 2566 legibus
457 2499 582 2566 civitatis,
602 2516 759 2570 quamquam
783 2517 834 2552 non
854 2500 921 2552 satis
939 2500 1085 2570 prospicere
1103 2501 1215 2570 possunt
1233 2499 1285 2552 sin·

165 2588 235 2656 gulis
254 2587 358 2640 casibus
376 2591 431 2653 (121²
449 2588 552 2654 341d),
578 2588 645 2642 nihil
671 2591 768 2642 temere
787 2591 829 2640 est
846 2589 1002 2641 mutandum
1021 2589 1086 2654 (Pol.
1105 2587 1175 2642 118.
1195 2589 1285 2642 1269·

165 2677 251 2746 θυεμ),
270 2693 332 2728 nam
350 2679 383 2729 ut
401 2677 512 2746 quisque
531 2680 574 2730 est
591 2678 719 2746 pessimae
737 2677 841 2742 indolis,
860 2678 900 2729 ita
917 2678 1027 2730 maxime
1045 2677 1119 2729 novis
1138 2677 1215 2730 rebus
1230 2679 1285 2730 stu·

165 2765 226 2818 dere
245 2765 326 2818 solet:
345 2764 407 2818 Eth.
427 2766 485 2819 Nie.
504 2766 555 2817 VlI
574 2766 617 2818 15.
637 2765 726 2819 1154b
745 2767 787 2819 28.

115 3014 156 3053 με
232 2995 298 3058 ΡοΙ.
322 2995 404 3062 VIII
430 3005 457 3060 1.
483 3003 588 3062 1337ss
613 3005 664 3062 11.
705 2983 780 3062 υΟτι
802 2994 861 3078 μέν
885 2992 938 3061 ούν
960 2993 1008 3081 τῷ
1033 2993 1195 3086 νομοθέτῃ
1217 2996 1283 3080 μά-
1311 2994 1428 3099 §mg

165 3102 263 3166 λιστα
277 3099 544 3188 πραγματευτέον
555 3100 632 3188 περὶ
645 3103 702 3190 τὴν
714 3115 778 3166 τῶν
789 3100 866 3167 νέιον
881 3099 1045 3182 παιδείαν,
1059 3101 1162 3180 ούδεὶς
1174 3103 1212 3167 δν
1221 3102 1284 3187 ἀμ-

165 3207 410 3295 φισβητήσειεν·
456 3205 514 3271 καί
536 3209 597 3296 γάρ
622 3206 655 3272 ἕν
678 3213 753 3286 ταῖς
776 3208 910 3274 πόλεσιν
933 3206 969 3274 ού
986 3208 1167 3292 γιγνόμενον
1189 3221 1284 3277 τοῦτο

163 3313 307 3396 βλάπτει
330 3314 390 3390 τάς
414 3309 592 3390 πολιτείας.
625 3313 674 3379 δεῖ
697 3314 757 3400 γάρ
782 3315 866 3400 πρὸς
886 3311 1024 3402 ἑκάστην
1039 3314 1283 3380 πολιτεύεσθαι.

164 3420 202 3484 τὸ
225 3421 285 3506 γάρ
309 3416 393 3506 ἦθος
422 3431 479 3506 τῆς
508 3417 679 3497 πολιτείας
703 3416 840 3508 ἑκάστης
869 3422 906 3485 τδ
930 3417 1050 3486 οἰκεῖον
1078 3419 1136 3486 καὶ
1158 3421 1284 3508 φυλάτ-

164 3549 230 3590 τειν
253 3521 354 3590 εἴωθε
375 3526 433 3611 τὴν
456 3523 627 3590 πολιτείαν
650 3525 707 3590 καί
730 3524 929 3614 καθίστησιν
953 3526 988 3604 ἐξ
1011 3525 1124 3614 ἀρχῆς,
1156 3509 1224 3592 οἷον
1245 3529 1285 3593 τὸ

162 3629 222 3714 μέν
244 3632 483 3718 δημοκρατικὸν
498 3629 728 3720 δημοκρατίαν,
752 3635 790 3698 τὸ
806 3633 825 3697 δ
831 3621 840 3646 '
859 3631 1064 3720 ὀλιγαρχικὸν
1080 3630 1282 3720 ὀλιγαρχίαν·

164 3735 215 3802 ἀεὶ
245 3736 281 3802 δέ
311 3738 350 3802 τὸ
379 3735 548 3820 βέλτιστον
578 3735 662 3826 ἦθος
691 3721 852 3822 βελτίονος
876 3735 983 3804 α’ίτιον
1006 3737 1186 3817 πολιτείας.
1233 3736 1282 3806 έτι

164 3841 201 3907 δέ
230 3843 316 3930 πρὸς
346 3842 459 3921 πάσας
486 3843 636 3927 δυνάμεις
667 3843 724 3910 καί
751 3831 868 3926 τέχναςΙ
892 3841 980 3910 ἔστιν
1010 3843 1104 3910 ἃδεῖ
1133 3868 1284 3928 προπαι-

164 3949 320 4014 δεύεσθαι
353 3948 411 4014 καὶ
445 3947 690 4036 προεθίζεσθαι
723 3953 809 4038 πρὸς
846 3953 907 4028 τάς
942 3947 1086 4016 ἑκάστων
1120 3948 1284 4037 ἐργασίας,

164 4058 247 4120 ὥστε
270 4055 366 4142 δῆλον
389 4056 440 4121 ὅτι
463 4054 521 4120 καί
544 4057 630 4143 πρὸς
653 4059 712 4136 τὰς
740 4071 797 4145 τῆς
820 4057 934 4144 ἀρετῆς
958 4057 1104 4144 πράξεις.
1151 4054 1225 4122 ἐπεὶ
1249 4045 1282 4121 δ>

163 4156 197 4226 έν
218 4162 257 4227 τὸ
278 4159 371 4239 τέλος
393 4161 436 4251 τῇ
459 4162 556 4232 πόλει
579 4163 686 4252 πάση,
723 4165 861 4252 φανερὸν
893 4164 943 4229 ὅτι
966 4161 1024 4228 καὶ
1046 4165 1104 4251 τὴν
1126 4159 1284 4248 παιδείαν

162 4264 244 4350 μίαν
265 4265 323 4332 καὶ
345 4269 403 4355 τὴν
426 4266 525 4355 αὑτὴν
546 4268 723 4354 ἀναγκαῖον
737 4261 821 4335 εἶναι
843 4268 976 4334 πάντων
999 4267 1057 4334 καί
1083 4269 1202 4357 ταύτης
1224 4269 1282 4357 τὴν

163 4371 355 4457 ε’πιμέλειοιν
386 4365 467 4440 εἶναι
495 4377 604 4464 κοινὴν
634 4375 692 4442 καὶ
717 4377 763 4464 μὴ
786 4363 865 4442 κατ’
883 4371 987 4457 ἰδίαν,
1027 4371 1063 4440 ὃν
1084 4374 1208 4463 τρόπον
1229 4385 1283 4442 νῦν

1013 4481 1069 4535 24*
