3156 4988
1439 9 1568 270 '¹

285 495 317 570 δ’
348 506 392 582 ὡς
425 501 634 587 ῦπονείμενον
675 504 734 570 καὶ
768 506 835 593 άλη.
894 505 1070 590 ἀναγκαῖον
1104 506 1168 594 άρα
1210 509 1269 595 τήν
1301 510 1403 596 ψυχήν

285 608 396 677 οὐσίαν
418 603 502 675 εῖναι
526 611 570 687 ὡς
593 602 679 688 εἶδος
709 612 861 694 σώματος
885 623 1026 699 φυσικοῦ
1049 613 1183 696 δυνάμει
1207 612 1291 702 ζωήν
1314 609 1400 695 έχον-

284 738 354 795 τος·
401 718 420 804 ή
444 703 476 780 δ’
494 713 589 782 οδσῖα
613 715 798 798 ἐντελέχεια.
845 718 993 784 τοιούτου
1017 718 1081 805 άρα
1105 720 1257 802 σώματος
1280 715 1400 784 ἐντελέ-

281 847 363 905 χεια.
411 823 492 910 αῦτη
515 821 552 888 δὲ
575 821 703 906 λέγεται
727 823 839 904 διχῶς,
863 826 882 911 ή
904 823 963 906 μὲν
986 825 1030 901 ὡς
1053 824 1235 914 ἐπιστήμη,
1264 813 1339 913 ἡδ’
1359 827 1403 904 ὡς

283 930 321 996 τὸ
344 932 490 1015 θεωρεῖν.
515 931 654 1015 φανερὸν
677 925 732 995 οὖν
754 930 805 994 ὅτι
821 931 865 1007 ὡς
881 928 1061 1018 ἐπιστήμη·
1092 930 1126 996 ἐν
1148 934 1208 1018 γὰρ
1231 931 1279 1018 τῷ
1295 932 1400 1018 ὑπάρ-

281 1059 347 1117 χειν
369 1037 427 1122 τήν
449 1037 556 1122 ψυχήν
579 1033 636 1099 καὶ
659 1036 760 1113 ὕπνος
783 1035 840 1100 καὶ
863 1033 1050 1124 ε’γρήγορσίς
1073 1035 1169 1118 ἐστιν,
1193 1037 1350 1122 άνάλογον
1365 1027 1396 1103 δ’

283 1143 302 1228 ή
332 1139 392 1223 μὲν
420 1139 606 1228 ἐγρήγορσις
636 1139 684 1227 τηῖ
706 1145 858 1228 θεωρεῖν,
889 1131 962 1207 ὁδ’
981 1143 1081 1220 ὕπνος
1103 1142 1150 1228 τῷ
1173 1139 1254 1225 ἔχειν
1277 1141 1335 1208 καῖ
1356 1129 1402 1230 μή

283 1246 428 1334 ἐνεργεῖν.
467 1245 614 1334 προτέρα
637 1245 673 1312 δὲ
695 1248 738 1336 τῇ
760 1246 879 1333 γενέσει
902 1247 961 1314 ἐπὶ
984 1259 1043 1314 τοῦ
1065 1247 1163 1315 αὐτοῦ
1184 1252 1204 1337 η
1227 1249 1400 1338 ἐπιστήμη.

284 1353 336 1420 διδ
359 1355 447 1441 ψυχή
472 1352 559 1419 ἐστιν
582 1352 757 1434 ἐντελέχεια
787 1355 806 1442 ή
829 1356 945 1442 πρώτη
969 1357 1122 1437 σώματος
1145 1367 1284 1444 φυσικοῦ
1306 1356 1402 1420 δυνά-

282 1480 339 1542 μει
369 1459 452 1546 ζωὴν
482 1455 634 1540 ἔχοντοςῖ.
680 1471 808 1526 τοιοῦτο
831 1458 881 1539 δέ,
912 1457 992 1526 δάν
1014 1448 1037 1550 ή
1059 1459 1236 1548 δργανικόν.
1282 1459 1399 1547 ὄργανα

284 1565 321 1632 δὲ
343 1565 401 1631 καὶ
424 1565 465 1630 τά
488 1578 552 1628 τῶν
574 1579 685 1652 φυτῶν
707 1564 804 1653 μέρη,
837 1565 921 1630 άλλδι
944 1567 1113 1645 παντελῶς
1135 1569 1243 1648 άπλᾶ,
1275 1559 1342 1633 οἷον
1363 1569 1403 1632 τδ

284 1671 406 1758 φύλλον
429 1669 652 1757 περικαρπῖου
676 1671 864 1754 σκέπασμα,
896 1675 935 1738 τὸ
958 1672 995 1739 δὲ
1019 1673 1239 1760 περικάρπιον
1261 1684 1399 1761 καρποῦ.

285 1773 321 1842 αῖ
351 1776 387 1842 δὲ
417 1773 506 1864 ῥίζαι
539 1776 589 1864 τῷ
624 1777 765 1860 στόματι
798 1779 970 1863 ἀνάλογον·
1016 1779 1117 1868 δι’μφω
1146 1781 1207 1866 γάρ
1237 1778 1323 1844 ἕλκει
1345 1781 1405 1866 τήν

285 1884 416 1970 τροφήν.
462 1879 492 1948 εἰ
514 1884 554 1971 δή
576 1909 610 1948 τι
641 1884 748 1950 κοινόν
777 1883 835 1950 ἐπὶ
864 1885 975 1973 πάσης
1005 1898 1111 1973 ψυχῆς
1135 1885 1184 1950 δεῖ
1206 1883 1322 1970 λέγειν,
1352 1881 1402 1973 εἴη

285 1989 323 2054 δν
346 1987 586 2070 ἐντελέχεια
616 1992 635 2077 ή
665 1991 808 2078 πρώτη
843 1991 1032 2074 σώματος
1066 2002 1245 2080 φυσικοῦ
1279 1989 1400 2077 ὀργα-

284 2105 423 2160 νικοῦθ.

356 2252 384 2291 a.
404 2237 614 2302 Cf.121’317d;
635 2238 696 2291 319.
736 2243 854 2313 Θεωρεῖν
877 2241 910 2292 ab
935 2242 1074 2312 ἐπιστήμη
1095 2239 1203 2308 perinde
1228 2237 1405 2306 distinguitur

284 2330 365 2395 atque
383 2328 505 2399 ἐνέργεια
523 2341 540 2377 a
558 2325 685 2398 δυνάμει,
704 2326 736 2379 σῖ,
755 2326 834 2394 Phys.
853 2326 919 2379 VIII
936 2327 962 2380 4.
976 2327 1050 2381 255ι
1068 2328 1111 2381 33.

356 2449 386 2504 b.
406 2448 444 2503 cf.
464 2449 528 2502 Met.
547 2448 571 2500 V
589 2450 616 2503 8.
635 2449 724 2505 10171)
743 2451 785 2503 10.

283 341 337 402 340
762 345 927 400 Ατῖεῦολυλεε.

356 2587 382 2628 ῦ.
402 2573 441 2626 De
459 2572 510 2627 An.
529 2573 556 2625 Π
574 2573 599 2626 2.
620 2573 693 2626 414²
712 2573 746 2626 14
773 2586 871 2648 τριχῶς
896 2577 949 2647 γάρ
973 2578 1121 2647 λεγομένης
1148 2584 1194 2642 τῆς
1218 2577 1326 2638 οὐσίας,
1353 2595 1403 2627 κα-

284 2667 377 2734 θάπερ
391 2669 514 2736 εἴπομεν,
534 2657 572 2714 ὧν
585 2664 682 2734 τὸμὲν
700 2663 780 2727 εἶδος,
800 2665 832 2716 τὸ
850 2663 882 2716 δὲ
902 2665 956 2729 ὕλη,
975 2665 1007 2716 τὸ
1026 2662 1057 2716 δὲ
1071 2665 1100 2724 ἐξ
1114 2665 1230 2735 ἀμφοῖν,
1249 2665 1355 2716 τούτων
1368 2658 1398 2716 δ’

285 2755 300 2819 ή
326 2753 379 2824 μὲν
408 2754 455 2818 ὕλη
485 2751 614 2823 δύναμις,
642 2753 675 2803 τὸ
694 2751 725 2804 δέ
749 2752 825 2811 εἶδος
849 2754 1012 2823 ἐντελέχεια·
1049 2753 1110 2804 ἐπεὶ
1135 2752 1169 2804 δὲ
1190 2753 1222 2804 τὸ
1245 2753 1275 2812 ἐξ
1293 2754 1403 2824 ἀμφοῖν

284 2842 420 2912 ἔμψυχον,
441 2841 474 2892 οὐ
492 2841 525 2892 τὸ
543 2842 625 2911 σῶμά
638 2842 715 2892 ἐστιν
728 2841 878 2910 ἐντελέχεια
893 2849 990 2910 ψυχῆς,
1010 2836 1072 2892 ἀλλ’
1090 2842 1158 2906 αὕτη
1177 2841 1307 2911 σώματός
1320 2859 1400 2901 τινος.

283 2933 330 2982 καὶ
358 2929 407 2980 διὰ
436 2937 518 2980 τοῦτο
545 2931 632 2988 καλῶς
661 2929 908 2999 ὑπολαμβάνουσιν
937 2923 977 2988 οἷς
1006 2929 1083 2981 δοκεῖ
1100 2924 1166 2999 μήτ’
1185 2932 1250 2980 ἄνευ
1274 2931 1406 3000 σώματος

285 3017 355 3069 εἶναι
372 3017 442 3087 μήτε
462 3019 544 3088 σῶμά
563 3018 623 3082 τιή
642 3019 732 3086 ψυχή·
770 3028 851 3088 σῶμα
869 3018 996 3089 μὲνγὰρ
1016 3018 1064 3069 οὐκ
1082 3017 1148 3080 ἔστι,
1169 3017 1298 3088 σώματος
1317 3016 1351 3070 δέ
1367 3035 1401 3080 τι,

284 3109 331 3156 καὶ
350 3104 398 3156 διά
417 3113 500 3156 τοῦτο
524 3107 553 3157 έν
577 3107 687 3177 σώματι
713 3107 842 3176 ὑπάρχει,
870 3110 917 3158 καὶ
941 3106 971 3158 έν
995 3107 1103 3177 σώματι
1127 3107 1256 3172 τοιούτῳ,
1285 3107 1332 3156 καὶ
1350 3105 1402 3174 οὐχ
1432 3136 1440 3143 -

285 3192 377 3262 ὥσπερ
397 3195 424 3244 οἱ
442 3193 575 3264 πρότερον
593 3197 631 3252 εἰς
650 3203 732 3262 σῶμα
751 3195 899 3266 ένήρμοζον
918 3194 1002 3258 αὐτὴν
1021 3193 1104 3246 οὐδὲν
1124 3192 1359 3265 πρυσδιορίζοντες
1372 3193 1404 3244 έν

285 3287 338 3334 τίνι
366 3284 413 3332 καὶ
440 3284 521 3348 ποίην,
549 3285 649 3351 καίπερ
677 3280 744 3334 οὐδὲ
772 3287 945 3353 φαινομένου
972 3290 1022 3334 τοῦ
1050 3282 1181 3350 τυχόντος
1208 3280 1343 3349 δέχεσθαι
1370 3281 1406 3332 τδ

284 3371 375 3438 τυχόν.
395 3397 429 3406 -
447 3367 486 3421 Ib.
506 3369 531 3421 4.
550 3367 623 3421 415¹>
642 3369 657 3420 7
677 3369 737 3422 ἔστι
755 3369 787 3422 δὲ
805 3371 822 3434 ἡ
841 3370 917 3438 ψυχὴ
936 3378 985 3422 τοῦ
1003 3371 1100 3430 ζῶντος
1118 3370 1247 3439 σώματος
1265 3372 1342 3420 αἰτία
1355 3371 1402 3420 καὶ

285 3459 361 3531 ἀρχή·
399 3466 486 3510 ταῦτα
515 3456 549 3509 δέ
575 3459 720 3526 πολλαχῶς
747 3460 862 3525 λέγεται.
906 3459 1010 3528 ὁμοίως
1037 3452 1066 3510 δ’
1094 3458 1109 3522 ἡ
1138 3457 1215 3526 ψυχὴ
1241 3457 1311 3508 κατά
1339 3457 1403 3515 τοὺς

285 3545 485 3617 διωρισμένους
503 3545 622 3618 τρόπους
641 3550 711 3613 τρεῖς
730 3547 819 3596 αἰτία
855 3547 903 3598 καὶ
927 3546 981 3617 γάρ
1005 3545 1071 3598 ὅθεν
1089 3546 1105 3609 ἡ
1123 3549 1228 3610 κίνησις
1246 3544 1327 3609 αὐτή,
1355 3547 1403 3596 καὶ

286 3623 318 3684 οὗ
337 3632 422 3696 ἕνεκα,
441 3635 488 3684 καὶ
507 3634 542 3692 ὡς
560 3634 576 3698 ἡ
596 3635 678 3685 οὐσία
698 3642 752 3684 τῶν
770 3635 906 3703 ἐμψύχων
925 3635 1062 3702 σωμάτων
1079 3634 1096 3697 ή
1116 3633 1192 3700 ψυχὴ
1212 3635 1294 3684 αἰτία.

350 3894 399 3959 De
422 3897 481 3959 An.
496 3896 531 3959 H
555 3905 583 3962 3.
601 3904 686 3961 414³
703 3903 754 3960 29.
805 3902 876 3961 Τῶν
905 3894 942 3961 δὲ
964 3895 1128 3978 δυνάμεων
1154 3905 1212 3979 τῆς
1234 3905 1339 3981 ψυχης
1366 3889 1458 3958 aissa

284 3999 454 4080 λεχθεῖσαι
475 4005 547 4078 τοῖς
569 3999 629 4083 μὲν
644 4002 825 4088 ὑπάρχουσι
841 4013 959 4082 πᾶσαι,
983 4001 1141 4087 καθάπερ
1164 3997 1309 4081 εἴπομεν,
1333 4003 1405 4077 τοῖς
1561 3995 1562 4022 λ

284 4104 321 4170 δὲ
354 4105 439 4183 τινὲς
473 4105 593 4186 αὐτῶν,
630 4103 728 4184 ἐνίοις
757 4105 794 4171 δέ
821 4103 884 4189 μία
906 4107 996 4195 μόνη.
1042 4105 1192 4188 δυνάμεις
1216 4091 1250 4169 δ’
1267 4099 1405 4186 εἴπομεν
1436 4149 1440 4156 -

284 4211 482 4295 θρεπτικόν,
518 4209 697 4299 ὀρεκτικόν,
733 4207 948 4299 αἷσδητικάν,
983 4213 1148 4300 κινητικὸν
1175 4211 1261 4275 κατὰ
1290 4209 1404 4291 τόπον,

284 4315 496 4404 διανοητικόν.
543 4316 682 4405 ῦπάρχει
710 4315 748 4382 δὲ
777 4321 847 4394 τοῖς
875 4315 935 4400 μὲν
958 4320 1075 4405 φυτοῖς
1103 4318 1142 4381 τδ
1170 4316 1406 4402 θρεπτικὸν

283 4419 408 4503 μόνον’,
444 4417 565 4510 ἑτέροις
593 4421 631 4488 δὲ
660 4421 755 4488 τοῦτό
784 4445 820 4487 τε
850 4421 908 4488 καὶ
939 4424 978 4488 τὸ
1001 4419 1207 4510 αἰσθητικόν.
1253 4417 1283 4486 εἰ
1305 4419 1342 4487 δὲ
1364 4421 1408 4487 τδ
