3146 4982
307 369 363 431 504
762 369 838 422 Philo
856 369 976 422 Iudaeus.

311 533 355 610 ὡς
377 527 440 620 ἔφη
464 555 515 608 τις
538 531 645 617 (Hom.
670 529 689 593 λ
714 527 801 613 303),
824 540 889 595 τῶν
911 527 1061 616 ἀσκητῶν
1083 527 1101 592 ό
1124 523 1205 611 βίος,
1230 525 1347 591 ἀλλοτε
1372 525 1431 609 μὲν

310 639 374 719 ζῶν
402 636 460 704 καὶ
488 633 669 725 ἐγρηγορὼς
698 633 814 702 ἀλλστε
843 633 880 700 δὲ
909 634 1049 712 τεθνεὼς
1080 633 1100 722 ἡ
1127 633 1335 716 κοιμώμενος.
1375 631 1431 698 καί

310 744 393 826 τάχα
428 741 485 809 οδκ
520 741 589 808 ἀπὸ
623 752 750 808 σκοποῦ
782 751 879 807 τοῦτο
906 737 1051 826 λέγεται·
1082 737 1188 827 ’σοφοὶ
1210 737 1269 822 μέν
1292 739 1354 827 γὰρ
1377 739 1432 804 τὸν

311 849 472 934 ὀλύμπιον
494 847 552 915 καί
575 847 722 936 οάράνιον
747 860 852 935 χῶρον
874 843 990 929 έλαχον
1012 843 1120 927 οἰκεῖν,
1144 844 1209 910 ἀνω
1232 854 1355 933 φοιτᾶν
1382 843 1432 911 ἀεί

309 955 554 1044 μεμαθηκότες,
590 953 688 1020 κακοὶ
718 952 754 1020 δὲ
782 955 857 1030 τοὺς
880 951 913 1019 έν
935 941 1015 1041 ᾅδου
1038 953 1157 1036 μυχοὺς
1180 950 1216 1030 ἐξ
1238 951 1337 1038 ἀρχῆς
1359 949 1432 1036 ἀχρι

310 1061 422 1140 τέλους
445 1061 669 1150 ἀποθνήσκειν
685 1059 969 1148 ἐπιτετηδευκότος
991 1057 1049 1124 καὶ
1071 1055 1118 1136 εἰς
1140 1069 1240 1146 γῆρας
1263 1056 1300 1122 ἐκ
1322 1077 1432 1141 σπαρ-

311 1169 414 1254 γάνων
443 1173 577 1256 φθορᾶς
604 1165 723 1244 ἐθάδες
753 1163 850 1243 ὄντες.
891 1161 923 1232 οὶ
946 1155 981 1230 δ’
999 1161 1156 1252 ἀσκηταὶ,
1186 1163 1342 1249 μεθόριοι
1372 1165 1432 1248 γὰρ

311 1288 376 1340 τῶν
398 1273 505 1362 ἀιρων
527 1269 609 1339 εἰσίν
616 1323 624 1354 ,
657 1271 723 1338 ἀνω
746 1270 804 1338 καί
826 1271 916 1337 κάτω
939 1270 1101 1348 πολλάκις
1124 1271 1169 1348 ὡς
1191 1269 1251 1336 ἐπὶ
1273 1267 1433 1354 κλίμακος

274 1423 283 1433 =
311 1378 514 1466 βαδίζουσιν,
543 1379 652 1467 ἡόπδ
675 1390 733 1466 της
755 1376 936 1466 κρείττονος
958 1374 1077 1466 μοίρας
1100 1376 1304 1460 ἀνελκόμενοι
1326 1377 1347 1464 ἡ
1368 1377 1433 1442 ὑπὸ
1548 1439 1549 1452 ,

312 1499 369 1574 της
396 1484 538 1573 χείρονος
567 1485 823 1569 ἀντισπώμενοι,
857 1483 969 1572 μέχρις
1001 1484 1039 1550 ἀν
1068 1483 1087 1549 δ
1116 1495 1173 1571 τῆς
1204 1479 1343 1571 ἁμίλλης
1377 1481 1434 1548 καὶ
1548 1477 1549 1504 ἡ

313 1589 474 1679 διαμάχης
503 1591 623 1680 ταύτης
651 1593 832 1679 βραβευτὴς
860 1592 940 1668 θεὸς
969 1589 1080 1676 ἀναδηῖ
1110 1591 1152 1654 τά
1174 1593 1314 1676 βραβεῖα
1343 1588 1433 1668 τάξει
1548 1595 1549 1608 ’

312 1696 353 1786 τῇ
375 1695 526 1782 βελτίονι,
549 1699 607 1786 τὴν
629 1695 777 1764 ἐναντίαν
798 1693 845 1775 εἰς
868 1699 960 1762 δίπαν
983 1697 1161 1762 καθελώνῦ.

384 1834 413 1876 ιι.
433 1819 545 1875 Animus
563 1821 648 1891 prime
666 1821 911 1892 perturbationibus
930 1820 1056 1874 obnoxius
1075 1804 1229 1874 continuata
1247 1819 1351 1872 demum
1366 1835 1435 1871 exer·

313 1910 439 1964 citatione
464 1910 582 1980 superior
606 1910 714 1964 evadere
738 1912 842 1980 potest:
869 1910 909 1963 De
934 1909 1029 1978 Cengr.
1054 1909 1134 1964 Erud.
1161 1907 1207 1964 Gr.
1227 1908 1261 1962 15
1285 1925 1311 1978 p.
1330 1907 1383 1962 531
1406 1909 1435 1962 ἐν

313 2001 383 2072 ἀρχῇ
407 2000 461 2071 μὲν
485 2008 532 2066 τὴς
550 2004 679 2068 γενέσεως
702 2002 779 2072 ἡμῶν
803 2001 916 2069 ἡψυχὴ
941 2001 1107 2070 συντρόφοις
1132 2004 1192 2058 τοῖς
1211 2001 1320 2052 πάθεσι
1338 1999 1435 2058 μόνοις

310 2097 424 2158 χρῆται,
463 2090 564 2149 λύπαις
598 2089 734 2158 ἀλγηδόσι
767 2093 879 2149 πτοίαις
907 2089 1074 2160 ἐπιθυμίαις
1097 2087 1224 2154 ἡδοναῖς,
1254 2086 1272 2138 ἀ
1303 2087 1353 2140 διὰ
1382 2095 1435 2138 τῶν

315 2179 473 2244 αἰσθήσεσιν
497 2174 544 2230 ἐπ’
563 2177 647 2243 αάτὴν
672 2178 794 2252 ἔρχεται,
819 2179 905 2250 μήπω
924 2187 974 2230 τοῦ
991 2179 1131 2248 λογισμοῦ
1146 2179 1257 2244 βλέπειν
1276 2175 1436 2246 δυναμένου

315 2269 349 2320 τά
373 2285 402 2320 τε
427 2267 525 2334 ἀγαθά
549 2269 596 2320 καὶ
614 2267 685 2320 κακά
707 2269 754 2318 καὶ
779 2253 796 2336 ἡ
815 2266 944 2338 διαφέρει
968 2275 1055 2318 ταῦτα
1075 2267 1196 2332 ἀλλὴλων
1215 2265 1351 2335 ἀκριβοῦν,
1372 2259 1432 2316 ἀλλ’

315 2355 355 2408 ἔτι
383 2356 565 2415 νυστάζοντος
592 2358 639 2406 καὶ
666 2356 702 2414 ὡς
728 2353 758 2407 ἐν
786 2355 863 2423 ὕπνῳ
890 2359 976 2420 βαθεῖ
1004 2355 1238 2425 καταμεμυκότος.
1270 2354 1377 2426 χρόνον
1404 2352 1436 2406 δὲ

315 2444 460 2515 προϊόντος
488 2443 555 2496 ὅταν
582 2443 751 2510 ἐκβαίνοντες
776 2451 822 2508 τῆς
841 2443 971 2510 παιδικῆς
997 2444 1101 2508 ἡλικίας
1127 2447 1344 2516 μειρακιοῦσθαι
1370 2444 1436 2514 μέλ·

315 2534 418 2603 λωμεν,
447 2533 479 2584 τδ
503 2531 628 2603 δίδυμον
651 2533 778 2600 στέλεχος
797 2532 880 2591 εὐθὺς
898 2531 927 2584 ἐκ
943 2541 1025 2602 μιᾶς,
1052 2531 1133 2605 ἀρετὴ
1150 2533 1198 2584 καὶ
1215 2534 1311 2594 κακία,
1338 2532 1437 2600 φύεται

315 2621 393 2694 ῥίζης,
412 2624 458 2674 καὶ
478 2623 639 2692 ποιούμεθα
656 2621 710 2691 μὲν
729 2620 778 2685 τὴν
791 2621 947 2687 κατάληψιν
966 2621 1083 2690 ἀμφοῖν,
1103 2621 1261 2692 αἱρούμεθα
1280 2619 1312 2672 δὲ
1327 2621 1437 2679 πάντως

316 2709 364 2774 τὴν
382 2708 484 2781 ἑτέραν,
505 2711 533 2762 οἱ
549 2709 604 2781 μὲν
622 2710 732 2779 εὐφυεῖς
752 2709 855 2779 ἀρετήν,
875 2712 975 2761 κακίαν
992 2703 1023 2760 δ’
1041 2711 1069 2760 οἱ
1087 2708 1215 2761 ἐναντίοι.
1239 2705 1276 2760 cf.
1291 2706 1333 2760 De
1346 2705 1436 2760 Sacris.
1537 2759 1545 2780 ⁸

316 2794 365 2850 Ab.
384 2795 402 2850 4
421 2814 446 2866 p.
466 2797 518 2852 166
537 2799 565 2849 et
578 2802 622 2850 BP
640 2795 721 2850 4950.

44 2932 48 2942 ·
170 2902 244 2966 antini·
387 2915 414 2956 ο.
433 2901 598 2957 Felicitatem
623 2901 699 2972 ponit
722 2901 751 2955 in
774 2917 838 2971 paee
861 2901 942 2954 animi
966 2904 994 2955 et
1018 2905 1050 2975 τὴ
1069 2903 1105 2956 ἐν
1122 2905 1178 2971 θεῷ
1197 2903 1369 2956 ἀναπαύσειε
1397 2898 1446 2954 Βο
1537 2939 1543 2954 .

127 2955 283 3006 ‘'¹¹¹‘¹¹¹¹¹¹“⁸
316 2989 415 3044 ebriet.
439 2992 470 3045 ιε
488 3007 514 3060 p.
533 2992 598 3056 σου
618 2990 658 3044 De
676 2990 782 3058 Profug.
801 2991 834 3044 31
854 3007 880 3060 p.
899 2991 965 3056 ειη
984 2989 1087 3058 emgm.
1106 3007 1133 3060 p.
1153 2991 1205 3044 σου
1223 2989 1277 3058 teg.
1296 2997 1352 3062 μα
1371 2993 1437 3044 ειε-

317 3095 420 3140 παυσις
439 3089 528 3149 ψυχῆς
547 3082 622 3132 ἐστιν
640 3081 656 3145 ἡ
673 3084 804 3152 κρατίστη
822 3082 861 3140 εἰς
880 3081 928 3132 τόν
946 3081 1020 3150 ἱερὸν
1038 3089 1088 3132 τοῦ
1105 3082 1185 3138 ὄντος
1204 3080 1304 3142 πόθον,
1323 3080 1438 3150 ἡγεμόνι

313 3173 438 3241 χρῆσθαι
461 3171 518 3236 θεῷ
542 3172 588 3220 καὶ
613 3171 809 3235 βουλευμάτων
826 3171 873 3220 καὶ
896 3169 985 3236 λόγοιν
1002 3171 1049 3220 καὶ
1068 3170 1200 3238 πράξεων.
1239 3170 1326 3240 πέρας
1344 3166 1438 3220 εὐδαι-

315 3261 416 3328 μονίας
434 3259 466 3310 τὸ
485 3258 598 3317 ἀκλινῶς
615 3261 662 3309 καὶ
681 3258 805 3331 ἀρρεπῶς
823 3258 853 3311 ἐν
869 3258 948 3328 μόνῳ
965 3259 1022 3325 θεῷ
1041 3263 1145 3323 στὴναι.

132 3413 287 3508 {moga
384 3398 459 3480 Leg.
482 3399 584 3479 Alleg.
614 3397 666 3462 HI
696 3405 714 3462 9
744 3418 774 3480 p.
807 3405 857 3462 93.
902 3385 942 3462 ‘O
976 3398 1036 3483 γὰρ
1072 3394 1324 3483 ἀποδιδράσκων
1358 3397 1439 3461 θεὸν
1447 3411 1483 3452 ⁴⁹⁸

133 3521 175 3562 ιον
190 3519 291 3564 confusio
319 3503 514 3592 καταφεύγει
544 3499 590 3580 εἰς
620 3498 743 3568 ἑαυτόν.
782 3502 872 3568 δυοῖν
899 3504 959 3588 γάρ
982 3499 1097 3582 όντων,
1129 3512 1187 3567 τοῦ
1208 3525 1244 3566 τε
1265 3514 1332 3566 τῶν
1355 3502 1440 3568 ὅλων

318 3619 381 3690 νοῦ,
405 3609 440 3687 ὅς
463 3608 533 3675 ἐστι
556 3607 643 3688 θεός,
667 3606 807 3673 καὶτοῦ
829 3604 923 3689 ἰδίου,
948 3606 1039 3690 ὁμέν
1054 3608 1179 3696 φεύγων
1194 3607 1337 3672 ἀπὸτοῦ
1352 3597 1436 3674 καθ’

317 3716 414 3781 αύτδν
443 3714 640 3803 καταφεύγει
671 3713 728 3779 ἐπὶ
759 3715 815 3780 τόν
836 3713 1043 3797 συμπάντων.
1082 3712 1160 3780 δδέ
1182 3723 1254 3778 νοόν
1275 3715 1332 3779 τὸν
1354 3711 1441 3780 ἴδιον

317 3818 510 3888 ἀπολείπων
537 3821 687 3905 ὁμολογεῖ
715 3817 816 3907 μηδέν
844 3812 929 3886 εἶναι
958 3821 1000 3884 τὰ
1028 3822 1114 3885 κατὰ
1143 3820 1200 3886 τὸν
1229 3819 1441 3908 ἀνθρώπινον

317 3938 396 4010 νοῦν,
419 3929 553 3992 δίπαντα
576 3925 612 3996 δέ
634 3925 825 4013 προσάπτει
847 3923 935 4012 θεῷ·
959 3927 977 3992 δ
999 3925 1036 3991 δέ
1058 3925 1162 3991 πάλιν
1185 3913 1440 4014 ἀποδιδράσκων

320 4036 396 4100 θεὸν
418 4035 475 4100 τὸν
497 4031 557 4117 μὲν
581 4031 705 4110 οὐδενὸς
728 4025 836 4097 αἴτιόν
859 4053 958 4120 φησιν
987 4023 1088 4113 εἶναι,
1121 4044 1186 4096 τῶν
1208 4030 1245 4098 δὲ
1267 4031 1439 4118 γινομένων

318 4140 473 4206 ἀπάντων
497 4135 619 4204 ἔαυτόν.
665 4135 793 4222 λέγεται
817 4147 891 4222 γοῦν
914 4138 1008 4226 παρὰ
1031 4137 1171 4216 πολλοῖς
1194 4138 1247 4204 ὅτι
1269 4140 1312 4203 τά
1335 4137 1370 4205 έν
1393 4137 1439 4224 τῷ

318 4246 429 4332 κόσμῳ
471 4245 581 4310 πάντα
622 4242 758 4333 φέρεται
790 4242 890 4332 χωρίς
927 4244 1078 4332 ἡγεμόνος
1118 4242 1438 4328 ἀπαυτοματίζοντα,

319 4349 431 4432 τέχνας
460 4350 497 4418 δέ
519 4351 577 4417 καί
600 4350 843 4440 ἐπιτηδεύματα
871 4349 930 4416 καί
951 4349 1068 4434 νόμους
1090 4349 1148 4416 καὶ
1171 4346 1235 4438 ἔθη
1258 4349 1317 4416 καὶ
1340 4351 1439 4416 πολι-

320 4458 397 4522 τικὰ
419 4456 477 4522 καί
498 4453 569 4522 ’ίδια
586 4456 643 4523 καί
659 4458 752 4524 κοινά
767 4453 881 4522 δίκαια
905 4456 990 4544 πρός
1012 4479 1047 4522 τε
1069 4456 1267 4544 ἀνθρώπους
1281 4455 1340 4522 καί
1355 4457 1439 4544 πρὸς
1481 4453 1483 4458 ’
