3156 4988
669 359 788 426 Physica.
1239 353 1292 416 32?

166 517 393 606 ἁμαρτήματα
416 513 536 583 ἐκείνου
560 528 617 582 τοῦ
639 515 731 583 ἕνεκά
753 527 837 583 τουθ.
864 555 905 564 -·
939 516 1021 584 199b
1047 525 1088 584 25
1113 515 1146 582 ἐν
1168 515 1205 582 δὲ
1224 520 1294 594 τοῖς

168 628 325 713 φυσικοῖς
348 622 399 690 ἀεὶ
423 625 538 704 οὕτως,
569 624 608 688 ἀν
636 624 737 712 μήτι
761 620 934 710 έμποόίσῃ.
982 622 1108 688 ἀτοπον
1130 621 1167 688 δὲ
1188 625 1227 688 τὸ
1248 624 1293 710 μὴ

167 726 307 796 οἴεσθαι
336 728 429 796 ἕνεκά
457 754 515 796 του
542 727 728 814 γίγνεσθαι,
764 727 820 794 ἐὰν
841 730 885 816 μὴ
908 725 1005 793 ἰ’όιοσι
1028 729 1066 794 τὸ
1089 739 1194 794 κινοῦν
1216 734 1293 811 βου-

166 837 371 920 λευσόμενον.
417 831 527 902 καίτοι
550 834 608 901 καὶ
630 837 650 923 ἡ
673 833 763 922 τέχνη
787 833 824 900 οὐ
845 835 1041 918 βουλεύεται.

245 1010 275 1053 a.
293 995 357 1049 Met.
377 995 416 1048 IX
434 997 459 1050 8.
490 994 612 1049 105024
642 996 676 1048 τὰ
705 997 737 1068 τῇ
765 998 869 1063 γενέσει
898 992 998 1065 ὕστερα
1027 997 1063 1064 τῷ
1091 995 1159 1048 εἴδει
1186 999 1233 1047 καὶ
1261 997 1293 1068 τῇ

166 1087 255 1152 οὐσία
275 1087 401 1158 πρότερα,
422 1079 482 1138 οἷον
501 1085 568 1156 ἀνὴρ
583 1084 686 1143 παιάὀς
699 1087 746 1136 καὶ
761 1087 908 1156 ἅνθρωπος
928 1087 1093 1156 σπέρματος.
1110 1111 1143 1121 -
1159 1085 1236 1136 ι’ίπαν
1249 1079 1290 1138 ἐπ’

166 1175 261 1246 ἀρχὴν
278 1174 383 1240 βαδίζει
403 1175 434 1226 τὸ
448 1174 616 1244 γιγνόμενον
633 1177 680 1226 καὶ
699 1175 786 1232 τέλος·
816 1173 886 1245 ἀρχὴ
905 1174 959 1242 γάρ
977 1174 1009 1224 τό
1028 1164 1061 1224 οὗ
1079 1171 1163 1236 ἕνεκα,
1183 1181 1233 1225 τοῦ
1251 1177 1293 1226 τέ-

165 1265 238 1322 λους
257 1257 287 1315 δ’
306 1261 383 1316 ἕνεκα
401 1264 418 1328 ἡ
436 1265 549 1330 γένεσις.
587 1258 625 1314 cf.
644 1259 717 1313 Part.
737 1259 789 1313 An.
808 1259 836 1312 II
856 1261 880 1313 1.
900 1260 971 1314 646ι
989 1259 1033 1313 25.

244 1401 275 1458 b.
296 1402 334 1456 Cf,
352 1408 396 1454 ΒΡ
415 1403 477 1456 319.

246 1558 272 1599 ε.
292 1544 379 1600 Causa
395 1545 475 1598 huius
494 1544 605 1598 inertiae
623 1544 651 1597 in
669 1544 780 1598 materia
805 1543 953 1614 quaerenda
976 1546 1032 1597 est:
1058 1542 1123 1598 Gen.
1141 1542 1192 1598 An.
1211 1544 1249 1596 IV
1266 1545 1300 1598 4„

167 1631 245 1688 Ὺ’1701
265 1636 281 1688 9
300 1635 359 1688 ἔστι
373 1635 428 1705 γὰρ
443 1636 475 1687 τὸ
488 1638 567 1704 τέρας
585 1643 639 1686 τῶν
658 1635 734 1708 παρὰ
754 1633 841 1703 φύσιν
854 1653 889 1698 τι,
909 1634 985 1706 παρὰ
1001 1635 1087 1704 φύσιν
1106 1628 1134 1686 ‹5'
1152 1635 1184 1686 οὐ
1199 1643 1294 1687 πᾶσαν

166 1725 243 1776 ἀλλὰ
263 1726 311 1790 τὴν
330 1725 364 1782 ὡς
382 1725 428 1776 ἐπὶ
448 1724 479 1775 τό
498 1723 581 1775 πολύ·
611 1723 745 1795 περὶγὰρ
764 1723 813 1788 τὴν
832 1723 874 1775 ἀεὶ
892 1725 939 1774 καὶ
958 1722 1006 1787 τὴν
1024 1724 1053 1783 ἐξ
1071 1723 1190 1791 ἀνάγκης
1211 1722 1294 1775 οὐθὲν

132 1831 136 1837 ·
168 1817 300 1881 Ιγίγνεται
324 1813 401 1885 παρὰ
430 1813 529 1881 φύσιν,
559 1806 620 1862 ἀλλ’
637 1811 668 1863 ἓν
686 1817 744 1870 τοῖς
772 1812 806 1870 ὡς
824 1812 870 1863 ἐπὶ
898 1812 930 1862 τὸ
948 1811 1020 1862 πολὺ
1037 1811 1090 1882 μὲν
1110 1812 1180 1863 οὕτω
1199 1829 1293 1879 γιγνο-

165 1905 277 1971 μένοις,
296 1900 488 1971 ἐνδεχομέναις
507 1898 539 1952 ἀὲ
557 1903 604 1951 καὶ
623 1901 715 1962 ἄλλως,
735 1900 796 1951 ἐπεὶ
815 1903 861 1950 καὶ
881 1899 986 1950 τούτων
1004 1900 1033 1951 ἐν
1052 1898 1128 1958 ὅσοις
1146 1902 1293 1968 συμβαίνει

173 1989 251 2059 παρὰ
270 1989 319 2053 τὴν
337 1991 417 2049 τάξιν
433 1988 487 2059 μὲν
505 1989 613 2053 ταύτην,
634 1988 678 2040 ἀεὶ
695 1989 793 2059 μέντοι
811 1987 851 2058 μὴ
866 1988 1012 2056 τυχόντως,
1032 1982 1115 2052 ἧττον
1133 1985 1203 2039 εἶναι
1217 1987 1295 2040 ἀσκεῖ

173 2081 253 2150 τέρας
273 2075 321 2130 ἀιά
340 2078 372 2128 τὸ
390 2080 436 2128 καὶ
456 2078 487 2128 τὸ
507 2077 582 2145 παρὰ
602 2076 688 2145 φύσιν
713 2075 783 2127 εῖναι
803 2075 907 2144 τρόπον
926 2075 987 2126 τινὰ
1006 2075 1076 2127 κατὰ
1096 2076 1197 2144 φύσιν,
1226 2075 1294 2127 ὅταν

165 2165 213 2236 μὴ
227 2165 351 2235 κρατήσῃ
370 2165 418 2230 τὴν
436 2165 507 2216 κατὰ
526 2165 574 2229 τὴν
594 2164 659 2229 ὕλην
676 2165 692 2229 ἡ
710 2164 780 2215 κατὰ
799 2165 831 2215 τὸ
850 2163 924 2223 είάος
944 2165 1034 2232 ῳύσις.
1057 2192 1090 2201 -
1116 2161 1204 2214 Etiam
1222 2161 1292 2214 femi·

173 2252 266 2304 ninum
284 2268 367 2319 genus
386 2252 461 2320 quasi
479 2251 613 2304 mutilatio
631 2250 769 2304 masculini
788 2253 844 2303 est:
864 2248 929 2304 Gen.
948 2249 998 2303 An.
1017 2250 1088 2303 113.
1109 2251 1181 2304 737³
1199 2249 1233 2303 27
1261 2254 1293 2304 τὸ

168 2343 229 2413 ,γὰρ
246 2343 318 2408 θῆλυ
336 2339 429 2414 ὥσπερ
448 2344 528 2413 ἀρρεν
546 2341 605 2393 ἐστὶ
620 2343 819 2411 πεπηρωμένον
838 2338 880 2405 [cf.
896 2339 965 2391 Plat.
980 2338 1045 2391 Tim.
1061 2339 1096 2393 90
1106 2337 1146 2404 Ε),
1166 2341 1193 2391 et
1207 2341 1294 2392 cetera

167 2427 297 2482 ssanimalia
316 2445 374 2481 cum
392 2428 496 2480 homine
515 2429 666 2497 comparata
690 2430 817 2496 tanquam
835 2426 1005 2496 pumiliones:
1031 2427 1104 2480 Part.
1124 2426 1174 2480 An.
1193 2427 1231 2478 IV
1250 2428 1292 2482 10.

169 2516 246 2571 686¹»
264 2518 282 2570 2
302 2521 394 2570 πάντα
413 2519 467 2588 γιίρ
486 2519 544 2571 ἐστι
563 2518 598 2569 τὰ
617 2518 669 2585 ζῷα
689 2516 798 2582 νανώόη
817 2516 902 2568 τᾶλλα
922 2518 998 2586 παρὰ
1018 2518 1066 2568 τόν
1085 2520 1241 2589 ἀνθραιπον.

113 2765 160 2805 ⁸27
240 2747 337 2829 Phys.
360 2747 407 2809 IV
434 2757 461 2810 1.
486 2745 569 2812 208b
595 2757 623 2810 1.
663 2732 739 2811 t'On
763 2743 821 2828 μὲν
844 2741 898 2809 οὖν
920 2740 1008 2809 ἐστιν
1031 2745 1048 2808 ό
1071 2743 1182 2825 τόπος,
1206 2745 1295 2812 δοκεῖ
1321 2771 1417 2824 sputum

174 2852 271 2940 δῆλον
300 2843 383 2916 εἶναι
414 2850 451 2918 ἐκ
484 2864 541 2939 τῆς
576 2851 890 2934 ἀντιμεταστάσειος·
937 2849 1021 2914 ὅπου
1049 2850 1110 2937 γάρ
1137 2848 1210 2916 ’έστι
1240 2863 1293 2916 νῦν

172 2959 275 3044 ὕδωρ,
311 2957 456 3024 ἐνταῦθα
491 2957 680 3036 ἐξελθόντος
722 2955 832 3042 ὥσπερ
867 2954 903 3034 ἐξ
936 2953 1063 3040 ἀγγείου
1097 2957 1199 3022 πάλιν
1232 2957 1293 3046 ἀὴρ

170 3061 311 3130 ένεστιν·
358 3065 412 3130 ὅτε
441 3063 477 3130 δὲ
505 3065 561 3129 τόν
592 3063 689 3128 αὐτόν
711 3063 814 3129 τόπον
838 3074 952 3128 τοῦτον
975 3062 1054 3128 ἀλλο
1085 3088 1117 3127 τι
1141 3075 1205 3127 τῶν
1228 3085 1293 3128 σιο-

168 3171 287 3254 μότων
310 3169 447 3254 κατέχει,
471 3181 566 3235 τοῦτο
591 3171 629 3258 δὴ
652 3182 716 3234 τῶν
740 3167 967 3254 έγγιγνομένιυν
990 3169 1047 3234 καὶ
1070 3169 1291 3252 μεταβαλλόν-

168 3301 239 3342 τιυν
273 3275 380 3363 ἕτερον
413 3276 546 3342 πόντων
579 3269 662 3360 εἶναι
697 3276 800 3341 δοκεῖ·
847 3273 880 3340 ἐν
907 3259 934 3360 ᾧ
957 3277 1018 3360 γὰρ
1048 3275 1110 3364 ἀήρ
1139 3275 1209 3341 ἐστι
1232 3287 1292 3356 νῦν,

171 3383 259 3470 ὕδωρ
291 3381 324 3448 έν
347 3383 450 3468 τούτῳ
475 3381 632 3468 πρότερον
655 3379 706 3469 ἦν,
742 3383 825 3446 ὥστε
848 3381 943 3468 δῆλον
967 3382 1011 3457 ὡς
1033 3378 1071 3468 ἦν
1094 3382 1111 3446 ό
1134 3381 1237 3458 τόπος
1260 3406 1293 3446 τι

172 3488 232 3554 καὶ
255 3490 275 3576 ἡ
296 3489 385 3575 χώρα
410 3487 518 3575 ἕτερον
541 3487 678 3576 ἀμῳοῖν,
713 3485 759 3565 εἷς
781 3485 819 3576 ἣν
842 3485 899 3552 καὶ
923 3486 958 3565 ἐξ
980 3483 1018 3574 ἧς
1039 3485 1225 3571 μετέβαλον.
1249 3525 1293 3534 ·-

169 3605 203 3660 4.
230 3603 315 3660 212ιι
340 3605 390 3659 14.
436 3589 507 3659 έστι
530 3583 562 3658 δ’
582 3597 693 3680 ὥσπερ
717 3595 755 3660 τὸ
778 3593 904 3678 ἀγγεῖον
934 3594 1037 3670 τόπος
1058 3593 1293 3682 μεταφορητός,

172 3703 257 3766 οίίτιο
288 3699 345 3765 καὶ
376 3701 393 3765 ό
423 3700 526 3776 τόπος
554 3699 679 3784 ἀγγεῖον
708 3696 950 3787 ἀμετακίνητον.
997 3700 1049 3765 διὸ
1072 3701 1150 3764 όταν
1179 3698 1238 3780 μὲν
1261 3699 1294 3764 έν

172 3805 349 3892 κινουμένῳ
373 3830 406 3871 τι
430 3819 558 3893 κινῆσαι
582 3805 639 3871 καὶ
662 3806 849 3893 μεταβάλλῃ
872 3807 910 3871 τὸ
934 3804 1038 3884 ἐντός,
1075 3795 1142 3870 οἷον
1172 3803 1204 3868 έν
1228 3827 1293 3868 πο-

169 3913 270 3997 ταμῷ
293 3912 427 3991 πλοῖον,
452 3913 496 3989 ὡς
520 3909 636 3998 ἀγγείῳ
658 3911 775 4000 χρῆται
798 3911 922 3994 μᾶλλον
951 3911 1087 3998 ἣτόπῳ
1111 3908 1158 3994 τῷ
1182 3907 1293 3994 περιέ-

168 4043 271 4101 χοντι.
317 4019 468 4102 βούλεται
503 4007 534 4082 δ’
561 4015 712 4106 ἀκίνητος
745 4010 828 4082 εἶναι
864 4018 881 4081 ό
916 4019 1034 4094 τόπος·
1087 4017 1138 4080 διὸ
1173 4017 1191 4080 ὁ
1227 4025 1294 4092 πᾶς

167 4115 297 4208 μᾶλλον
321 4125 472 4206 ποταμὸς
495 4123 614 4203 τόπος,
639 4124 689 4188 ὅτι
713 4121 862 4210 ἀκίνητος
886 4123 903 4186 ό
927 4133 1004 4199 παῖς.
1052 4124 1135 4187 ὥστε
1158 4123 1200 4186 τὸ
1223 4131 1295 4186 τοῦ

172 4228 446 4316 περιέχοντος
470 4228 600 4316 πέρας
623 4227 820 4318 ἀκίνητον
843 4243 1022 4316 πρῶτον,
1046 4216 1159 4292 τοῦτ)
1187 4223 1295 4292 έστιν

170 4335 369 4412 ὁτόποςῆ
394 4371 435 4384 -
462 4345 490 4402 5.
517 4345 599 4400 212³
624 4345 674 4402 31.
698 4319 724 4419 ᾦ
747 4333 806 4417 μέν
830 4331 883 4399 οὖν
906 4336 1035 4416 σώματι
1059 4329 1128 4398 έστι
1152 4360 1184 4398 τι
1202 4333 1294 4410 ἐκτὸς

169 4453 271 4523 σῶμα
295 4437 443 4527 περιέχον
466 4440 553 4520 αάτό,
577 4441 673 4505 τοῦτό
697 4440 784 4505 ἐστιν
807 4439 839 4506 ἐν
862 4441 969 4526 τόπῳ,
994 4423 1022 4525 ᾦ
1044 4438 1080 4504 δὲ
1102 4441 1156 4526 μή,
1182 4439 1226 4505 οὔ.
1252 4477 1296 4490 -

1025 4545 1081 4598 22*
