3140 4990
634 359 761 414 Socrates.
1202 357 1253 418 loo

208 532 235 575 e.
254 519 292 576 Cf.
311 518 420 590 Apolog.
438 538 464 590 p.
484 521 519 576 18
533 520 609 590 Bsq,
630 521 675 574 ubi
689 519 852 588 significatur
865 519 1063 590 Aristophanes,
1082 519 1253 576 cuiusNubes

135 609 221 680 priore
239 609 352 664 editione
370 610 460 664 doctas
479 627 535 664 esse
553 612 659 663 constat
677 608 718 664 01.
736 611 786 675 89,
806 611 820 662 1
841 610 923 676 (423).
962 608 1035 674 Quod
1054 609 1175 662 dicebant
1193 625 1253 662 eum

135 701 184 752 τὸν
202 700 272 766 ἥττω
290 701 373 769 λόγον
390 705 500 768 κρείττω
519 706 622 763 ποιεῖν,
651 698 678 752 id
697 698 729 751 de
746 698 891 766 Protagora
914 699 947 751 ad
966 698 1099 752 Socratem
1123 698 1252 752 malitiose

135 788 304 854 translatum,
319 806 341 842 v.
356 793 400 841 BP
415 787 481 854 1753
495 787 562 854 Frei,
578 792 678 858 quaest.
693 787 808 856 Protag,
822 787 905 841 Bonn.
921 787 1000 854 1845,
1014 806 1039 858 p.
1056 787 1107 841 142
1115 804 1154 857 sq.
1172 815 1202 824 -
1218 790 1252 840 τὰ

133 883 257 951 μετέωρα
290 880 353 930 sunt
385 877 565 946 physicorum,
599 877 681 930 veluti
708 875 876 945 Anaxagorae
908 880 936 930 et
967 877 1096 930 Archelai.
1142 877 1254 945 Propter

135 965 293 1019 atheismnm
310 965 456 1035 complures
474 969 536 1018 ante
555 965 687 1018 Socratem
711 965 859 1036 philosophi
877 965 989 1019 Athenis
1012 966 1089 1019 eiecti
1107 969 1195 1031 erant,
1221 969 1253 1018 ut

133 1053 303 1123 Anaxagoras
321 1057 374 1122 (BP
393 1055 443 1109 117
463 1053 506 1124 C),
525 1055 683 1122 Protagoras
700 1058 753 1120 (ΒΡ
773 1055 849 1122 177),
874 1054 1003 1123 Diagoras
1021 1054 1116 1108 Melius
1141 1055 1183 1121 ((11
1202 1071 1253 1124 quo
1287 1086 1289 1092 ·

133 1161 157 1197 v.
176 1142 225 1197 Th.
244 1143 344 1212 Bergk,
364 1143 396 1196 (11
414 1142 484 1199 Com.
504 1142 562 1198 Art.
581 1143 672 1214 Antiq.
691 1161 716 1214 p.
738 1145 851 1216 lllsq.;
870 1144 1079 1213 Minchcnberg,
1105 1143 1137 1198 (11
1155 1144 1187 1198 D.
1207 1143 1252 1211 M,

133 1231 196 1287 Hal.
216 1233 305 1298 1878).

206 1339 229 1395 i.
249 1340 370 1406 Meletus,
389 1343 468 1410 poete
485 1339 610 1408 tragicus.
647 1338 766 1407 Anytus,
791 1339 874 1410 opifex
893 1339 964 1393 dives
982 1339 1016 1392 ad
1035 1356 1149 1392 summos
1172 1339 1201 1392 in
1220 1339 1254 1392 ci·

133 1429 218 1482 vitate
235 1429 346 1482 honores
365 1431 514 1498 provectus,
540 1428 585 1481 sed
609 1445 625 1481 a
644 1429 739 1482 studiis
757 1429 949 1482 liberalioribus
968 1429 1068 1482 alienus
1092 1432 1121 1482 11
1142 1428 1254 1498 philoso-

132 1517 246 1587 phorum
273 1517 387 1570 omnium
414 1521 566 1571 contemtor.
609 1517 649 1570 De
675 1517 776 1585 Lycone
803 1517 907 1570 rhetore
934 1534 1026 1586 parum
1054 1521 1167 1570 constat.
1213 1515 1254 1572 Ci.

133 1606 161 1662 G.
180 1605 211 1660 F.
230 1606 373 1673 Hermann,
392 1606 424 1660 de
443 1605 557 1660 Socratis
576 1606 778 1672 accusatoribus,
797 1606 850 1660 ind.
870 1607 930 1660 lect.
951 1604 1024 1660 Gott.
1045 1605 1144 1674 18⁶⁴!ra.

59 1817 124 1859 ¹⁹⁰A
200 1805 281 1868 Xen.
304 1791 400 1868 Mem.
422 1803 439 1868 I
464 1813 498 1880 1,
531 1814 558 1868 1.
604 1801 773 1880 Πολλάκις
803 1800 979 1885 ἐθαύμασα
1002 1799 1069 1867 τίσι
1091 1800 1175 1868 ποτέ
1197 1802 1253 1868 λό-

132 1934 203 1996 γοις
224 1899 424 1998 Ἀθηναίους
447 1905 582 1975 ἔπεισαν
611 1905 641 1974 οῖ
671 1909 876 1994 γραψάμενοι
900 1908 1073 1996 Σωκράτην
1095 1909 1139 1986 ὡς
1163 1906 1254 1987 άξισς

132 2013 182 2105 εἴη
206 2017 356 2082 θανάτου
379 2015 419 2104 τῇ
442 2015 545 2082 πόλει.
586 2015 686 2104 ἠμέν
709 2017 769 2102 μὰρ
793 2018 902 2103 γραφη
925 2005 1002 2080 κατ’
1022 2013 1121 2080 αὐτοῦ
1144 2015 1254 2080 τοιάδε

133 2149 185 2202 τις
208 2121 264 2211 ἦν·
284 2111 412 2189 >Αδικεῖ
434 2123 609 2211 Σωκράτης
632 2119 686 2201 οὓς
708 2121 766 2205 μέν
789 2124 808 2210 η
832 2121 930 2200 πόλις
953 2119 1075 2205 νομίζει
1096 2122 1194 2198 θεοὺς
1217 2119 1253 2186 οὐ

131 2226 287 2312 νομίζων,
317 2227 411 2315 ἕτερα
439 2229 475 2295 δὲ
497 2232 594 2295 καινά
617 2229 772 2312 δαιμόνια
802 2225 973 2316 εἰσφέρων·
1004 2227 1108 2293 ἀδικεῖ
1138 2225 1253 2292 δὲκαὶ

132 2339 207 2416 τοὺς
232 2334 321 2414 νέους
344 2334 548 2424 διαφθείρων
560 2347 581 2401 ⁸.
615 2347 644 2402 2.
667 2340 805 2422 Πρῶτον
825 2334 885 2418 μέν
908 2331 961 2400 οὖν
980 2335 1023 2414 ὡς
1039 2333 1097 2401 οὐκ
1112 2331 1254 2418 ἐνόμιζεν

133 2440 187 2522 οὓς
211 2443 354 2532 ἡπόλις
382 2440 505 2526 νομίζει
527 2443 639 2523 θεοός,
670 2439 759 2528 ποίῳ
783 2431 863 2508 ποτ’
882 2441 1053 2529 ἐχρήσαντο
1076 2437 1253 2529 τεκμηρίφ,·
1331 2485 1335 2496 ·

131 2551 225 2615 θόων
248 2573 283 2615 τε
311 2551 371 2637 μὰρ
395 2550 532 2638 φανερὸς
555 2547 592 2638 ἦν
615 2549 777 2626 πολλάκις
804 2547 864 2632 μὲν
894 2545 995 2627 οἴκοι,
1026 2548 1188 2625 πολλάκις
1218 2546 1254 2612 δέ

133 2655 191 2722 ἐπὶ
216 2669 282 2721 τῶν
304 2670 418 2722 κοινῶν
439 2669 496 2745 της
525 2656 652 2734 πόλεως
679 2661 811 2740 βωμῶν,
840 2653 898 2720 καὶ
926 2653 1067 2744 μαντικῇ
1094 2656 1254 2740 χριόμενος
1278 2717 1283 2726 ,

133 2763 191 2829 οὐκ
227 2761 354 2850 άφανὴς
388 2759 441 2851 ἦν·
476 2763 703 2851 διετεθρύλητο
733 2765 793 2849 γὰρ
824 2762 867 2840 ὡς
897 2759 981 2850 φαίη
1011 2761 1185 2849 Σωκράτης
1214 2762 1252 2826 τὸ
1279 2775 1414 2817 daemonium

134 2869 329 2954 carpenel
353 2864 457 2956 ἓαυτη]
481 2867 659 2958 σημαίνειν·
689 2869 767 2934 ὅθεν
789 2869 828 2958 δη
858 2867 915 2934 καί
943 2867 1088 2951 μάλιστά
1117 2892 1174 2951 μοι
1197 2867 1253 2933 δο-

133 2987 246 3042 κοῦσιν
261 2974 358 3041 αὐτὸν
374 2972 595 3042 αἰτιάσασθαι
611 2978 707 3042 καινὰ
723 2976 876 3050 δαιμόνια
891 2972 1059 3063 εἰσφέρειν.
1086 3013 1127 3023 -
1151 2985 1180 3040 4.
1197 2973 1254 3040 καὶ

134 3083 274 3160 πολλοῖς
296 3097 361 3147 τῶν
383 3082 538 3162 ξυνόντων
560 3083 755 3171 προηγόρευε
782 3080 904 3166 τὰμὲν
928 3085 1057 3148 ποιεῖνο
1085 3084 1127 3146 τὰ
1150 3080 1186 3148 δὲ
1208 3083 1253 3170 μὴ

134 3193 254 3267 ποιεῖν,
279 3189 323 3267 ὡς
346 3200 403 3254 τοῦ
426 3186 595 3273 δαιμονίου
619 3186 915 3278 προσημαίνοντος·
939 3187 996 3253 καί
1019 3193 1089 3266 τοῖς
1103 3187 1161 3270 μὲν
1178 3212 1253 3253 πει-

133 3294 292 3380 θομένοις
315 3294 403 3383 αὐτῷ
425 3295 583 3386 συνέφερε,
607 3301 677 3374 τοῖς
701 3296 737 3362 δέ
757 3299 802 3385 μη
825 3294 1038 3379 πειθομένοις
1059 3293 1219 3380 μετέμελε.

63 3539 125 3580 ces
201 3509 250 3574 Ib.
275 3516 303 3586 2,
329 3519 356 3572 1.
398 3511 593 3591 Θαυμαστὸν
616 3507 652 3574 δὲ
674 3506 828 3598 φαίνεταί
849 3534 907 3593 μοι
930 3508 1047 3576 καὶτὸ
1070 3505 1253 3597 πεισθῆναί
1278 3538 1414 3580 consuens.

135 3638 228 3693 τινας
252 3615 296 3692 ὡς
319 3615 494 3703 Σωκράτης
514 3616 589 3694 τοὺς
611 3615 700 3694 νέους
722 3615 923 3704 διέφθειρεν,
950 3613 985 3694 ὃς
1008 3617 1092 3702 πρὸς
1114 3619 1184 3693 τοῖς
1206 3610 1253 3680 εὶ·
1294 3676 1300 3687 ,

136 3720 286 3809 ρημένοις
309 3735 440 3803 πρῶτον
454 3721 514 3805 μὲν
528 3720 728 3812 ἀφροδισίων
742 3722 800 3788 καὶ
815 3724 953 3810 γαστρὸς
968 3721 1100 3788 πάντων
1122 3721 1252 3809 άνθράι-

135 3853 210 3892 πων
233 3826 487 3916 ἒγκρατέστατος
515 3826 567 3918 ἦν,
597 3821 669 3894 εἶτα
700 3831 785 3916 πρὸς
811 3842 952 3912 χειμῶνα
982 3827 1039 3894 καί
1067 3826 1167 3914 θέρος
1196 3827 1253 3894 καὶ

136 3932 266 4012 πάντας
299 3935 418 4013 πόνους
452 3937 746 4025 καρτερικώτατος,
781 3932 830 4001 ἔτι
864 3934 900 4001 δὲ
933 3937 1018 4021 πρὸς
1050 3935 1088 4000 τδ
1115 3930 1253 4020 μετρίων

136 4039 272 4106 δεῖσθαι
295 4041 556 4126 πεπαιδευμένος
580 4044 694 4122 οὕτως,
719 4044 801 4108 ίόστε
823 4041 910 4106 πάνυ
936 4043 1039 4128 μικρά
1062 4037 1253 4128 κεκτημένος

136 4145 224 4211 πάνυ
248 4145 368 4235 ῥᾳδίως
390 4142 471 4229 {perv
493 4147 660 4236 ἀρκοῦντα.
698 4155 726 4212 2.
750 4162 823 4225 πῶς
846 4144 899 4212 οὖν
922 4145 1020 4224 αὐτὸς
1042 4148 1086 4211 ὢν
1108 4157 1253 4224 τοιοῦτος

137 4250 254 4331 ἄλλους
277 4253 315 4318 δν
338 4254 357 4341 ἢ
380 4252 507 4337 ἀσεβεῖς
529 4254 549 4342 ἢ
578 4253 788 4341 παρανόμους
817 4253 837 4340 ἢ
859 4249 983 4334 λίχνους
1006 4253 1026 4342 ἢ
1054 4250 1253 4340 ἀφροδισίων

27 4445 28 4452 ¹
138 4355 291 4445 ἀκρατεῖς
313 4360 333 4448 ἢ
356 4361 440 4446 πρὸς
462 4362 499 4425 τδ
523 4365 633 4426 πονεῖν
656 4360 822 4444 μαλακοὺς
845 4355 1013 4446 ἐποίησενς
1036 4347 1112 4424 ἀλλ’
1131 4354 1253 4427 ἔπαυσε

138 4463 197 4546 μὲν
219 4467 341 4532 τούτων
363 4467 514 4547 πολλούς,
537 4466 652 4555 άρετης
675 4466 817 4553 ποιήσας
840 4463 1018 4548 ἐπιθυμεῖν
1040 4465 1098 4532 καί
1115 4464 1252 4546 ἐλπίδας
