3130 4980
309 311 364 371 288
749 310 889 364 Academia
907 313 991 363 vetus.

308 471 480 559 μιγέντων,
515 465 559 534 ὧν
583 472 619 536 τὸ
641 468 700 553 μέν
722 469 792 535 ἐστι
815 471 967 557 κινήσεως
995 467 1073 555 ἀρχὴ
1097 466 1155 532 καί
1177 466 1368 551 μεταβολῆς,
1391 466 1434 531 τό

310 578 347 644 δὲ
379 590 492 665 μονῆς,
531 579 635 664 ψυχὴν
670 574 831 661 γεγονέναι
865 573 965 662 μηδὲν
1000 569 1095 661 ἧττον
1124 583 1182 638 τοῦ
1212 568 1342 637 ἱστάναι
1373 569 1430 636 καί

227 697 231 706 ’
309 687 472 750 ἵστασθαι
507 683 641 765 δύναμιν
675 683 695 770 ἢ
728 693 786 746 τοῦ
819 684 986 746 κινεῖσθαι
1021 677 1079 744 καί
1114 682 1212 744 κινεῖν
1246 675 1351 743 οὖσαν.
1387 713 1432 723 -

310 799 340 870 3,
366 802 394 855 1.
420 789 550 872 ὁμαλῶς
574 787 610 853 δὲ
633 788 755 864 πάντες
777 781 867 852 οὗτοι
887 786 988 872 χρόνῳ
1011 784 1070 868 μέν
1094 780 1218 850 οίονται
1242 787 1299 872 τὴν
1326 784 1434 871 ψυχὴν

308 897 353 982 μὴ
376 893 534 981 γεγονέναι
556 886 634 982 μηδ’
654 886 737 960 εἶναι
753 893 909 982 γεννητόν,
933 889 1087 969 πλείονας
1107 890 1144 958 δὲ
1165 889 1317 972 δυνάμεις
1339 885 1428 970 ἔχειν,

309 998 355 1079 είς
378 999 416 1078 ἃς
440 1001 619 1066 ἀναλύοντα
643 997 787 1087 θεωρίας
809 999 900 1064 ἕνεκα
930 1001 987 1086 την
1010 995 1122 1063 ούσίαν
1146 996 1245 1084 αύτης
1267 997 1352 1081 λόγῳ
1375 995 1434 1060 τὸν
1549 1019 1553 1072 4

309 1107 474 1177 Πλάτωνα
497 1104 682 1194 γιγνομένην
705 1103 933 1170 ὑποτίθεσθαι
956 1103 1014 1169 καὶ
1038 1101 1353 1190 συγκιραννυμένηνῦ.

381 1297 410 1338 a.
429 1283 501 1337 Hace
519 1282 636 1336 definitio
655 1283 687 1334 ab
702 1282 846 1335 Aristotele
864 1281 1008 1335 identidem
1022 1283 1238 1334 commemoratur
1256 1281 1362 1331 auctore
1375 1293 1429 1330 non

309 1373 458 1438 nominato,
487 1371 517 1425 os.
546 1372 585 1424 De
610 1369 659 1424 An.
679 1370 735 1424 12.
764 1369 835 1424 codb
855 1369 904 1436 273
929 1371 955 1423 4.
984 1369 1056 1424 40812
1075 1370 1118 1423 32.
1164 1368 1240 1421 Anat.
1265 1370 1334 1437 post.
1358 1366 1431 1418 114.

310 1463 364 1516 91³
383 1462 425 1515 35.
507 1491 511 1497 -

349 1553 631 1640 'ummmc

382 1722 408 1763 ε.
428 1709 568 1779 Spectatur
590 1709 659 1761 Plat.
678 1707 744 1760 Tim.
763 1706 838 1772 35A;
872 1707 903 1760 cf.
928 1707 973 1760 Ar.
998 1707 1030 1760 de
1055 1705 1132 1760 Caelo
1150 1705 1164 1758 I
1184 1707 1225 1759 10.
1251 1705 1322 1758 2791>
1341 1704 1375 1758 32
1401 1706 1430 1755 et

311 1797 401 1867 Simpl.
421 1797 497 1850 adh.
517 1797 534 1850 1.
555 1796 645 1862 (schol.
664 1795 736 1849 488b
755 1796 820 1862 Bu),
838 1802 882 1848 ΒΡ
900 1796 982 1850 noua.

178 2094 283 2136 „imm
377 2062 476 2128 Clem.
502 2061 616 2126 Strem.
640 2061 669 2123 V
697 2069 736 2126 13
767 2081 797 2144 p.
822 2068 885 2127 698
899 2061 934 2123 Ρ.
988 2059 1146 2124 Καθόλου
1172 2069 1244 2143 γοῦν
1273 2059 1330 2145 τὴν
1353 2054 1428 2143 περὶ
1438 2077 1476 2118 ωε

309 2178 367 2233 τοῦ
388 2164 483 2232 θείου
506 2163 629 2232 έννοιαν
652 2165 852 2254 Ξενοκράτης
875 2166 893 2230 δ
917 2165 1143 2254 Χαλκηδόνιος
1171 2163 1229 2230 ούκ
1252 2160 1429 2243 ἀπελπίζει

310 2272 367 2338 καὶ
390 2272 423 2338 ἕν
445 2277 514 2350 τοῖς
537 2273 667 2357 ἀλόγοις
691 2267 815 2358 ζιγίοιςᾶ.

382 2464 410 2504 ο.
430 2448 607 2520 Olympiodor.
626 2450 654 2503 in
668 2450 737 2502 Plat.
748 2449 845 2502 Phaed.
864 2466 890 2518 p.
901 2450 943 2515 98,
955 2450 989 2502 12
1003 2448 1024 2500 F
1025 2450 1103 2502 inokh
1117 2450 1159 2516 (cf.
1170 2449 1235 2502 Dos.
1245 2447 1316 2502 539b
1331 2447 1431 2512 adnot.)

309 2555 335 2608 p.
357 2537 407 2591 145
428 2543 454 2591 οἱ
473 2539 505 2592 δὲ
532 2543 615 2612 μέχρι
642 2547 687 2605 τῆς
711 2541 826 2606 ἀλογίας
850 2539 1141 2604 (ἀπαθανατίζουσιν),
1170 2542 1204 2598 ὡς
1234 2549 1287 2590 τῶν
1305 2540 1431 2590 παλαιῶν

310 2629 476 2698 Ξενοκράτης
494 2632 540 2680 καὶ
561 2629 761 2686 Σπεύσιπποςε
781 2629 812 2678 ut
831 2626 988 2678 animalibus
1007 2627 1088 2678 etiam
1107 2626 1206 2678 animas
1225 2625 1385 2678 immortales
1403 2627 1432 2677 et

311 2715 392 2767 divini
411 2715 561 2768 intellectus
579 2717 682 2784 partem
701 2715 832 2780 tribuerit,
853 2714 884 2766 cs.
903 2719 946 2766 BP
966 2714 1017 2767 287
1026 2731 1049 2767 a.

152 2992 288 3035 insecabiles
385 2979 495 3061 Simpl.
517 2979 613 3061 Phys.
639 2987 700 3044 30¹
725 2983 802 3055 138‚‘
824 2989 864 3044 10
877 2979 915 3042 D.
966 2979 1077 3064 Τούτῳ
1101 2977 1137 3044 δὲ
1160 2978 1207 3065 τῷ
1230 2977 1324 3065 λόγῳ,
1349 2978 1476 3068 φησίὲθί

181 3047 254 3088 linoae
311 3073 537 3171 (Ἀλέξανδρος
559 3085 577 3148 ὁ
598 3072 855 3171 Ἀφροδισιεύς),
892 3083 939 3170 τῷ
962 3083 1040 3170 περὶ
1067 3087 1127 3162 τὰς
1149 3083 1357 3168 διχοτομίας*
1380 3085 1430 3152 έν-

310 3190 421 3255 δοῦναι
444 3189 625 3278 Ξενοκράτη
649 3192 704 3255 τὸν
727 3191 952 3278 Χαλκηδόνιον
975 3191 1144 3274 δεξόμενον
1165 3191 1226 3273 μέν
1248 3193 1286 3256 τὸ
1309 3203 1379 3256 πᾶν
1392 3194 1431 3258 τὸ

311 3297 471 3383 διαιρετὸν
493 3296 603 3361 πολλὰ
626 3289 709 3361 εἶναι
734 3299 784 3381 (τὸ
807 3299 867 3384 γὰρ
890 3297 988 3385 μέρος
1011 3295 1118 3385 ἕτερον
1146 3290 1230 3364 εἶναι
1259 3309 1318 3362 τοῦ
1341 3299 1429 3381 ὅλου)

310 3402 366 3468 καὶ
389 3405 427 3469 τὸ
449 3405 493 3491 μὴ
517 3403 681 3468 δύνασθαι
703 3402 821 3468 ταύτὸν
844 3401 877 3468 έν
900 3428 934 3470 τε
958 3407 1026 3486 δίμα
1050 3404 1107 3470 καί
1130 3405 1239 3470 πολλὰ
1268 3397 1351 3470 εἶναι
1376 3405 1431 3469 διδ

310 3511 348 3574 τὸ
378 3511 422 3597 μὴ
452 3509 736 3596 συναληθεύεσθαι
765 3512 823 3597 την
846 3509 1030 3598 ἀντίφασιν,
1059 3511 1177 3599 μηκέτι
1199 3510 1236 3577 δὲ
1258 3515 1431 3598 συγχωρεῖν

231 3699 232 3704 ¹
310 3625 379 3678 πᾶν
411 3614 551 3700 μέγεθος
585 3615 748 3702 διαιρετὸν
779 3609 862 3680 εἶναι
896 3615 953 3681 καὶ
981 3615 1079 3704 μέρος
1109 3614 1206 3698 ἔχειν·
1256 3610 1340 3683 εἶναι
1371 3618 1429 3704 γάρ

309 3744 401 3798 τινας
430 3719 571 3804 ἀτόμοις
594 3721 755 3808 γραμμάς,
780 3713 834 3810 ἐφ’
854 3718 897 3787 ὧν
920 3722 1027 3788 οὐκέτι
1043 3723 1269 3812 ἀληθεύεσθαι
1291 3728 1330 3790 τὸ
1346 3725 1429 3790 πολ-

309 3826 369 3903 λάς
398 3826 520 3904 ταύτας
543 3819 636 3892 εἶναι.
683 3829 784 3906 οὕτως
815 3831 873 3916 γάρ
905 3818 987 3915 ᾤετο
1017 3831 1073 3918 την
1103 3841 1161 3896 τοῦ
1184 3827 1252 3908 ἑνὸς
1275 3829 1428 3918 εὑρίσκειν

309 3933 407 4020 φύσιν
430 3931 486 3996 καί
509 3934 635 4019 φεύγειν
658 3936 715 4020 την
737 3932 913 4022 ἀντίφασιν
940 3937 996 4000 διὰ
1025 3947 1084 4002 τοῦ
1104 3939 1185 4025 μήτε
1208 3939 1245 4002 τὸ
1269 3937 1428 4025 διαιρετὸν

309 4034 342 4104 έν
364 4030 448 4104 εἶναι
472 4037 555 4102 ἀλλὰ
579 4039 697 4120 πολλά,
720 4041 802 4128 μήτε
824 4042 884 4118 τοὶς
900 4040 1041 4124 ἀτόμους
1056 4045 1209 4130 γραμμὰς
1232 4042 1343 4108 πολλὰ
1359 4030 1424 4107 ἀλλ’

309 4139 342 4207 ἓν
364 4143 469 4226 μόνον.

380 4298 408 4338 a.
429 4285 556 4338 Zenonem
576 4289 687 4355 spectat,
706 4293 749 4340 BP
769 4289 821 4343 105
830 4289 861 4342 B.

380 4406 410 4461 b.
430 4408 487 4462 Ηοο
505 4409 660 4464 Xenocratis
678 4412 806 4480 placitum
825 4412 929 4466 videtur
948 4414 1092 4484 profectum
1111 4431 1167 4468 esse
1189 4431 1220 4467 ex
1234 4414 1353 4468 Platonis
1372 4413 1426 4466 doe·
