3150 4996
353 283 390 344 8⁰
851 285 975 342 Eleatici.

354 444 466 505 κοόσαις
484 444 517 498 δὲ
535 441 565 496 ἐν
584 451 644 504 ταῖς
662 442 804 514 λατομίαις
823 445 897 514 λέγει
909 441 1042 516 εὑρῆσθαι
1052 443 1143 498 τόπον
1155 442 1253 514 ίχθάος
1263 447 1308 498 καὶ
1318 449 1430 515 φωκιόν,
1447 444 1482 499 ἐν

354 534 388 588 δὲ
397 532 477 605 Πάρῳ
490 533 576 588 τόπον
589 531 681 602 άφάης
701 530 731 586 ἐν
749 534 787 608 τῷ
802 533 882 603 βάθει
900 539 948 588 τοῦ
966 535 1055 598 λίθου,
1074 531 1105 586 ἐν
1118 533 1149 585 δὲ
1160 534 1262 604 Μελίτη
1280 533 1385 593 πλάκας
1404 551 1481 605 συμ-

354 617 468 677 πάντων
487 623 651 677 θαλασσίων.
679 626 763 676 ταιῖτα
788 623 822 676 δέ
845 641 911 692 φησι
934 626 1082 692 γενέσθαι,
1106 620 1153 676 ὅτε
1177 615 1269 676 πάντα
1293 622 1482 688 ἐπηλάθησαν

354 705 447 781 πάλαι,
464 710 513 766 τόν
530 711 563 765 δὲ
582 711 670 764 τόπον
689 708 719 763 ἐν
737 718 776 784 τῷ
794 712 869 784 πηλῷ
885 714 1061 783 ἔηρανθῆναι,
1085 710 1259 781 ἀναιρεῖσθαι
1281 710 1314 766 δὲ
1337 709 1401 772 τοάς
1426 710 1481 766 άν-

355 800 482 871 θριόπους
500 798 613 866 πάντας,
633 800 700 852 ὅταν
719 801 734 866 ἠ
753 805 789 870 γη
807 808 1006 870 κατενεχθεῖσα
1032 803 1070 859 εἰς
1087 801 1136 865 τὴν
1154 799 1301 854 θάλασσαν
1325 801 1409 865 πηλός
1428 818 1481 870 γε·

354 909 440 959 νηται,
459 877 519 942 εἶτα
538 888 620 942 πάλιν
637 885 777 958 ἄρχεσθαι
795 895 839 954 τῆς
859 891 1001 960 γενέσεως,
1019 893 1065 942 καὶ
1084 887 1186 954 ταύτην
1204 893 1273 942 πᾶσι
1291 897 1348 950 τοῖς
1361 888 1480 961 κόσμοις

355 981 484 1048 γίνεσθαι
502 975 662 1048 μεταβολήν,

426 1085 455 1143 b.
485 1085 565 1140 Terra
583 1087 639 1140 sine
658 1087 717 1140 fine.
755 1087 838 1141 Arist.
864 1087 895 1141 de
920 1087 999 1142 Caelo
1018 1087 1045 1140 Π
1064 1088 1106 1142 13.
1125 1087 1197 1142 ι2918
1215 1088 1258 1140 21.
1296 1090 1322 1138 ol
1345 1087 1399 1156 μὲν
1421 1085 1481 1158 γάρ

355 1169 404 1226 διά
422 1178 506 1226 ταῦτα
525 1174 638 1244 άπειρον
655 1173 686 1226 τά
704 1171 780 1228 κάτω
799 1179 846 1239 τῆς
864 1181 917 1246 γῆς
936 1163 1008 1227 εἷναί
1024 1192 1119 1245 φασιν,
1138 1172 1182 1228 ἐπ’
1194 1173 1310 1243 ἄπειρον
1327 1173 1413 1238 ου’τὴν
1433 1175 1482 1244 ἐρ-

355 1265 489 1330 ριζῶσθαι
513 1263 654 1331 λέγοντες,
682 1259 772 1334 ὥσπερ
799 1260 958 1334 Ξενοφάνης
976 1266 991 1318 ό
1010 1264 1194 1334 Κολοφώνιος,
1218 1267 1263 1315 ἵνα
1280 1261 1319 1335 μη“
1337 1263 1483 1335 πράγματ’

356 1350 438 1422 ἔχωσι
471 1356 611 1416 ζητοῦντες
642 1353 692 1418 τήν
724 1356 823 1410 αἰτίαν.
860 1353 906 1407 διδ
933 1357 978 1408 καὶ
1000 1353 1179 1424 Ἐμπεδοκλῆς
1208 1350 1294 1413 οὕτως
1320 1353 1481 1420 ἐπέπληξεν,

357 1439 444 1494 είπιδν
464 1442 500 1500 ω’ς

500 1533 578 1598 εἴπερ
597 1529 730 1598 άπείρονα
748 1535 799 1600 γῆς
818 1549 846 1584 τε
865 1531 935 1600 βάθη
954 1533 999 1583 καί
1018 1529 1138 1597 δαψιλδς
1156 1530 1251 1602 αἰθήρ,

501 1621 538 1678 ολς
556 1616 605 1672 διά
623 1621 729 1671 πολλῶν
747 1619 783 1685 δν)
802 1619 927 1689 γλαίσσης
947 1620 1066 1689 ῥηθέντα
1083 1626 1208 1690 ματαίως

501 1709 645 1778 ἐκκέχυται
664 1709 814 1778 στομάτων,
833 1709 930 1777 ὀλίγον
949 1713 999 1761 τοῦ
1016 1709 1122 1768 παντός
1140 1708 1269 1764 ἰδόντων.

358 1798 464 1867 Hippol.
480 1797 535 1852 Rei.
550 1797 564 1850 Ι
580 1799 622 1851 14.
642 1799 706 1852 Dox.
719 1799 779 1862 565,
792 1799 835 1852 27.
854 1796 903 1848 τόν
922 1797 955 1850 δὲ
974 1794 1051 1862 ἥλιον
1063 1797 1092 1848 ἐκ
1108 1801 1215 1867 μικρῶν
1229 1795 1363 1866 πυριδίων
1381 1791 1483 1865 άθροι·

359 1886 482 1955 ζσμένων
500 1885 628 1955 γίνεσθαι
646 1881 711 1938 καθ’
729 1884 846 1948 ἑκάστην
865 1880 977 1956 ἡμέραν,
996 1883 1046 1951 τὴν
1071 1885 1103 1939 δὲ
1126 1891 1183 1954 γῆν
1207 1883 1322 1954 άπειρον
1346 1871 1416 1936 εἶναι
1436 1885 1483 1936 καὶ

358 1972 428 2046 μήτε
447 1970 493 2027 dn'
510 1973 589 2042 άέρος
607 1973 674 2045 μήτε
692 1970 746 2027 dno*
765 1979 814 2027 τοῦ
833 1973 952 2043 οὐρανοῦ
970 1976 1154 2045 περιέχεσθαι.
1183 1977 1228 2026 καλ
1246 1971 1373 2044 άπείρους
1392 1973 1484 2036 ἡλίους

359 2051 431 2118 εἶναι
448 2067 494 2116 καί
507 2062 631 2132 σελήνας,
652 2059 686 2116 τά
705 2063 738 2117 δὲ
756 2063 850 2116 πάντα
868 2051 939 2116 εἶναι
958 2061 988 2114 ἐκ
1006 2068 1063 2132 γῆς.

430 2185 458 2227 α.
485 2171 593 2226 Scilicet
610 2173 642 2225 ui
660 2172 748 2225 omnia
767 2171 893 2227 caelestia
912 2174 971 2225 orta
994 2175 1074 2240 putat
1099 2169 1129 2223 ἐκ
1153 2175 1248 2239 νεφῶν
1272 2169 1483 2239 πεπυρωμένων

359 2261 401 2314 vel
419 2259 450 2311 ἐκ
467 2260 602 2327 πυριδίων
616 2261 873 2330 συναθροιζομένων
885 2257 915 2310 ἐκ
924 2262 971 2323 τῆς
981 2261 1067 2328 άγρᾶς
1081 2257 1299 2329 ἀναθυμιάσεως,
1318 2257 1482 2326 v.Theoph1.

361 2365 402 2418 ap.
422 2349 494 2403 Siob.
514 2349 529 2402 I
547 2349 608 2414 522,
628 2350 740 2418 Doxogr.
760 2351 822 2414 348,
844 2353 889 2418 11;
916 2351 969 2404 492
988 2349 1019 2404 ir.
1041 2350 1082 2404 16.
1119 2348 1298 2417 Adiungimus
1317 2348 1373 2400 sine
1391 2345 1483 2400 ordine

361 2437 489 2507 quaedam
509 2454 522 2492 e
540 2438 646 2492 Laertio
666 2441 812 2493 commenta
831 2455 889 2491 cum
909 2439 1020 2492 Dielesii
1038 2437 1272 2501 interiectionibus,
1292 2437 1403 2504 Doxogr.
1420 2435 1482 2489 168.

361 2528 461 2596 ‚,Diog.
482 2527 523 2580 IX
542 2529 584 2582 19.
613 2529 680 2596 φησὶ
698 2526 730 2579 δὲ
748 2528 866 2594 τέτταρα
885 2513 954 2578 εἶναι
973 2531 1029 2580 τῶν
1048 2523 1137 2578 ὄντων
1156 2531 1277 2593 στοιχεῖα
1297 2524 1328 2594 [λ
1348 2524 1379 2579 cf.
1400 2524 1485 2578 Zeller

361 2615 394 2669 Ι4
411 2617 464 2671 498
474 2615 507 2685 ¹],
522 2611 642 2685 κόσμους
659 2613 693 2668 δὲ
711 2614 837 2681 άπείρους
855 2611 888 2665 ου’
907 2613 1115 2686 παραλλάκτους
1134 2613 1168 2666 δέ
1186 2613 1209 2682 [i
1225 2613 1350 2668 ZellerI⁴
1364 2612 1437 2680 500].
1450 2640 1483 2649 -·

362 2699 456 2757 οόσίαν
475 2709 544 2756 θεοῦ
562 2704 726 2772 σφαιροειδῆ
743 2703 833 2773 μηδὲν
851 2700 949 2772 δ’μοιον
968 2701 1089 2773 ἔχουσαν
1107 2700 1256 2773 άνθριόπῳ.
1281 2700 1344 2754 όλον
1363 2695 1396 2751 δ’
1414 2698 1484 2769 δρᾶν

361 2795 406 2844 καὶ
424 2788 490 2844 ὅλον
507 2788 619 2844 άκοάειν
637 2790 677 2862 μη“
694 2792 790 2862 μέντοι
808 2791 941 2845 άναπνεῖν
961 2793 991 2862 [λ
1011 2793 1043 2848 df.
1063 2793 1146 2848 Zeller
1164 2793 1197 2847 1⁴
1215 2788 1304 2858 490⁸]¹
1325 2819 1358 2828 -
1378 2785 1432 2858 ἔφη
1451 2787 1484 2840 δὲ

361 2883 407 2933 καὶ
424 2879 457 2934 τά
475 2879 563 2933 πολλά
582 2877 653 2942 ἥσσω
672 2885 725 2934 νοῦ
744 2867 813 2932 εἶναι
833 2877 914 2949 [ἥσσω
932 2879 993 2940 ἑνός
1010 2883 1123 2950 Menag„
1148 2884 1178 2935 at
1196 2879 1229 2934 of.
1249 2879 1331 2934 Zeller
1351 2878 1381 2932 [⁴
1400 2879 1453 2932 491
1463 2875 1483 2946 ¹]

362 2971 407 3021 καί
425 2975 483 3028 τοῖς
501 2967 643 3038 τυράννοις
662 2967 839 3038 ἐντυγχάνειν
858 2968 873 3032 ἢ
892 2970 927 3028 ω’ς
946 2969 1041 3033 ἥκιστα
1059 2968 1075 3033 ἢ
1094 2970 1131 3028 ω“ς
1150 2964 1275 3034 ἥδιστα.“

432 3149 643 3231 Xenophanes
668 3168 717 3232 ap.
744 3148 828 3214 Sexi.
853 3148 955 3211 Math.
977 3147 1043 3211 VII
1066 3156 1125 3222 493
1152 3155 1232 3222 1103
1256 3145 1338 3210 VIII
1362 3153 1439 3210 326.
1502 3165 1524 3205 υ

363 3254 401 3320 fr.
428 3264 479 3320 14.
525 3260 588 3322 Καὶ
611 3249 646 3319 τὸ
669 3260 725 3338 μὲν
749 3247 802 3320 οὖν
826 3255 919 3340 σαφὲς
943 3246 1024 3331 οότις
1046 3249 1120 3339 ἀνὴρ
1136 3250 1231 3338 γίνετ’
1249 3250 1324 3319 οὐδέ
1341 3280 1386 3329 τις
1401 3254 1485 3319 ἔσται

526 3357 611 3438 εἰδώς
625 3371 646 3441 ³,
671 3358 752 3448 ἀμφὶ
774 3361 857 3426 θεῶν
880 3386 911 3425 τε
934 3365 983 3424 καὶ
1006 3358 1086 3426 ἅσσα
1110 3364 1188 3445 λέγω
1211 3365 1278 3446 περὶ
1301 3356 1447 3424 πάντων·

527 3473 552 3534 εἷ
574 3463 631 3552 γάρ
654 3474 703 3532 καὶ
726 3463 765 3533 τὰ
787 3465 921 3550 μάλιστα
944 3464 1029 3551 τύχοι
1051 3471 1258 3549 τετελεσμένον
1281 3460 1379 3545 εἶπάν,

527 3571 618 3652 αὐτὸς
641 3569 723 3658 ὅμως
746 3570 801 3640 οὐκ
824 3573 906 3640 οἶδε·
931 3567 1049 3648 dinoci
1073 3569 1101 3640 δ
1126 3577 1171 3638 ἰπὶ
1195 3574 1268 3638 πᾶσι
1290 3573 1440 3638 τέτυκται.

437 3711 466 3752 a.
494 3697 586 3750 Simile
605 3697 729 3766 quiddam
748 3700 789 3750 est
807 3697 835 3749 in
853 3699 885 3751 fr.
900 3698 935 3751 15
954 3714 995 3766 ap.
1015 3696 1088 3750 Plut.
1108 3695 1195 3766 Symp.
1214 3697 1254 3750 IX
1269 3697 1311 3761 14,
1327 3697 1356 3749 7:
1375 3699 1487 3748 ταῦτα

366 3783 580 3843 δεδόξασται
598 3785 663 3854 μὲν
681 3783 822 3837 ἐοικότα
840 3793 912 3844 τοῖς
930 3782 1124 3855 ἐτύμοισιν.

414 3935 416 3940 .
437 3891 468 3949 b.
497 3893 539 3947 Fr.
561 3893 595 3946 16
614 3907 655 3960 ap.
676 3891 748 3946 Siob.
768 3892 861 3945 Floril.
880 3893 923 3958 29,
942 3894 975 3946 41
996 3894 1023 3945 et
1041 3892 1097 3947 Ecl.
1117 3891 1218 3946 1224:

437 4149 488 4196 BP.
508 4141 552 4206 87,
576 4157 614 4196 vs.
635 4142 659 4194 1.
696 4140 789 4194 Sextus
807 4142 843 4206 et,
872 4141 917 4210 qui
935 4140 1043 4194 initium
1070 4157 1152 4209 usque
1179 4141 1213 4195 ad
1239 4159 1264 4195 τ.
1289 4137 1371 4199 εἰδοῖς
1397 4140 1488 4208 habet,

366 4232 442 4300 Diog.
461 4231 501 4285 IX
521 4232 568 4285 72:
596 4225 664 4298 άνήρ
688 4227 757 4283 ἰ’δεν,
795 4231 903 4284 Rectius
921 4229 992 4284 Plui.
1012 4229 1078 4284 Aud.
1099 4230 1172 4284 Poet.·
1191 4231 1215 4284 2.
1239 4225 1333 4297 γένετ’,
1355 4258 1389 4269 -
1413 4247 1452 4284 ve.
1472 4233 1488 4286 3

367 4321 445 4374 aliter
464 4337 506 4389 ap.
526 4320 618 4374 Galen.
638 4320 698 4372 Diff.
718 4318 941 4388 Puls21111‚p.
962 4320 1014 4373 636
1029 4320 1075 4372 K.:
1096 4314 1145 4369 Ἢν
1168 4317 1223 4387 γάρ
1248 4319 1291 4368 καὶ
1312 4313 1345 4369 τά
1369 4318 1488 4387 μέγιστα

367 4405 440 4477 τάχη
458 4409 648 4479 τετελεσμένα,
669 4407 754 4460 εἰπάν
772 4403 867 4473 Λάιός,
887 4407 960 4478 ὅμως
980 4403 1029 4458 οι’κ
1048 4393 1126 4458 οἶδε·
1146 4406 1201 4460 κτλ.
1273 4441 1275 4444 -
