3156 4988
293 307 349 374 ὃδδ
710 337 714 344 ’
770 317 934 372 Aristoteles.

294 473 594 558 ἀπεσχεδιασμένος.
642 477 722 565 αύτη
745 475 804 560 μὲν
826 474 880 542 οὖν
903 478 1124 566 ἦδικαιοσύνη
1148 477 1244 566 ἀρετη
1267 476 1326 561 μέν
1342 477 1406 544 ἐστι

294 579 409 660 τελεία,
434 571 510 646 ἀλλ’
529 580 584 662 οὐχ
607 581 723 660 ἁπλῶς
746 582 829 648 ἀλλά
853 585 937 670 πρὸς
961 582 1076 670 ἕτερον.
1110 621 1150 631 -
1185 595 1289 651 113οῑ
1314 595 1354 650 10
1377 581 1411 650 τί

293 687 330 754 δὲ
363 685 512 774 διαφέρει
543 688 563 775 ἡ
585 687 681 775 ἀρετὴ
710 687 767 753 καὶ
791 691 810 776 ἡ
833 689 1020 778 δικαιοσύνη
1044 691 1141 778 αὕτη,
1170 690 1267 777 δῆλον
1289 689 1326 756 ἐκ
1348 703 1410 756 τῶν

292 791 480 882 εἰρημένων·
527 788 596 858 ἔστι
625 792 685 876 μὲν
713 796 773 880 γάρ
797 796 816 883 η
840 793 935 883 αὕτη,
967 797 1005 861 τὸ
1028 783 1060 860 δ’
1078 788 1162 860 εἶναι
1192 794 1229 861 ού
1260 798 1299 861 τὸ
1323 795 1409 876 αύτύ,

292 891 364 964 ἀλλ’
383 883 405 986 ᾗ
427 897 488 982 μὲν
510 900 595 985 πρὸς
617 897 733 986 ἕτερον,
757 901 954 989 δικαιοσύνη,
978 885 1000 990 ᾗ
1024 900 1061 966 δὲ
1074 902 1186 967 τοιάδε
1201 899 1269 980 ἕξις
1285 901 1408 982 ἁπλῶς,

179 1020 265 1072 propria
292 1005 415 1093 ἀρετήῆ
470 1015 500 1070 4.
535 1004 688 1092 ζητοῦμεν
716 1004 753 1070 δέ
780 1029 815 1090 γε
854 1008 911 1094 τὴν
951 1006 984 1072 ἐν
1014 1006 1105 1094 μέρει
1147 1006 1260 1095 ἀρετῆς
1302 1009 1408 1073 δικαι-

292 1113 420 1201 οσύνην·
444 1108 513 1178 ἔστι
537 1111 597 1196 γάρ
621 1137 680 1191 τις,
705 1111 749 1190 ὡς
772 1110 888 1200 φαμέν.
913 1109 1033 1195 ὁμοίιος
1056 1111 1163 1178 δὲκαὶ
1179 1113 1256 1202 περὶ
1280 1111 1409 1192 ἀδικίας

291 1231 348 1305 τῆς
371 1221 456 1284 κατὰ
478 1216 583 1304 μέρος.
631 1209 763 1306 σημεῖον
792 1207 824 1284 δ’
843 1218 894 1284 ὅτι
917 1215 1020 1284 έστιν·
1055 1221 1140 1286 κατὰ
1168 1218 1228 1301 μὲν
1259 1222 1321 1305 γάρ
1352 1222 1409 1298 τὰς

291 1323 394 1402 ἀλλας
415 1320 602 1412 μοχθηρίας
625 1324 643 1388 δ
666 1323 800 1409 ἐνεργῶν
822 1324 928 1390 ἀδικεῖ
949 1324 1024 1408 μέν,
1050 1326 1236 1391 πλεονεκτεῖ
1259 1315 1292 1390 δ’
1311 1324 1407 1406 οὐδέν,

292 1420 360 1495 οἷον
389 1431 407 1495 ὁ
430 1427 535 1517 ῥίψας
564 1431 621 1517 τὴν
650 1427 779 1495 ἀσπίδα
809 1431 865 1495 διὰ
894 1429 1017 1496 δειλίαν
1047 1432 1067 1519 ἢ
1090 1443 1199 1509 κακῶς
1228 1429 1333 1496 εἰπὼν
1354 1433 1408 1496 διὰ

289 1536 497 1624 χαλεπότητα
521 1537 540 1624 ἢ
563 1535 600 1601 σύ
622 1537 793 1624 βοηθήσας
813 1538 956 1625 χρήμασι
980 1526 1027 1602 δι’
1046 1535 1286 1624 ἀνελευθερίαν·
1333 1538 1409 1602 ὅταν

291 1640 328 1706 δὲ
350 1639 544 1730 πλεονεκτῇ,
577 1643 740 1720 πολλάκις
762 1633 841 1708 κατ’
860 1640 1012 1726 οὐδεμίαν
1035 1658 1099 1708 τῶν
1121 1644 1291 1723 τοιούτων,
1326 1643 1408 1708 ἀλλά

290 1750 353 1835 μὴν
375 1746 448 1813 οὐδὲ
476 1749 561 1813 κατὰ
584 1749 711 1830 πάσας,
742 1751 827 1815 κατά
857 1747 1016 1838 πονηρίαν
1039 1749 1076 1816 δέ·
1098 1774 1132 1835 γε
1155 1775 1228 1816 τινα
1253 1748 1410 1835 (ψέγομεν

291 1854 364 1940 γάρ)
396 1853 453 1920 καὶ
482 1843 559 1920 κατ’
578 1851 716 1920 ἀδικίαν.
755 1851 843 1920 ἔστιν
874 1855 938 1942 άρα
970 1879 1005 1940 γε
1034 1855 1116 1943 άλλη
1147 1879 1199 1932 τις
1227 1854 1342 1920 ἀδικία
1365 1857 1409 1933 ὡς

289 1959 387 2046 μέρος
409 1973 466 2048 τῆς
489 1961 573 2050 ὅλης,
597 1959 654 2026 καὶ
678 1960 791 2026 άδικόυ
814 1985 848 2026 τι
871 1960 904 2026 ἐν
926 1960 1016 2048 μέρει
1040 1973 1098 2027 τοῦ
1121 1962 1197 2027 άλου
1220 1959 1337 2026 ἀδίκου
1352 1971 1410 2027 τοῦ

290 2068 385 2154 παρὰ
407 2069 463 2132 τὸν
485 2066 590 2150 νόμον.
616 2105 656 2114 -
687 2056 734 2132 Ib.
759 2076 788 2132 5.
816 2066 920 2133 1130b
944 2078 973 2134 6.
1013 2056 1089 2133 ’Ότι
1112 2067 1172 2150 μέν
1194 2065 1248 2133 οὖν
1271 2065 1334 2133 εἶσι
1358 2068 1407 2132 δι·

289 2173 458 2238 καισσύναι
494 2170 642 2251 πλείους,
678 2172 734 2238 καί
772 2174 821 2238 ὅτι
856 2170 926 2238 ἔστι
955 2198 1008 2252 τις
1037 2172 1093 2238 καί
1118 2169 1211 2256 ἑτέρα
1235 2176 1329 2260 παρὰ
1353 2175 1408 2262 την

290 2278 366 2366 ὅλην
388 2278 509 2366 ἀρετήν,
533 2279 644 2367 δῆλον·
682 2276 734 2356 τίς
757 2278 793 2345 δέ
816 2278 873 2344 καὶ
897 2277 998 2345 ὁποία
1022 2305 1081 2358 τις,
1106 2279 1255 2367 ληπτέον.
1295 2280 1406 2366 διώρι-

290 2405 366 2448 σται
397 2385 435 2472 δη
464 2386 502 2449 τὸ
531 2383 643 2450 ἀδικον
672 2386 710 2451 τό
733 2409 769 2450 τε
792 2385 984 2470 παράνομον
1008 2385 1065 2450 καὶ
1089 2387 1126 2451 τὸ
1150 2385 1274 2467 ἀνισον,
1312 2387 1349 2451 τδ
1372 2383 1406 2450 δὲ

290 2486 418 2555 δίκαιον
440 2491 477 2555 τύ
500 2514 536 2556 τε
557 2491 691 2573 νόμιμον
713 2489 770 2556 καὶ
793 2493 831 2556 τὸ
854 2488 934 2556 ἴσον.
967 2492 1052 2556 κατὰ
1075 2491 1135 2574 μὲν
1158 2488 1272 2557 οὖντὸ
1296 2491 1406 2578 παρά-

90 2609 130 2651 aut
140 2609 275 2652 distribuens
289 2621 386 2680 νομον
408 2598 427 2684 ἡ
451 2596 609 2683 πρότερον
631 2593 778 2685 εἰρημένη
802 2593 915 2662 ἀδικία
940 2594 1036 2662 ἐστίν.
1058 2634 1101 2643 -
1126 2606 1168 2664 30
1191 2610 1248 2684 της
1271 2596 1308 2662 δὲ
1323 2597 1407 2662 κατά

287 2702 385 2790 μέρος
415 2704 619 2791 δικαιοσύνης
651 2702 708 2768 καὶ
731 2714 789 2768 τοῦ
812 2692 889 2768 κατ’
908 2702 1006 2791 αάτίγυ
1029 2701 1158 2769 δικαίου
1182 2699 1216 2768 (έν
1237 2701 1297 2786 μέν
1320 2702 1405 2768 ἐστιν

288 2801 374 2887 εἶδος
402 2811 440 2875 τὸ
464 2808 497 2874 ἐν
520 2813 594 2887 ταῖς
617 2809 790 2891 διανομαῖς
813 2821 909 2896 τιμῆς
932 2810 951 2896 ἢ
972 2809 1145 2897 χρημάτων
1168 2809 1187 2897 ἢ
1210 2823 1274 2873 τῶν
1301 2809 1405 2873 ἀλλων

289 2916 350 2980 ὅσα
373 2917 511 3001 μεριστὰ
534 2919 604 2992 τοῖς
627 2925 813 2980 κοινωνοῦσι
846 2927 903 3002 της
925 2912 1098 2993 πολιτείας
1128 2913 1173 2998 (ἐν
1195 2916 1323 2993 τούτοις
1347 2917 1405 3002 γὰρ

289 3015 440 3086 ἐστικαὶ
469 3020 578 3086 ἀνισου
607 3017 688 3102 έγειν
710 3020 767 3086 καὶ
797 3017 868 3086 ἴσον
897 3019 1004 3108 ἕτερον
1028 3017 1163 3108 ἑτέρου),
1198 3017 1232 3085 (ἓν
1255 3019 1291 3086 δὲ
1313 3023 1352 3086 τὸ
1374 3019 1410 3086 έν

288 3131 358 3204 τοῖς
381 3127 625 3212 συναλλάγμασι
649 3128 876 3212 διορδιυτικύν.
904 3165 943 3174 -
973 3129 1020 3192 Ib.
1046 3136 1074 3193 6.
1099 3137 1205 3194 1131“
1230 3137 1248 3193 9
1273 3123 1347 3192 ἐπεὶ
1370 3116 1403 3191 δ’

289 3223 355 3298 ὅτ’
374 3232 486 3310 ἀδικος
509 3232 618 3311 ἀνισος
640 3233 697 3299 καί
720 3235 758 3298 τὸ
782 3233 895 3299 άδικον
910 3233 1028 3314 ἀνισον,
1053 3234 1149 3321 δῆλον
1170 3234 1221 3298 ὅτι
1237 3231 1294 3298 καὶ
1309 3231 1409 3316 μέσον

119 3330 263 3434 {fffflug'}
288 3335 323 3404 τί
352 3338 421 3404 ἐστι
452 3350 509 3404 τοῦ
532 3338 651 3404 ἀνίσου.
698 3349 794 3405 τοῦτο
818 3329 852 3405 δ’
872 3339 940 3405 ἐστὶ
963 3342 1002 3405 τὸ
1029 3336 1127 3406 ἴσον.
1163 3338 1196 3405 ἐν
1219 3336 1322 3426 ὁποίᾳ
1346 3341 1405 3426 γὰρ

143 3449 235 3488 ”qm
289 3445 408 3532 πράξει
432 3444 502 3510 ἐστὶ
524 3447 562 3511 τὸ
586 3443 687 3511 πλέον
710 3444 767 3510 καὶ
790 3447 828 3511 τὸ
851 3442 994 3526 ἔλαττον,
1020 3444 1089 3511 ἐστὶ
1112 3443 1170 3511 καὶ
1193 3447 1230 3510 τὸ
1253 3441 1334 3510 ἴσον.
1378 3441 1407 3510 εἰ

289 3547 342 3616 οὖν
364 3553 402 3616 τὸ
425 3551 538 3616 ἀδικον
560 3550 678 3631 άνισον,
702 3552 741 3617 τὸ
764 3549 891 3617 δίκαιον
912 3547 1000 3616 ἴσον·
1035 3552 1117 3636 ὅπερ
1141 3549 1198 3616 καὶ
1222 3550 1295 3616 ἀνευ
1311 3550 1407 3635 λόγου

289 3658 378 3724 δοκεῖ
407 3669 518 3722 πᾶσιν.
564 3656 638 3723 ἐπεὶ
668 3656 705 3722 δὲ
732 3659 771 3722 τὸ
800 3654 873 3723 ἰ’σον
894 3655 1008 3740 μέσον,
1038 3659 1077 3723 τδ
1100 3654 1229 3722 δίκαιον
1251 3655 1351 3739 μέσον
1373 3679 1407 3721 τι

289 3764 328 3829 ἀν
349 3759 408 3852 εἴη.
455 3760 524 3828 ἔστι
548 3763 584 3830 δὲ
614 3765 652 3829 τὸ
675 3759 746 3829 ἴσον
776 3763 809 3828 ἒν
832 3761 1015 3844 ἐλαχίστοις
1038 3760 1144 3828 δυσίν·
1191 3762 1312 3850 ἀνάγκη
1336 3758 1406 3827 τοί-

287 3895 342 3935 νυν
367 3871 406 3935 τδ
435 3867 562 3935 δίκαιον
589 3868 688 3951 μέσον
727 3893 763 3934 τε
796 3868 853 3934 καὶ
876 3863 949 3934 ἴσον
970 3862 1054 3934 εἶναι
1089 3867 1162 3952 [καὶ
1185 3868 1269 3955 πρός
1291 3892 1324 3933 τι
1348 3865 1405 3932 καὶ

287 3973 373 4042 τισίν
388 3978 432 4060 1],
467 3974 524 4040 καὶ
546 3960 567 4062 ᾖ
589 3974 648 4058 μὲν
670 3973 782 4058 μέσον,
806 3988 903 4040 τινῶν
925 3977 1042 4059 (ταῦτα
1068 3963 1101 4039 δ’
1121 3973 1189 4040 ἐστὶ
1213 3974 1326 4038 πλεῖον
1349 3971 1405 4038 καὶ

288 4077 445 4167 ἔλαττον),
469 4065 491 4170 ᾗ
515 4070 547 4146 δ’
567 4077 640 4147 ἴσον
662 4079 741 4162 ε’στί,
765 4082 862 4162 δυοῖν,
886 4064 909 4169 ᾗ
931 4080 968 4146 δὲ
983 4078 1118 4161 δίκαιον,
1141 4077 1254 4146 τισίνλ.
1283 4079 1404 4166 ἀνάγκη

361 4331 387 4394 1)
414 4335 460 4384 καὶ
489 4332 556 4405 πρός
584 4351 610 4383 τι
638 4347 687 4384 om.
716 4327 769 4396 Kb,
798 4327 891 4382 seclus.
911 4327 1020 4382 Bekker.
1051 4359 1083 4367 —
1111 4332 1157 4382 καὶ
1185 4334 1258 4382 τισίν
1285 4344 1335 4382 om.
1354 4325 1403 4391 11¹³,

289 4417 382 4471 seclus.
400 4421 452 4470 ΒΡ.
