3150 4996
220 3519 307 3560 animus

207 3572 320 3614 harmonia

338 334 374 395 70
811 336 979 406 Pythagorei.

339 496 379 565 τὰ
401 491 478 564 ἄλλα
501 493 600 564 κιόντα
624 494 737 582 δμοίως
761 502 832 579 tto,
869 503 916 563 καὶ
947 497 1000 563 τὸν
1019 492 1133 585 χρόνον
1162 491 1286 584 ιδλογόν
1309 505 1372 567 ἔστι
1404 505 1463 567 τὸν

338 599 433 671 αότδν
457 602 539 671 εἶναι.

404 784 510 848 Theoi.
533 782 669 846 Arithm.
694 791 744 847 22.
794 783 946 868 Τίσσαρες
976 779 1064 868 ἀρχαὶ
1088 784 1144 848 τοῦ
1173 783 1252 873 ζῴου
1285 785 1341 850 τοῦ
1374 791 1461 870 λογι-
1484 801 1535 844 ῖοΒ

337 891 409 972 κοῦ,
440 884 541 974 ιδσιιερ
574 895 624 954 καὶ
657 888 810 964 Φιλόλαος
847 889 878 954 ἓν
913 889 957 979 τῷ
985 896 1051 975 περὶ
1088 884 1209 974 φόσειος
1244 892 1336 976 λίγα,
1376 895 1461 977 ίγκί-

338 1004 444 1085 quator,
469 999 586 1082 καρδία,
612 991 759 1082 ὀμφαλός,
784 999 920 1061 αἰδοῖον·
946 996 1103 1083 „liconti
1125 1000 1181 1082 μὲν
1204 993 1274 1079 νόω,
1298 1001 1407 1082 καρδία
1423 1002 1462 1066 δὲ

337 1112 442 1189 ψυχᾶς
465 1108 511 1168 καὶ
534 1099 714 1184 αι’σθόσιος,
746 1098 886 1188 ὀμφαλὸς
916 1105 949 1166 δὲ
977 1099 1116 1190 ῥιζώσας
1144 1110 1192 1170 καὶ
1223 1100 1391 1191 όναιρόσιος
1414 1107 1462 1170 τῶ

338 1209 450 1298 πρώτω
475 1213 541 1292 [2],
566 1213 682 1274 αἰδοῖον
706 1211 739 1275 δὲ
763 1210 934 1296 σαίρματος
957 1216 1130 1292 καταβολιῖς
1152 1237 1183 1277 τι
1207 1218 1254 1277 καὶ
1279 1208 1460 1296 γεννόσισς·

339 1320 504 1408 ἐγκέφαλος
528 1319 560 1380 δὲ
584 1310 640 1382 τὰν
663 1303 821 1401 δνθρώτιιο
837 1310 943 1400 ἀρχόν,
967 1321 1076 1403 καρδία
1098 1321 1132 1384 δι’
1148 1315 1204 1383 τὰν
1220 1316 1297 1408 Coie),
1321 1313 1463 1406 ὀμφαλός

1149 1422 1161 1462 b

340 1429 375 1494 δὲ
406 1424 462 1491 τὰν
494 1422 600 1511 (poem,
636 1427 754 1488 oidoicv
785 1423 819 1486 δὲ
850 1422 907 1488 τὰν
937 1418 1134 1500 ξονατιόνταιν
1176 1443 1184 1458 ·
1208 1419 1307 1491 πάντα
1330 1421 1387 1511 γὰρ
1410 1429 1462 1490 καὶ

340 1530 490 1598 &citiores
512 1535 561 1595 καί
583 1525 819 1612 βλαστόνσντι.“

412 1669 442 1711 a.
469 1653 563 1722 Porph.
580 1653 629 1706 vit.
646 1652 773 1721 Pyrum
793 1659 845 1719 (BP
859 1653 905 1721 46)
924 1653 993 1706 iuter
1010 1653 1164 1708 notissimas
1182 1655 1239 1708 eius
1257 1656 1402 1710 sententias
1420 1671 1462 1709 re-

341 1745 401 1807 fert,
421 1738 465 1814 ότι
481 1740 551 1792 κατα
570 1739 716 1810 περιόδους
734 1736 809 1800 τινός
826 1739 858 1792 τό
876 1739 1014 1810 γενόμενά
1032 1759 1100 1794 ποτε
1118 1741 1201 1794 πόλιν
1218 1747 1332 1810 γίνεται,
1350 1745 1414 1796 νέον
1433 1742 1464 1794 δ’

342 1829 424 1884 οὐδὲν
451 1827 543 1888 ἁπλῶς
570 1826 633 1884 ἔστι.
670 1829 711 1884 Ad
738 1831 904 1898 singularum
928 1846 1013 1884 rerum
1039 1831 1176 1884 interitum
1199 1831 1265 1886 refer
1290 1831 1461 1901 Plac.115;

341 1923 405 1975 Dox.
425 1921 485 1974 333.
512 1912 642 1976 Φιλόλαος
660 1917 754 1980 διττην
773 1903 843 1969 εἶναι
862 1918 910 1980 την
929 1915 1053 1986 φθοράν,
1072 1917 1103 1970 τό
1121 1919 1175 1988 μὲν
1194 1918 1222 1978 ἐξ
1240 1917 1361 1986 οὐρανοῦ
1375 1919 1463 1991 πυρός

341 2009 459 2078 ῥυέντος,
477 2008 507 2061 τό
527 2004 559 2058 δ’
578 2004 678 2066 ὕδατος
702 2007 859 2068 σεληνιακοῦ
878 2008 1052 2076 περιστροφῇ
1078 2011 1125 2058 τοῦ
1149 2005 1229 2077 α’ἐρος
1254 2007 1462 2076 α’ττοχυθέντος·

341 2101 385 2151 καὶ
404 2096 507 2150 τούτων
526 2084 596 2150 εἶναι
613 2097 659 2155 τας
676 2090 874 2166 ἀναθυμιάσεις
894 2095 998 2164 τροφός
1017 2100 1066 2148 τοῦ
1084 2097 1195 2167 κόσμον.

413 2206 444 2261 b.
472 2205 535 2260 Tria
553 2221 648 2274 genera
666 2205 798 2273 superiora
816 2203 1008 2272 complectitur.
1045 2205 1083 2257 De
1098 2203 1145 2258 hoc
1155 2204 1188 2258 fr.
1199 2203 1226 2258 Z.
1238 2203 1333 2258 {⁴265
1344 2207 1372 2256 et
1382 2205 1435 2258 416
1444 2201 1463 2256 ⁸.

433 2403 569 2466 Macrob.
601 2400 706 2465 Somn.
729 2401 745 2463 Ι
771 2409 821 2464 14.
847 2409 896 2465 19.
942 2399 1034 2464 Plato
1070 2400 1148 2463 dixit
1181 2401 1321 2464 animam
1356 2419 1465 2464 essen·
1484 2419 1509 2458 ιι

344 2511 424 2576 tiam
459 2528 492 2573 sc
525 2510 720 2584 moventem,
760 2507 953 2570 Xenocrates
996 2526 1165 2570 numerum
1204 2526 1237 2570 se
1271 2509 1464 2584 moventem,

344 2617 531 2682 Aristoteles
555 2615 741 2698 ἐντελέχειαν,
766 2613 965 2696 Pythagoras
989 2616 1022 2676 et
1037 2613 1200 2676 Philolaus
1225 2615 1426 2678 harmoniam
1441 2597 1465 2678 ἕ.

345 2724 539 2790 Claudianus
563 2722 601 2785 de
627 2721 723 2785 Statu
746 2723 804 2784 An.
827 2720 860 2784 Π
885 2731 902 2786 7
929 2721 979 2803 (er
1002 2720 1173 2802 Philoleo):
1203 2723 1320 2785 Anima
1343 2722 1466 2785 inditur

346 2830 468 2913 corpori
490 2848 547 2911 por
576 2847 746 2890 numerum
779 2829 810 2890 et
841 2827 1059 2890 immortalem
1090 2827 1287 2908 eandemque
1322 2829 1466 2910 incorpo-

344 2938 446 3000 ralem
476 2934 727 2999 convenientiam
741 2933 764 2995 ¹³.
788 2971 830 2978 -
862 2933 1013 3013 Diligitur
1037 2952 1150 3015 corpus
1175 2934 1213 2997 ab
1238 2935 1358 3012 anima,
1390 2935 1466 3016 quia

346 3042 412 3106 sino
437 3060 471 3105 eo
495 3061 559 3104 non
581 3042 688 3123 potest
715 3040 764 3102 uti
794 3039 939 3102 sensibus
956 3047 984 3101 ⁰:
1020 3058 1039 3102 a
1068 3058 1128 3120 quo
1162 3042 1334 3122 postquam
1362 3045 1465 3107 morte

346 3148 482 3213 deducta
506 3149 563 3224 est,
587 3147 653 3228 agit
677 3147 710 3210 in
732 3147 851 3210 mundo
875 3146 1104 3228 incorporalem
1128 3147 1236 3210 vitam.

416 3285 444 3326 a.
470 3270 552 3325 Arist.
572 3269 603 3324 de
615 3269 665 3324 An.
679 3269 692 3322 I
707 3271 731 3324 2.
746 3271 818 3323 404³
834 3271 881 3322 li:
901 3264 1012 3337 ἔφασαν
1030 3266 1085 3337 γιίρ
1104 3285 1173 3328 τινες
1193 3267 1289 3320 αδτῶν
1308 3272 1467 3339 (ταῖνΗιιδ.)

344 3358 438 3429 ψαχην
463 3343 533 3411 εἶναι
557 3355 592 3412 τό
615 3355 645 3410 ἐν
669 3363 709 3429 τῷ
727 3356 785 3427 α’ίρι
804 3357 946 3427 ξόσματα,
966 3363 992 3408 oi
1010 3356 1043 3410 δὲ
1062 3356 1094 3408 τό
1112 3361 1198 3409 ταῦτα
1217 3360 1318 3414 κινοῦν,
1344 3363 1408 3427 περὶ
1433 3359 1467 3413 δὲ

345 3449 452 3501 τούτων
470 3451 582 3516 εἴρηται,
601 3445 675 3499 διότι
694 3451 815 3515 συνεχιιῑς
834 3450 960 3516 φαίνεται
979 3445 1136 3516 κινούμενα,
1155 3446 1208 3498 κᾶν
1227 3437 1243 3516 ᾗ
1262 3451 1376 3516 νηνεμία
1395 3467 1468 3500 παν-

344 3536 429 3602 τελής.
458 3539 538 3592 Arist.
549 3536 697 3592 dotale.
717 3537 839 3592 coibat.
858 3539 904 3586 καὶ
919 3534 985 3598 etto
1001 3535 1035 3588 δέ
1050 3553 1089 3594 τις
1108 3535 1177 3598 δόξα
1196 3535 1387 3604 παραδέδοται
1403 3540 1469 3606 περὶ

345 3631 451 3695 ψυχῆς,
471 3656 505 3665 -
532 3623 668 3694 ἁρμονίαν
691 3625 745 3696 γάρ
763 3645 822 3678 τινα
842 3620 925 3688 αότην
946 3623 1071 3692 λέγουσι·
1100 3625 1145 3675 καὶ
1172 3621 1227 3693 γδρ
1254 3625 1303 3689 την
1330 3621 1469 3696 ἁρμονίαν

345 3719 441 3785 κρᾶσιν
459 3715 506 3764 καὶ
524 3712 655 3766 σύνθεσιν
674 3711 805 3766 ἐναντίων
824 3700 907 3777 εἶναι,
935 3715 980 3764 καὶ
1006 3711 1036 3764 τό
1056 3716 1135 3782 σῶμα
1154 3717 1319 3780 συγκεῖσθαι
1337 3711 1366 3774 ἐξ
1387 3710 1469 3766 ἐναν-

346 3807 420 3858 τίων.
453 3803 533 3857 Polit.
549 3802 617 3856 VIlI
631 3804 655 3857 5.
676 3798 824 3857 1340b18.'
846 3800 892 3853 διδ
911 3801 1006 3851 πολλοί
1022 3817 1091 3868 φασι
1111 3804 1168 3852 τιδι’
1188 3804 1284 3869 σοφῶν
1303 3805 1328 3852 οἱ
1346 3803 1400 3870 μὲν
1418 3802 1469 3870 ιὶρ-

346 3897 447 3966 μανίαν
472 3879 543 3944 εἶναι
568 3890 618 3954 την
642 3885 744 3960 ψυχήν,
773 3895 798 3942 οἱ
816 3888 843 3940 δ1
862 3887 933 3958 ἔχειν
952 3888 1100 3962 ἁρμονίαν.Ι
1133 3889 1172 3944 Cf.
1188 3905 1254 3958 quae
1279 3889 1403 3942 Simmiae
1427 3905 1471 3942 ex·

347 3985 435 4055 ponit,
464 3981 581 4036 Philolai
606 3981 724 4044 auditor,
752 3981 780 4033 in
808 3979 877 4032 Plat.
906 3977 1002 4032 Phaed.
1023 3978 1057 4032 85
1082 3981 1131 4031 cet.
1169 3977 1283 4044 Quidam
1311 3977 1471 4045 simpliciter

348 4073 468 4127 dixerunt
486 4087 541 4124 esse
559 4085 703 4134 numerum,
723 4067 794 4123 Stob.
815 4067 829 4122 I
848 4069 909 4122 862.

419 4178 450 4234 b.
480 4177 582 4244 Quibus
599 4176 715 4230 numeris
734 4175 768 4228 ad
787 4174 869 4228 animi
888 4174 1005 4229 actiones
1020 4172 1200 4227 describendas
1215 4173 1256 4226 usi
1270 4173 1333 4237 sint,
1353 4173 1471 4228 cernitur

348 4285 378 4322 ex
397 4267 486 4320 Theol.
505 4265 620 4320 Arithm.
640 4265 665 4329 8,
684 4264 718 4319 56
738 4281 779 4334 ap.
798 4270 842 4316 BP
861 4265 904 4317 66.
942 4263 982 4316 cf.
998 4261 1080 4315 Arist.
1095 4261 1157 4315 Met.
1172 4261 1225 4316 15.
1244 4259 1276 4313 ιδ
1293 4260 1347 4332 μὲν
1364 4261 1471 4314 τοιονδὶ

350 4351 548 4424 τώνόριθμῶν
561 4353 651 4412 πόθος
666 4350 832 4416 δικαιοσύνη,
852 4350 882 4402 τό
901 4350 933 4404 δὲ
953 4349 1058 4403 τοιονδὶ
1076 4348 1153 4420 ψυχή
1172 4353 1217 4402 καὶ
1236 4353 1308 4418 νοῦς,
1328 4351 1411 4405 cetu.
1426 4357 1471 4406 ΒΡ

348 4443 518 4510 ffibmc
