3130 4980
672 356 773 410 Ethioa.
1229 349 1282 411 277

154 516 259 603 φάσιν
282 516 500 598 σκοπούμεθα
524 513 580 580 καὶ
604 514 709 597 νόμων
732 514 835 594 τάξιν,
861 513 958 580 οὐτὸ
982 509 1150 599 σῴζεσθαί
1173 513 1280 580 τεκαὶ

156 614 244 686 εἶναι
278 621 377 704 μόνον
411 620 604 707 ἀνθρώποις
626 622 826 704 τιμιώτατον
848 621 1013 708 ἡγούμενοι
1024 670 1032 701 ,
1068 619 1225 706 καθάπερ
1249 616 1280 686 οἳ

162 724 291 808 πολλοί,
315 727 353 791 τὸ
376 716 408 790 δ)
427 728 471 804 ὡς
493 723 681 809 βελτίστους
697 724 868 812 γίγνεσθαί
889 751 924 792 τε
948 725 1004 792 καὶ
1020 718 1102 792 εἶναι
1127 738 1280 793 τοσοῦτον

155 833 272 919 χρόνον
295 833 369 897 ὅσον
393 832 431 896 δν
455 829 581 897 (lumb.¹

233 1005 262 1046 a.
282 990 349 1044 Aliis
368 992 473 1060 quidem
492 992 564 1058 Ιοείε,
584 992 630 1044 ubi
644 991 827 1062 philosophum
842 1008 857 1043 a
871 991 1005 1060 republica
1023 1007 1130 1061 prorsus
1149 991 1281 1045 abstinere

154 1080 239 1133 dooet‘
261 1080 345 1138 (velut
362 1080 469 1134 Theaet.
491 1079 575 1134 1720
590 1097 638 1150 sq„
663 1080 727 1149 Πομ.
746 1080 760 1132 Ι
782 1079 930 1148 345Esq.‚
949 1079 1161 1149 vl15190sq.)
1188 1081 1282 1150 imper·

157 1167 328 1238 sectaequae
347 1169 425 1235 vulgo
439 1169 560 1221 obtinent
578 1169 715 1224 civitatum
732 1169 828 1221 formas
849 1171 959 1238 spectat,
986 1169 1016 1220 cf.
1035 1168 1100 1238 Rep.
1119 1169 1170 1221 VII
1188 1168 1241 1223 540
1250 1169 1280 1222 B.

232 1309 262 1365 b.
284 1307 363 1376 Gorg.
383 1308 468 1362 515ss
488 1311 521 1362 οὐ
545 1314 697 1380 ιγιιλονειιιίᾳ
723 1329 754 1378 γε
778 1312 881 1382 ἐρωτῶ,
910 1306 971 1362 ἀλλ’
990 1313 1024 1370 ὡς
1052 1311 1160 1376 ἀληθῶς
1186 1313 1280 1377 βουλό·

155 1417 245 1470 μενος
273 1399 377 1451 εἰδέναι
405 1399 500 1450 ὅντινά
528 1416 595 1451 ποτε
615 1401 719 1470 τρόπον
738 1403 789 1451 οἴει
809 1398 870 1450 δεῖν
889 1401 1085 1452 πολιτεύεσθαι
1104 1402 1133 1451 ἐν
1151 1401 1229 1469 ἡμῖν,
1258 1404 1282 1451 εἰ

163 1491 247 1540 ἄλλον
266 1505 316 1539 του
335 1490 387 1557 άρα
406 1488 564 1558 ἐπιμελήσει
583 1488 650 1557 ἡμῖν
668 1487 757 1539 ἐλθὼν
780 1488 827 1539 ἐπὶ
847 1488 880 1538 τά
900 1495 945 1552 τῆς
964 1488 1067 1547 πόλεως
1086 1490 1247 1558 πράγματα,
1267 1490 1282 1552 ἢ

158 1577 237 1636 ὅπως
255 1577 298 1628 ὅτι
316 1575 454 1642 βέλτιστοι
480 1577 507 1627 οἱ
529 1577 641 1626 πολῖται
660 1573 741 1645 ὦμεν.
780 1572 1032 1639 Cf.P01it.309C;
1061 1574 1122 1643 Leg.
1144 1573 1280 1640 1632D;

160 1664 198 1716 IV
217 1664 269 1718 702
278 1663 311 1728 A,
331 1662 383 1716 705
393 1662 422 1716 Ε.

102 1927 152 1966 2⁷⁸
229 1897 307 1978 Περ.
330 1895 364 1957 H
388 1902 450 1959 369
464 1894 502 1956 B.
549 1889 697 1976 Γίγνεται
721 1888 841 1970 τοίνυν,
870 1888 908 1978 ἦν
931 1880 964 1955 δ’
984 1889 1062 1975 ἐγώ,
1095 1891 1208 1970 πόλις,
1238 1893 1283 1968 ὡς
1310 1892 1459 1986 ‘gjnffi'gffi‘

162 1987 305 2086 ἐγῷμαι,
340 1999 456 2086 ἐπειδὴ
478 1997 623 2083 τυγχάνει
653 1999 743 2084 ἡμῶν
772 1995 910 2074 ἕκαστος
932 1995 990 2062 οὐκ
1013 1995 1177 2085 αὐτάρκης
1199 1997 1282 2062 ἀλλὰ

157 2108 295 2173 Ιπολλῶν
311 2105 432 2192 ἐνδεής·
456 2106 476 2191 ἢ
498 2095 562 2168 τίν’
581 2099 642 2169 οἷἐι
658 2103 756 2190 ἀρχὴν
778 2103 878 2191 ἄλλην
893 2103 992 2168 πόλιν
1008 2100 1157 2183 οἰκίζειν,
1184 2103 1283 2170 Οὐδε-

160 2212 250 2297 μίαν,
273 2210 292 2300 ἦ
316 2201 345 2276 δ’
363 2213 407 2289 ὅς.
438 2213 530 2276 Οὕτω
554 2211 593 2298 δὴ
618 2209 683 2294 άρα
700 2209 969 2296 παραλαμβάνων
992 2209 1091 2286 ἄλλος
1114 2209 1212 2274 άλλον
1228 2199 1279 2274 ἐπ’

157 2319 270 2399 ἄλλον,
293 2320 350 2384 τὸν
373 2307 405 2381 δ’
425 2306 483 2382 ἐπ’
502 2316 601 2382 ἄλλον
623 2313 724 2402 χρείᾳ,
749 2316 881 2380 πολλῶν
896 2315 1048 2398 δεόμενοι,
1072 2315 1214 2393 πολλοὺς
1237 2312 1283 2393 εἰς

158 2424 241 2510 μίαν
262 2422 390 2513 οἴκησιν
414 2420 598 2510 ἀγείραντες
620 2422 791 2499 κοινωνούς
813 2446 849 2487 τε
871 2420 928 2486 καί
951 2422 1104 2509 βοηθούς,
1128 2423 1227 2510 ταύτῃ
1243 2421 1284 2508 τῇ

160 2530 306 2618 ξυνοικία
331 2528 481 2612 ἐθέμεθα
506 2529 605 2594 πόλιν
627 2525 739 2611 ὄνομα.
786 2525 805 2614 ἦ
830 2528 908 2615 γάρς
953 2528 1047 2592 Πάνυ
1070 2527 1130 2610 μέν
1152 2525 1214 2592 οὖν.
1239 2563 1283 2576 -·

161 2643 276 2706 37οΑ.
306 2627 421 2702 Ἐννοῶ
446 2637 506 2721 γάρ
536 2633 593 2699 καὶ
617 2633 714 2712 αὐτὸς
737 2630 888 2711 εἰπόντος
911 2621 969 2699 σοῦ
992 2634 1043 2698 ὅτι
1067 2647 1199 2718 πρῶτον
1221 2633 1280 2714 μὲν
1307 2651 1396 2701 ονίῆον

160 2748 252 2832 ἡμῶν
267 2744 384 2831 φύεται
406 2740 544 2818 ἕκαστος
568 2739 606 2805 οὐ
627 2741 714 2804 πάνυ
730 2741 842 2823 ὅμοιος
859 2736 994 2826 ἑκάστῳ,
1018 2739 1101 2804 ἀλλὰ
1117 2737 1283 2826 διαφέρων

159 2851 345 2938 τὴνφύσιν,
369 2847 468 2925 άλλος
492 2836 550 2912 ἐπ’
577 2846 676 2911 άλλου
700 2842 793 2931 ἐργου
817 2846 947 2932 πρᾶξιν.
994 2847 1014 2934 ἢ
1039 2844 1075 2910 οὐ
1098 2846 1188 2910 δοκεῖ
1211 2867 1282 2925 σοι,·

150 2942 294 3040 Ἔμοιγε.
345 2951 386 3018 Τί
422 2951 475 3032 δέ,·
511 2952 650 3036 πότερον
682 2953 816 3016 κάλλιον
844 2951 987 3036 πράττοι
1020 2951 1059 3015 άν
1081 2976 1133 3028 τις
1162 2942 1209 3029 εἷς
1239 2952 1283 3014 ὢν

159 3063 289 3138 πολλὰς
311 3058 424 3140 τέχνας
448 3057 666 3145 ἐργαζόμενος,
690 3059 710 3145 ἢ
733 3058 811 3122 ὅταν
832 3055 913 3139 μιάν
935 3049 999 3138 dg,-
1017 3045 1128 3136 Ὅταν,
1152 3047 1220 3144 ἧδ’
1239 3057 1282 3135 ὅς,

156 3160 207 3246 εἷς
229 3165 339 3250 μίανὶ
371 3203 413 3212 -
451 3175 512 3230 371
528 3169 564 3228 A.
595 3161 666 3228 Καὶ
697 3163 851 3249 ἐμπόριον
882 3164 921 3250 δὴ
949 3163 1143 3251 δεησόμεθα.
1189 3163 1283 3227 Πάνυ
1310 3179 1459 3230 negotiatore·

159 3298 204 3359 γε.
253 3271 323 3337 Καὶ
359 3270 415 3335 ἐὰν
449 3269 508 3353 μέν
536 3294 570 3354 γε
600 3271 685 3334 κατὰ
718 3270 892 3334 θάλατταν
915 3271 934 3356 ι)
957 3266 1103 3354 ἐμπορία
1127 3267 1282 3356 γίγνηται,

155 3393 282 3461 συχνῶν
311 3376 369 3442 καὶ
401 3377 507 3442 άλλων
530 3377 765 3464 προσδεήσεται
789 3389 854 3439 τῶν
877 3373 1104 3462 ἐπιστημόνων
1125 3387 1183 3462 τῆς
1206 3373 1283 3460 περὶ

159 3487 219 3574 τὴν
241 3484 415 3550 θάλατταν
439 3480 600 3569 ἐργασίας.
634 3487 759 3564 Συχνῶν
774 3480 895 3563 μέντοι.
947 3479 989 3546 Τί
1011 3480 1046 3545 δέ
1069 3481 1127 3568 δή,·
1151 3480 1185 3545 ἐν
1200 3480 1284 3568 αὐτῇ

157 3593 203 3681 τῇ
227 3591 323 3656 πόλει
347 3603 419 3668 πῶς
442 3589 595 3676 άλλήλοις
617 3589 861 3671 μεταδώσουσιν
891 3582 935 3650 ὧν
964 3588 1003 3651 ἂν
1031 3583 1163 3651 ἕκαστοι
1187 3585 1282 3671 ἐργά-

156 3696 299 3778 ζωνταις
322 3691 366 3760 ὧν
389 3695 428 3782 δὴ
452 3693 544 3759 ἕνεκα
567 3693 625 3758 καὶ
648 3691 817 3759 κοινωνίαν
839 3693 1053 3780 ποιησάμενοι
1077 3693 1179 3758 πάλιν
1202 3682 1282 3777 ᾠκί-

157 3826 272 3886 σαμεν.
320 3802 426 3888 Δῆλον
449 3801 497 3888 δή,
533 3787 608 3887 ἧδ’
627 3800 670 3878 ὅς,
706 3800 757 3864 δτι
793 3800 977 3876 πωλοῦντες
1012 3797 1069 3864 καί
1100 3800 1281 3882 ὠνούμενοι.

156 3897 281 3993 >Λγορδι
316 3908 355 3994 δὴ
388 3904 542 3994 ἡμῖνκαὶ
566 3905 708 3987 νόμισμα
731 3905 891 3988 ξύμβολον
925 3917 982 3992 τῆς
1014 3903 1155 3992 ἀλλαγῆς
1190 3903 1281 3970 ἕνεκα

157 4015 327 4101 γενήσεται
353 4011 389 4077 ἐκ
411 4012 534 4078 τούτου.
582 4011 677 4075 Ποινά
698 4009 758 4093 μὲν
782 4007 844 4076 οὖν.
869 4049 911 4059 -
937 4019 999 4076 371
1014 4013 1053 4076 D.
1085 4012 1181 4097 Αότη
1205 4009 1279 4097 άρα,

158 4119 198 4208 ἦν
221 4112 253 4184 δ’
272 4117 345 4202 ἐγώ,
369 4114 494 4204 ἡχρεία
511 4117 669 4204 καπήλων
682 4119 757 4204 ἡμῖν
769 4116 890 4200 γένεσιν
909 4115 1043 4198 ἐμποιεῖ
1057 4117 1100 4204 τῇ
1116 4116 1220 4181 πόλει.
1238 4151 1282 4162 -

155 4212 233 4310 Ἆρ’
252 4220 320 4303 οὖν,
357 4213 610 4306 ὦἈδείμαντε,
646 4221 706 4311 ἤδη
736 4224 811 4310 ἡμῖν
839 4221 976 4310 η’άξηται
1005 4224 1024 4308 ἡ
1048 4222 1162 4300 πόλις,
1197 4213 1278 4287 ὥστ’

156 4323 244 4396 εἶναι
268 4329 381 4412 τελέα,·
409 4318 516 4406 Ἴσιος.
563 4334 636 4393 Ποῦ
658 4325 712 4392 οὖν
735 4329 774 4392 άν
797 4352 879 4393 ποτε
903 4327 936 4392 ἐν
954 4326 1035 4415 αὐτῇ
1058 4323 1106 4416 εἴη
1130 4331 1149 4416 ἥ
1171 4352 1207 4393 τε
1228 4329 1280 4394 δι-

157 4438 314 4524 καιοσύνη
337 4436 394 4502 καὶ
418 4439 438 4523 ἡ
461 4433 592 4516 άδικία,·
627 4433 684 4500 καί
708 4431 771 4498 τίνι
800 4437 869 4517 άμα
893 4432 1075 4522 ἐγγενομένη
1099 4429 1143 4498 ὧν
1165 4433 1282 4516 ἐσκέμ-

214 4558 274 4600 εαιε.
289 4558 348 4599 εισι.
377 4557 416 4600 τε,
432 4559 480 4599 vn.
1037 4542 1070 4594 19
