3146 4982
280 339 335 400 418
565 291 568 298 ⁴
736 339 818 395 Stoici
835 339 943 411 priores.

280 504 354 584 χεῖα
377 500 669 588 προσαγορεύοντες
696 498 754 566 οὐκ
779 491 854 566 οἶδα
876 499 969 580 ὅπως
997 499 1040 564 τὰ
1061 496 1121 582 μὲν
1143 497 1240 564 circio
1259 496 1318 564 καὶ
1340 523 1405 564 κα-

282 607 384 696 θαρά,
416 609 459 672 τά
481 606 518 674 δὲ
539 607 682 674 σύνθετα
705 605 762 672 καὶ
784 603 967 690 μεμιγμένα
990 615 1133 672 ποιοῦσι.
1179 615 1236 692 γῆν
1258 603 1406 691 μὲνγὰρ

281 707 374 782 λ’σασι
397 712 456 780 καὶ
478 713 563 801 ὕδωρ
587 711 659 780 οότε
682 714 765 779 αὐτὰ
788 709 927 796 συνέχειν
950 709 1022 778 otico
1045 709 1149 800 ἕτερα,
1182 723 1405 800 πνευματικῆς

283 820 320 888 δὲ
347 817 466 908 μετοχη”
495 818 554 886 καὶ
584 820 755 908 πυρώδους
783 819 949 902 δυνάμεως
978 820 1037 907 τὴν
1061 815 1195 906 ἑνότητα
1218 817 1405 906 διαφυλάτ-

281 948 365 994 τειν·
388 925 469 1014 ἀέρα
493 924 609 992 δὲκαὶ
632 936 699 1014 πῦρ
724 925 829 992 αὐτῶν
844 913 877 990 τ’
894 916 978 992 εἶναι
1001 913 1050 991 δι’
1067 921 1213 992 εὐτονίαν
1235 922 1405 1004 ἐκτατικά,

281 1033 341 1101 καὶ
371 1039 442 1112 τοῖς
471 1031 563 1098 δυσίν
593 1028 728 1110 ἐκείνοις
750 1028 969 1120 ἐγκεκραμένα
992 1029 1085 1098 τόνον
1107 1028 1262 1119 παρέχων
1284 1029 1343 1096 καὶ
1365 1032 1407 1096 τὸ

281 1141 417 1226 μόνιμον
440 1137 498 1204 καὶ
521 1137 675 1217 οὐσιῶδες
683 1150 704 1204 ².

354 1277 383 1318 a.
407 1262 526 1316 Piimum
544 1263 701 1317 elementum
725 1265 768 1317 oct
785 1261 855 1331 ignis
877 1264 931 1330 (BP
949 1261 1044 1328 405³),
1069 1261 1217 1332 proximum
1234 1261 1268 1316 ab
1285 1260 1333 1314 illo
1351 1263 1405 1316 εὲτ.

282 1351 432 1422 Utrumque
450 1351 513 1406 dum
531 1367 613 1422 equae
638 1353 667 1406 et
685 1353 772 1406 terrac
789 1351 928 1420 miscetur,
953 1351 1058 1420 singule
1081 1366 1189 1421 corpora
1209 1350 1250 1404 ita
1274 1349 1408 1415 oiiuntur,

283 1445 316 1496 ut
342 1441 411 1512 ignis
439 1441 524 1494 calore
552 1440 711 1494 intrinsecus
739 1442 919 1510 temperentur
946 1443 1026 1510 atquc
1054 1439 1216 1506 animentur,
1249 1438 1317 1492 aeris
1344 1455 1408 1492 vcro

283 1530 441 1584 fluxionibus
468 1527 626 1600 quibusdam
652 1529 800 1584 formentur
828 1531 909 1599 atquc
935 1529 1122 1595 cohibeantui,
1150 1546 1174 1583 v.
1193 1525 1246 1583 Cic.
1271 1527 1304 1582 D.
1323 1527 1359 1582 N.
1377 1527 1408 1581 H

283 1617 399 1685 23-28,
424 1617 469 1671 ubi
488 1617 590 1671 Stoicae
609 1619 696 1672 sectae
714 1621 843 1688 patronus
866 1618 935 1687 ignis
954 1617 1066 1671 calorem
1084 1633 1250 1688 peromnem
1267 1617 1407 1684 mundum,

285 1707 371 1762 omnic
389 1706 527 1773 clemente,
547 1705 633 1760 omnia
650 1723 759 1778 corpora
778 1707 903 1762 diffusum
921 1723 990 1774 esse,
1010 1707 1130 1760 omnibus
1147 1707 1230 1760 vitem
1248 1708 1329 1776 etque
1351 1707 1408 1760 eni·

284 1813 354 1852 mam
380 1795 516 1866 impertire
543 1795 670 1867 explicet,
698 1799 726 1850 et
754 1796 786 1850 do
814 1801 873 1850 atre
899 1795 972 1850 Plut
997 1795 1077 1850 Stoic.
1100 1795 1166 1866 Rep.
1184 1795 1265 1863 43,2
1289 1813 1315 1865 p.
1335 1795 1407 1850 1053

286 1886 368 1941 οὐδὲν
387 1889 454 1940 oco
472 1887 521 1946 τάς
535 1885 603 1948 ἕξεις
621 1887 693 1952 πλὴν
710 1887 792 1959 ἀέρας
810 1885 883 1940 είναί
900 1903 985 1958 φησιν
1002 1887 1029 1952 (ὁ
1048 1882 1242 1959 Χρύσιππος)·
1268 1887 1323 1940 ὑπὸ
1342 1887 1408 1940 τοά-

286 1995 340 2030 των
357 1977 411 2048 γάρ
430 1979 574 2045 συνέχεται
592 1976 627 2028 τά
646 1977 776 2048 σώματα·
805 1979 853 2028 καὶ
877 1985 927 2029 τοῦ
950 1977 1033 2029 ποιόν
1051 1975 1168 2029 ἕκαστον
1191 1974 1262 2028 εἶναι
1280 1985 1335 2028 των
1353 1974 1408 2037 ἕξει

287 2068 478 2138 συνεχομένων
496 2068 584 2126 αἴτιος
603 2067 755 2135 ὁσυνέχων
774 2065 825 2137 ἀήρ
838 2065 921 2129 ἐστιν,
941 2063 973 2116 ὃν
991 2064 1157 2136 σκληρότητα
1174 2063 1229 2136 μὲν
1246 2064 1276 2117 έν
1294 2062 1407 2135 σιδήρῳ,

286 2153 444 2219 πυκνότητα
462 2148 492 2205 δ’
509 2153 539 2206 έν
557 2153 635 2220 λίθῳ,
653 2153 801 2219 λευκότητα
820 2147 849 2206 δ’
867 2153 896 2206 έν
915 2153 1025 2224 ἀργύρῳ
1043 2155 1165 2206 καλοῦσι.
1194 2179 1228 2190 -
1255 2149 1282 2205 4.
1306 2153 1357 2213 τὰς
1374 2151 1409 2206 δέ

287 2243 436 2308 ποιότητας
471 2242 617 2313 πνεύματα
648 2243 733 2301 οὔσας
757 2244 804 2294 καὶ
832 2242 929 2301 τόνους
956 2240 1084 2312 ἀερώδεις
1111 2234 1151 2301 οἷς
1178 2242 1214 2293 ἀν
1240 2241 1409 2310 ἐγγένωνται

286 2335 382 2404 μέρεσι
400 2338 446 2396 τῆς
467 2330 527 2396 ὕλης
542 2329 696 2383 εἰδοποιεῖν
710 2328 813 2382 ἕκαστα
828 2333 874 2382 καὶ
889 2329 1296 2401 σχηματίζειν(ἀποφαίνουσι).
1320 2327 1409 2394 Quare

287 2417 502 2488 distinguendum
524 2417 595 2472 inter
622 2417 751 2472 clemente
775 2417 932 2486 egentiaet
949 2417 1093 2487 patientie,
1120 2435 1143 2470 v.
1162 2415 1266 2472 Nemes.
1292 2417 1324 2472 de
1341 2417 1408 2471 Nat.

286 2507 364 2562 Hom.
382 2506 400 2563 ὃ
419 2523 444 2576 p·
465 2506 499 2560 72
527 2509 639 2576 λέγουσι
657 2506 689 2562 δὲ
708 2510 737 2560 οἱ
754 2509 874 2560 Στωϊκοὶ
892 2517 946 2560 τῶν
964 2511 1109 2576 στοιχείων
1126 2508 1161 2560 τά
1177 2507 1232 2580 μέν
1249 2507 1320 2562 εἶναι
1339 2507 1409 2580 δρα-

288 2598 368 2652 στικὰ
387 2598 421 2650 τὰ
440 2595 472 2650 δὲ
491 2598 643 2663 παθητικά·
673 2595 809 2670 δραστικὰ
826 2596 880 2668 μὲν
899 2597 966 2670 ἀέρα
989 2599 1037 2650 καὶ
1055 2605 1119 2664 πῦρ,
1144 2597 1286 2663 παθητικά
1305 2596 1338 2650 δὲ
1356 2605 1411 2665 μην

155 2710 267 2750 commum
288 2690 336 2741 καὶ
355 2686 435 2758 ὕδωρ
454 2713 489 2724 -
515 2684 634 2755 Denique
652 2683 783 2738 infinitam
801 2701 937 2754 corporum
954 2685 1108 2738 varietatem
1132 2687 1161 2738 et
1182 2685 1268 2738 verice
1292 2684 1411 2740 eiusdem
1463 2701 1467 2706 ·

162 2753 259 2847 iffi?
290 2775 328 2830 rei
352 2775 497 2845 qualitates
522 2777 554 2827 nt
578 2774 629 2828 sibi
646 2773 820 2843 explicarent,
848 2789 956 2844 corpora
973 2790 1020 2844 per
1043 2773 1203 2828 seinvicem
1221 2775 1359 2844 penetrare
1381 2777 1411 2826 et

287 2864 440 2918 mixtionem
457 2879 529 2930 csse,
548 2879 600 2932 quc
618 2862 706 2916 omnia
724 2879 784 2916 cum
802 2863 923 2918 omnibus
941 2863 1139 2930 miscerentur„
1153 2862 1296 2930 docebant,
1322 2867 1411 2932 nn?

287 2954 341 3008 398
351 2951 379 3019 0,
398 2955 427 3005 et
443 2951 520 3019 Diog.
539 2951 590 3004 VH
609 2951 660 3006 151
689 2956 737 3006 καὶ
764 2953 813 3013 τὰς
840 2955 950 3026 κράσεις
977 2952 1010 3008 δὲ
1038 2951 1135 3006 διόλου
1161 2957 1305 3021 γίνεσθαι,
1332 2955 1411 3006 καθά

290 3057 375 3113 φησιν
390 3043 559 3114 Χρύσιππος
573 3069 615 3106 -—‚
634 3044 681 3094 καὶ
698 3042 739 3114 μὴ
752 3042 822 3094 κατὰ
841 3043 1016 3114 περιγραφὴν
1033 3045 1081 3096 καὶ
1099 3043 1270 3116 παράθεσιν·
1289 3045 1338 3094 καὶ
1354 3042 1411 3114 χάρ

290 3134 329 3191 εἰς
353 3132 473 3198 πέλαγος
497 3130 589 3198 ὀλίγος
607 3129 681 3190 οἶνος
698 3133 809 3198 βληθεὶς
831 3131 879 3184 ἐπὶ
897 3132 988 3186 ποσὸν
1006 3131 1321 3200 ἀντιπαρεκταθήσεται,
1350 3129 1412 3184 εἶτα

290 3219 530 3292 συμφθαρήσεται.
568 3216 605 3272 cf.
625 3217 706 3272 Arius
722 3218 784 3272 Did.
803 3218 835 3271 fr.
854 3218 890 3273 28
908 3217 992 3285 (Stob.
1010 3217 1065 3272 Ecl.
1085 3217 1189 3283 1376).
1208 3218 1274 3272 Dox.
1292 3217 1356 3272 463.

89 3407 151 3452 τεάν
164 3418 277 3460 cornorum
359 3395 444 3462 Sext.
471 3395 574 3460 Maon.
603 3395 651 3460 IX
675 3405 726 3462 81.
777 3361 848 3460 Των
878 3393 1045 3483 ἡνωμένον
1082 3394 1242 3479 σωμάτων
1277 3397 1320 3462 τὰ
1349 3393 1460 3479 μένεῡῐ

138 3461 227 3505 '¹¹¹⁰“¹“
289 3502 356 3567 ιιι
379 3502 480 3589 paneg
503 3498 599 3580 ε’ξεις
621 3499 801 3583 συνέχεια,
835 3502 878 3566 ιε
901 3500 937 3568 οι
959 3503 1026 3568 ιιι
1049 3502 1190 3589 φυσεις,
1219 3503 1262 3568 ιι
1284 3500 1321 3568 οε
1344 3503 1412 3568 ιιι

290 3619 411 3695 ψυχῆς·
446 3605 504 3672 καὶ
526 3605 622 3686 ἕξεως
643 3606 704 3690 μὲν
727 3609 771 3686 ὡς
801 3605 896 3674 λίθοι
924 3607 1102 3689 καὶξύλα,
1134 3608 1260 3696 φάσεως
1289 3607 1325 3675 δὲ
1348 3633 1412 3675 κα-

290 3711 404 3800 θάπερ
427 3714 469 3777 τά
494 3713 590 3800 φυτά,
617 3725 721 3802 ψυχῆς
745 3713 781 3779 δὲ
804 3715 846 3779 τὰ
869 3714 966 3802 {pict

361 3850 390 3894 8.
419 3833 458 3890 cf.
484 3833 575 3890 Galen.
604 3836 635 3889 de
659 3835 740 3907 Hipp.
766 3841 794 3890 ct
818 3837 887 3892 Plat.
907 3837 979 3893 V13
1004 3856 1029 3908 p.
1050 3837 1101 3892 521
1120 3837 1153 3893 K.
1184 3841 1212 3893 οἱ
1239 3839 1272 3894 δὲ
1290 3843 1413 3895 Στωϊκοὶ

292 3925 358 3980 οὐδὲ
386 3926 480 3996 ψυχὴν
508 3925 575 3986 ὅλως
602 3927 770 3999 ὀνομάζουσι
798 3927 846 3994 τὴν
874 3929 908 3980 τά
928 3929 1003 3994 φυτά
1028 3919 1198 3993 διοικοῦσαν,
1227 3930 1296 3982 ἀλλά
1316 3932 1412 4002 φύσιν.

290 4011 370 4067 Marc.
393 4012 493 4067 Anton.
520 4013 617 4068 Comm.
636 4013 674 4067 VI
693 4015 741 4080 14;
765 4013 842 4068 Philo
866 4014 951 4083 Ailog.
976 4016 1037 4084 Leg.
1056 4015 1085 4069 Π
1108 4016 1124 4069 ‘1
1150 4034 1176 4086 p.
1196 4017 1239 4083 71,
1264 4017 1311 4071 ubi
1328 4017 1413 4072 Stoici

172 4125 263 4166 nocitus
290 4118 343 4156 non
360 4103 538 4156 nominantur.
559 4131 593 4140 —
611 4101 707 4156 Achili.
727 4103 799 4172 Isag.
814 4103 889 4158 Aret.
906 4104 941 4158 14
954 4122 979 4174 p.
997 4105 1062 4159 134:
1081 4107 1141 4160 ἔστι
1160 4105 1192 4161 δὲ
1210 4106 1281 4168 ἕξις
1300 4117 1412 4180 πνεῦμα

187 4214 265 4254 „nom
293 4193 422 4263 σώματος
441 4193 604 4245 συνεκτικόν.
641 4191 717 4246 Philo
736 4192 797 4260 Leg.
817 4192 903 4262 Alleg.
922 4193 940 4248 l.
959 4194 977 4247 l.
997 4195 1107 4251 ἔστιδὲ
1127 4197 1143 4262 ἠ
1161 4197 1267 4266 φάσις
1285 4195 1340 4258 ἕξις
1358 4196 1412 4263 ἤδη

193 4302 266 4343 ,nim
292 4283 439 4351 κινουμένη
456 4282 510 4347 (RP
529 4279 622 4347 4028),
652 4283 743 4353 ψυχὴ
771 4282 806 4336 δέ
831 4284 890 4337 έσιι
915 4285 998 4355 φύσις
1023 4287 1226 4356 προσειληφυῖα
1251 4290 1413 4357 φαντασίαν

291 4369 338 4418 καὶ
364 4370 458 4440 ὁρμήν.
501 4369 572 4424 Plut.
591 4370 671 4424 Stoic.
691 4370 756 4441 Rep.
780 4371 824 4438 41,
844 4371 861 4426 2
885 4389 910 4442 p.
931 4372 1001 4427 1052
1030 4375 1112 4434 αὐτὸς
1130 4373 1162 4427 δὲ
1185 4375 1212 4440 (ὁ
1231 4375 1411 4449 Χρύσιππος)

293 4457 378 4507 πάλιν
402 4457 450 4522 τὴν
475 4460 568 4527 ψυχὴν
592 4461 752 4534 ἀραιότερον
777 4471 888 4534 πνεῦμα
907 4470 952 4530 της
972 4464 1080 4533 φάσεως
1099 4467 1147 4516 καὶ
1163 4466 1411 4537 λεπτομερέστερον
