3130 4980
323 285 378 346 228
817 286 950 355 Megarici.

325 451 345 536 ή
369 437 444 514 κατ’
471 444 678 532 εἶλικρίνειαν
701 447 876 536 γενήσεται.
899 444 1091 512 ὑποκείσθω
1114 447 1175 533 γάρ
1194 445 1231 512 ὲκ
1245 459 1345 533 τριῶν
1368 445 1450 528 ἀμε-

325 567 389 642 ρῶν
412 554 572 631 συνεστὼς
594 565 706 636 σῶμα,
738 554 827 620 δυοῖν
851 551 910 636 μέν
932 551 1125 637 κινουμένων
1148 550 1217 631 ἑνὸς
1240 551 1277 618 δὲ
1298 550 1450 641 ἀκινητί-

325 661 451 742 ζοντος·
490 671 585 726 τοῦτο
620 661 680 747 γάρ
715 662 734 747 ή
770 649 847 725 κατ’
885 658 1098 747 ἐπικράτειαν
1135 658 1274 725 ἀπαιτεῖ
1311 655 1448 747 κίνησις.

326 777 400 834 116.
417 767 529 834 οὐκοῦν
550 763 581 834 εὶ
596 763 820 856 προσθείημεν
842 766 996 855 τέταρτον
1012 765 1127 854 ἀμερές
1143 763 1328 855 ἀκινητίζον
1342 767 1449 853 τούτῳ

323 877 371 962 τῷ
394 876 533 959 σώματι,
558 874 662 940 πάλιν
685 875 851 963 γενήσεται
874 871 1008 963 κίνησις.
1031 871 1125 960 εἴπερ
1148 875 1209 961 γάρ
1232 875 1270 939 τὸ
1293 871 1330 939 ἐκ
1349 886 1450 960 τριῶν

325 981 453 1070 ἀμερῶν
475 978 677 1067 συγκείμενον
700 993 796 1064 σῶμα
820 981 910 1047 δυοῖν
932 979 991 1064 μέν
1005 979 1199 1064 κινουμένων
1222 976 1292 1058 ἑνὸς
1314 978 1351 1045 δὲ
1373 979 1449 1045 ἀκι-

324 1086 507 1177 νητίζοντος
544 1091 700 1168 κινεῖται,
743 1086 801 1153 καὶ
836 1087 992 1175 τετάρτου
1032 1085 1273 1174 προστεθέντος
1310 1085 1449 1173 ἀμεροῦς

325 1196 504 1284 κινήσωσι·
529 1190 718 1281 ἰσχυρότερα
742 1195 802 1280 γάρ
826 1196 868 1258 τά
891 1191 966 1282 τρία
988 1192 1079 1282 μέρη,
1108 1183 1189 1277 μεθ’
1222 1187 1267 1256 ὧν
1289 1192 1449 1280 πρότερον

325 1301 477 1381 ἐκινεῖτο,
511 1311 570 1367 τοῦ
599 1300 840 1388 προστεθέντος
870 1297 940 1378 ἑνὸς
963 1299 1108 1387 ἀμεροῦς.
1132 1289 1205 1365 ἀλλ’
1232 1296 1326 1387 εἴπερ
1350 1301 1388 1365 τὸ
1412 1297 1449 1364 ἐκ

325 1408 490 1495 τεσσάρων
520 1407 647 1494 ἀμερῶν
670 1405 873 1492 συγκείμενον
903 1420 998 1490 σῶμα
1021 1410 1176 1488 κινεῖται,
1201 1408 1367 1494 κινήσεται
1391 1404 1449 1470 καί

326 1517 364 1581 τὸ
388 1514 424 1580 ἐκ
447 1512 558 1579 πέντε·
594 1510 782 1600 ἰσχυρότεροι
812 1513 873 1599 γάρ
897 1508 967 1578 ἐστι
990 1515 1032 1578 τά
1054 1500 1183 1596 τέσσαρ’
1211 1512 1328 1600 ἀμερῆ,
1362 1501 1445 1595 μεθ’

326 1617 371 1686 ὧν
394 1620 553 1708 πρότερον
575 1619 726 1700 ἐκινεῖτο,
755 1631 813 1686 τοῦ
836 1617 1076 1706 προστεθέντος
1098 1619 1244 1704 ἀμεροῦς.
1292 1629 1366 1686 117.
1391 1617 1449 1684 καὶ

327 1725 417 1794 εἰτὸ
441 1726 477 1792 έκ
499 1740 564 1791 τῶν
587 1732 683 1792 πέντε
705 1725 910 1812 συγκείμενον
932 1731 1084 1807 κινεῖται,
1113 1726 1247 1804 πάντως
1269 1725 1327 1790 καὶ
1354 1724 1448 1791 ἕκτου

328 1832 571 1921 προσελθόντος
612 1832 749 1920 ἀμεροῦς
782 1834 963 1922 κινήσεται,
1004 1830 1215 1920 ἰσχυροτέρων
1247 1829 1348 1898 όντων
1385 1846 1449 1898 τῶν

327 1939 426 2006 πέντε
447 1941 542 2026 παρὰ
564 1941 602 2006 τὸ
625 1939 666 2005 έν.
697 1939 755 2006 καὶ
779 1941 862 2008 οὕτω
885 1939 977 2028 μέχρι
1000 1937 1123 2027 μυρίων
1145 1939 1271 2027 ἀμερῶν
1294 1938 1449 2026 προέρχε-

326 2071 383 2112 ται
407 2047 424 2111 ό
449 2046 623 2132 Διόδωρος,
647 2046 771 2123 δεικνὺς
794 2046 845 2111 ὅτι
869 2044 1094 2123 ἀνυπόστατός
1117 2045 1204 2112 ἑστιν
1227 2048 1246 2134 ή
1269 2033 1345 2110 κατ)
1372 2043 1449 2110 ἐπι-

327 2153 480 2238 κράτειαν
502 2149 640 2240 κίνησις·
664 2152 790 2219 ἀτοπον
814 2152 884 2240 γάρ,
908 2150 999 2241 φησί,
1022 2154 1060 2218 τὸ
1083 2151 1189 2238 λέγειν
1211 2140 1283 2217 κατ’
1309 2150 1449 2238 ἐπικρά-

327 2284 417 2326 τειαν
432 2263 600 2325 κινεῖσθαι
616 2271 720 2342 σῶμα,
745 2247 799 2348 ἐφ’
819 2253 859 2325 οὗ
871 2257 1073 2340 ένακισχίλια
1089 2257 1243 2325 ἐνακόσια
1263 2257 1449 2346 ἐνενήκοντα

328 2364 415 2438 ὀκτὼ
439 2363 616 2454 ἀκινητίζει
639 2366 741 2454 ἀμερῆ
771 2364 829 2431 καί
860 2366 916 2431 δόο
938 2365 1035 2448 μόνον
1064 2369 1211 2432 κινεῖται.
1245 2367 1329 2430 ὥστε
1359 2363 1449 2430 οὐδὲν

328 2461 405 2536 κατ’
423 2471 637 2559 ἐπικράτειαν
652 2476 804 2538 κινεῖται·
828 2468 858 2537 εἰ
873 2471 910 2538 δὲ
924 2482 1027 2553 τοῦτο,
1045 2470 1118 2538 οὐδὲ
1141 2469 1214 2537 κατ’
1235 2467 1447 2557 είλικρίνειαν,

328 2561 356 2663 ᾧ
378 2575 496 2644 έπεται
518 2580 556 2644 τὸ
577 2577 677 2666 μηδὲν
699 2582 876 2644 κινεῖσθαι.

399 2733 427 2774 a.
447 2719 579 2772 Diodorus
603 2719 758 2788 corpuscula
779 2718 915 2772 individua
939 2719 1067 2772 statuisse
1089 2718 1208 2772 traditur
1232 2735 1248 2772 a
1266 2717 1345 2772 Sexto
1364 2718 1446 2771 Math.

327 2807 366 2860 ΙΧ
384 2809 446 2862 363.
483 2807 555 2872 Quae
574 2807 680 2860 videtur
697 2825 728 2861 ex
746 2807 886 2876 hypothesi
905 2809 1010 2860 tautum
1028 2807 1165 2860 admisisse
1184 2807 1393 2861 adversariorum
1411 2823 1449 2859 re-

328 2895 499 2950 futandorum
516 2896 612 2964 gratia.

400 3017 430 3073 λ).
450 3019 552 3073 Similia
570 3021 717 3074 afferuntur
735 3037 751 3073 a
769 3019 848 3074 Sexto
866 3020 951 3074 Math.
970 3021 995 3073 X
1014 3022 1074 3074 101.
1093 3021 1156 3074 347.

400 3143 508 3196 Diodori
527 3146 769 3212 argumentationes
788 3145 886 3198 similes
905 3148 969 3198 suut
986 3144 1119 3209 Zenonem,
1139 3145 1171 3198 ci.
1190 3151 1234 3197 R?
1254 3147 1315 3200 107.

399 3357 491 3438 Diog.
514 3357 547 3420 H
573 3366 644 3422 112.
694 3363 766 3422 Τῶν
795 3347 827 3423 δ’
854 3347 916 3422 ἀπ)
943 3355 1116 3424 Εὐκλείδου
1146 3355 1217 3423 ε’στὶ
1246 3355 1303 3422 καὶ
1334 3391 1380 3404 -
1408 3376 1495 3416 -eoo

331 3455 485 3527 Στίλπων
508 3463 526 3526 ὁ
542 3464 721 3550 Μεγαρεύς,
745 3464 985 3552 διασημότατος
1000 3463 1191 3554 φιλόσοφος.
1230 3473 1302 3530 113.
1321 3503 1364 3512 -
1381 3465 1451 3553 διή-

330 3589 427 3634 κουσε
448 3567 508 3651 μὲν
530 3581 595 3633 τῶν
610 3558 674 3634 ἀπ)
701 3568 876 3636 Εὐκλείδου
891 3583 999 3636 τινῶν·
1023 3566 1055 3636 οἱ
1071 3568 1180 3636 δὲκαὶ
1203 3569 1304 3635 αὐτοῦ
1320 3568 1451 3636 Εάκλεί-

331 3675 389 3740 δυυ
412 3673 550 3740 ἀκοῦσαί
573 3697 675 3764 φασιν
698 3675 804 3757 αὐτόν,
828 3676 912 3742 ἀλλὰ
935 3675 991 3742 καὶ
1011 3677 1226 3764 Θρασυμάχου
1249 3687 1308 3742 τοῦ
1330 3683 1451 3764 Κοριν-

329 3777 426 3861 θίου,
461 3777 497 3858 ὃς
526 3778 563 3869 ήν
591 3771 722 3864 Ἰχθόαῦ
744 3785 903 3869 γνώριμος
929 3823 981 3848 -.
1017 3794 1170 3850 τοσοῦτον
1197 3773 1229 3848 δ’
1253 3780 1451 3870 εὑρεσιλογίᾳ

330 3887 388 3955 καὶ
403 3886 576 3978 σοφιστείᾳ
592 3901 714 3976 προῆγε
730 3891 805 3966 τοὺς
820 3889 947 3970 ἀλλους,
970 3892 1052 3956 ὥστε
1072 3899 1190 3977 μικροῦ
1211 3890 1325 3977 δεήσαι
1341 3900 1451 3954 πᾶσαν

329 3998 388 4084 τήν
408 3987 548 4061 Ἑλλάδα
572 3994 749 4083 ἀφορῶσαν
770 3992 817 4073 εἷς
833 3995 930 4062 αὐτὸν
944 3993 1146 4083 μεγαρίσαιλ.
1171 4035 1212 4043 -
1239 4004 1312 4062 120.
1337 3996 1451 4084 φέρον-

331 4128 388 4167 ται
412 4092 445 4167 δ’
471 4101 571 4167 αὐτοῦ
593 4102 740 4187 διάλογοι
765 4101 872 4168 ε’ννέαο
895 4100 1024 4190 ψυχροί.

405 4240 433 4280 a.
453 4225 581 4296 Iohthyas
599 4225 731 4292 Euclidis‚
758 4227 845 4296 Stilpo
863 4226 992 4296 Ichthyee
1017 4243 1149 4282 successor
1168 4227 1353 4296 appellatura
1372 4224 1452 4280 Suidu

332 4330 357 4366 v.
372 4316 527 4382 Εὐκλείδης,
546 4315 580 4370 of.
599 4317 677 4385 Diog.
697 4315 726 4370 11
746 4317 806 4370 112.
844 4316 882 4370 De
901 4315 963 4370 aliie
982 4315 1110 4384 Stilpouis
1135 4317 1274 4384 magistris
1292 4331 1317 4370 v.
1336 4313 1410 4370 Suid.
1430 4331 1451 4368 v.

333 4407 469 4456 Στίλπων.
