3130 4980
289 377 344 439 272
813 379 899 433 Plato.

291 543 438 608 κατὰτὸ
460 539 611 606 δυνατόν·
643 536 798 622 ὁμοίωσις
821 538 858 605 δέ
881 536 1008 604 δίκαιον
1030 536 1087 604 καῖ
1111 538 1199 603 ὅσιον
1220 537 1304 620 μετὰ
1327 559 1409 624 φρο-

289 649 409 736 νήσεως
432 645 614 732 γενέσθαιδ.

361 789 401 842 De
420 789 507 842 ethica
524 789 564 842 Pl.
584 787 691 858 scripsit
708 787 756 841 Th.
775 787 908 855 Maguire,
927 785 1037 856 Εειογε
1055 801 1092 840 on
1110 783 1154 840 ιλιι
1173 785 1300 840 Ρλαίοαίο
1318 785 1409 852 ethice,

289 877 398 932 Dublin.
418 879 496 934 1870.

155 1000 247 1042 liberum
361 998 390 1039 κ.
408 984 449 1037 De
472 985 535 1038 mali
559 984 717 1038 οεοοεοίίιιΐο
740 983 771 1037 cf.
790 981 905 1037 1225ss
924 981 968 1035 fin.
995 1008 1028 1020 -
1051 981 1129 1034 Plato
1153 981 1220 1034 libro
1239 978 1349 1032 arbitrio
1366 995 1411 1048 pa-

144 1054 256 1096 ’ΜΨ
289 1073 450 1127 trocinatur:
468 1073 534 1143 Rep.
553 1073 578 1126 X
597 1071 681 1128 617ss
700 1073 781 1143 ἀρετὴ
800 1072 832 1125 δέ
851 1071 1017 1134 ἀδέσποτον,
1043 1071 1076 1137 ἣν
1094 1081 1183 1142 τιμῶν
1205 1074 1252 1124 καὶ
1272 1070 1411 1140 ἀτιμάζων

288 1166 374 1217 πλέον
391 1166 438 1216 καὶ
456 1164 574 1236 ἔλαττον
594 1163 677 1229 αὐτῆς
699 1161 813 1222 ἕκαστος
831 1160 891 1221 ἕξει.
929 1165 1005 1212 αἰτία
1023 1161 1167 1232 ἑλομένου·
1195 1161 1260 1219 θεὸς
1279 1159 1410 1218 ἀναίτιος.

288 1251 350 1318 Leg.
370 1243 396 1302 X
414 1249 499 1304 904ss
527 1260 573 1317 τῆς
592 1251 623 1304 δὲ
647 1253 777 1319 γενέσεως
802 1251 833 1302 τὸ
852 1255 937 1302 ποίου
961 1251 1034 1309 τινὸς
1059 1250 1146 1319 ἀφῆκε
1171 1254 1231 1308 ταῖς
1248 1247 1411 1314 βουλήσεσιν

289 1339 411 1392 ἑκάστων
428 1341 506 1410 ἡμῶν
525 1341 573 1399 τὰς
592 1342 689 1398 αἰτίας.
728 1338 782 1410 ὅπη
801 1338 855 1408 γάρ
875 1340 909 1389 ἀν
927 1338 1052 1408 ἐπιθυμῇ
1071 1341 1118 1390 καὶ
1136 1337 1234 1396 ὁκοῖός
1252 1355 1293 1395 τις
1311 1337 1349 1385 ὢν
1363 1334 1412 1398 τὴν
1466 1359 1469 1365 ·

289 1429 391 1496 ψυχήν,
411 1429 496 1498 ταύτη
516 1427 619 1496 σχεδὸν
636 1428 764 1480 ἑκάστοτε
783 1430 830 1479 καὶ
848 1435 973 1486 τοιοῦτος
991 1431 1117 1494 γίγνεται
1137 1427 1212 1486 δέπας
1229 1426 1307 1496 ἡμῶν
1325 1425 1361 1482 ὡς
1378 1423 1411 1474 τὸ

289 1517 369 1569 πολύ.
405 1514 444 1568 At
461 1515 590 1568 neminem
609 1531 657 1568 sua
675 1517 768 1584 sponte
786 1515 884 1567 malum
902 1531 959 1567 esse
983 1516 1072 1568 oenset
1099 1513 1140 1581 (σί.
1159 1519 1203 1566 ΕΡ
1221 1513 1318 1578 201δ);
1343 1512 1408 1565 Tim¹

289 1603 358 1658 86D
386 1609 433 1656 καὶ
458 1605 560 1674 σχεδὸν
585 1604 620 1669 δὴ
647 1606 752 1670 πάντα,
782 1605 874 1657 ὁπόσα
901 1604 1009 1670 ἡδονῶν
1038 1605 1166 1678 ἀκράτεια
1185 1607 1231 1656 καὶ
1250 1603 1358 1664 ὄνειδος
1375 1605 1409 1662 ὡς

289 1694 406 1746 ἑκόντων
429 1695 537 1761 λέγεται
564 1703 617 1744 τῶν
641 1703 744 1756 κακῶν,
776 1694 824 1745 οὐκ
852 1693 941 1764 ὀρθῶς
970 1692 1144 1754 ὀνειδίζεται·
1180 1694 1261 1752 κακὸς
1285 1693 1410 1766 μὲνγὰρ

289 1781 356 1834 ἑκὼν
376 1781 473 1844 οὐδείς,
502 1781 550 1834 διὰ
579 1780 610 1833 δὲ
636 1783 761 1856 πονηρὰν
782 1780 839 1842 ἕξιν
858 1781 919 1832 τινὰ
939 1769 1137 1854 τοῦσώματος
1163 1783 1210 1833 καὶ
1238 1781 1409 1834 ἀπαίδευτον

290 1871 395 1943 τροφὴν
413 1870 522 1929 ὁκακός
541 1874 666 1937 γίγνεται
683 1870 771 1932 κακός,
791 1873 877 1921 παντὶ
896 1868 928 1922 δὲ
947 1877 1034 1922 ταῦτα
1050 1871 1139 1941 ἐχθρά
1153 1873 1200 1921 καὶ
1214 1873 1309 1922 ἀκοντι
1324 1885 1408 1940 τιροσ-

289 1964 421 2028 γίγνεται,
450 1985 484 1994 -
512 1955 581 2011 &TA
600 1959 668 2028 πρὸς
687 1957 719 2010 δέ
738 1959 858 2021 τούτοις,
887 1957 956 2008 ὅταν
976 1957 1045 2009 ούτω
1063 1968 1150 2018 κακῶς
1168 1961 1313 2026 παγέντων
1331 1961 1408 2010 πολι·

290 2053 361 2100 τεῖαι
379 2051 425 2100 καὶ
443 2048 521 2114 λόγοι
539 2047 610 2099 κατὰ
630 2047 725 2108 πόλεις
744 2045 804 2114 ἰδίᾳ
824 2063 852 2098 τε
870 2049 918 2098 καὶ
936 2045 1061 2118 δημοσίᾳ
1081 2049 1225 2116 λεχθωσιν,
1244 2048 1286 2099 ἔτι
1304 2047 1337 2100 δέ
1353 2067 1408 2118 μα-

288 2135 404 2206 θήματα
421 2135 540 2207 μηδαμῇ
560 2136 665 2186 τούτων
684 2136 776 2186 λατικά
796 2136 824 2187 ἐκ
843 2138 911 2188 νέων
924 2137 1113 2206 μανθάνηται,
1134 2137 1218 2208 ταύτῃ
1236 2140 1316 2189 κακοὶ
1339 2139 1408 2190 πάν·

290 2243 332 2284 τες
352 2227 379 2276 οἱ
396 2223 475 2276 κακοὶ
494 2223 542 2276 διὰ
568 2223 621 2276 δύο
645 2224 836 2276 ἀκουσιώτατα
855 2225 1025 2295 γιγνόμεθα·
1064 2219 1102 2276 ὧν
1121 2229 1259 2278 αἰτιατέον
1275 2225 1329 2297 μέν
1346 2226 1409 2286 τοὺς

290 2313 459 2382 φυτεύοντας
478 2313 521 2363 ἀεὶ
541 2323 595 2363 τῶν
614 2315 810 2384 φυτευομένων
827 2315 934 2383 μᾶλλον
956 2317 1003 2365 καὶ
1029 2314 1092 2373 τοὺς
1111 2317 1261 2384 τρέφοντας
1279 2323 1334 2365 τῶν
1352 2332 1409 2387 τρε·

291 2405 427 2472 φαμένων.
464 2399 553 2452 Etiam
571 2400 604 2452 ab
623 2401 725 2452 arcanis
744 2399 900 2469 quibusdam
918 2401 1034 2454 universi
1052 2401 1156 2468 legibus
1174 2401 1320 2454 animorum
1337 2396 1409 2454 habi·

290 2492 346 2542 tum
365 2488 477 2558 pendere
496 2489 647 2554 statuebat,
674 2507 699 2542 v.
717 2488 782 2558 Bsep.
802 2488 866 2540 VHI
884 2487 986 2555 546A;
1011 2489 1090 2542 Polit.
1110 2487 1238 2558 2690sq.
1281 2488 1409 2542 Fabuloso

289 2594 344 2632 rem
371 2580 471 2630 tractat
493 2577 604 2631 Phaedr.
624 2577 735 2647 246sq.‚
754 2577 819 2646 Rep.
838 2577 864 2630 X
888 2579 941 2632 614
951 2595 999 2647 sq„
1029 2578 1060 2632 cf.
1080 2577 1305 2646 Trendelenburg,
1333 2577 1408 2632 Hist.

289 2666 376 2721 Βοίίν.
395 2666 423 2718 H
441 2666 494 2720 140
505 2682 543 2734 sq.
907 2705 909 2708 -
1385 2671 1387 2674 '

360 2789 391 2844 l).
412 2789 450 2844 Cf.
469 2789 574 2843 Phaedo
599 2787 717 2858 64Asq.
745 2789 809 2858 Rep.
829 2789 853 2842 X
873 2789 960 2844 613A
989 2793 1021 2842 οὐ
1049 2792 1104 2864 γάρ
1132 2791 1167 2857 δὴ
1195 2792 1251 2843 ύιιό
1277 2809 1308 2860 γε
1335 2798 1409 2844 θεῶν

290 2897 359 2932 ποτε
387 2881 530 2950 ἀμελεῖται
556 2878 584 2938 ὃς
610 2880 645 2929 ἀν
662 2884 876 2950 προθυμεῖσθαι
894 2880 973 2950 ἐθέλη
992 2879 1099 2940 δίκαιος
1117 2885 1266 2949 γίγνεσθαι
1283 2883 1331 2942 καὶ
1350 2881 1409 2932 ἔπι·

290 2968 412 3033 τηδεύων
435 2967 531 3038 ἀρετὴν
555 2971 593 3026 εἰς
618 2967 686 3019 ὅσον
710 2966 831 3018 δυνατὸν
855 2969 994 3035 ἀνθρώπῳ
1019 2970 1190 3039 ὁμοιοῦσθαι
1215 2971 1277 3036 θεῷ.
1315 2965 1353 3020 Cf.
1372 2966 1410 3022 VI

291 3054 436 3123 5003sq„
455 3052 546 3119 5040,
565 3053 626 3122 Leg.
645 3050 683 3105 IV
703 3053 795 3120 71603
814 3059 857 3106 ΒΡ
876 3053 936 3108 259.
957 3055 1017 3109 260.

359 3301 453 3384 Gorg.
472 3311 535 3369 499
549 3304 585 3366 E.
632 3304 698 3366 ΣΩ.
724 3289 837 3367 Ἕνεκα
861 3301 922 3389 γάρ
939 3327 1006 3368 που
1028 3315 1093 3368 τῶν
1117 3302 1253 3388 ἀγαθῶν
1275 3307 1409 3371 ἅπαντα
1418 3322 1458 3363 2⁷2

290 3409 366 3494 ἡμῖν
382 3403 471 3486 έδοξε
486 3406 652 3495 πρακτέον
668 3400 760 3488 εἶναι,
785 3405 813 3472 εἰ
824 3409 1037 3496 μνημονεύεις,
1062 3407 1136 3492 ε’μοί
1158 3435 1193 3476 τε
1214 3410 1273 3476 καὶ
1288 3412 1407 3498 Πώληι.

292 3509 356 3600 ἀρα
380 3513 437 3578 καὶ
461 3513 514 3580 σοὶ
537 3515 684 3580 συνδοκεῖ
707 3515 805 3594 οὕτω,
836 3513 928 3592 τέλος
958 3507 1041 3580 εῖναι
1065 3516 1204 3580 ἁπασῶν
1232 3529 1297 3580 τῶν
1321 3517 1409 3604 πρά-

290 3618 370 3697 ξεων
393 3621 430 3684 τὸ
455 3619 590 3704 ἀγαθόν,
614 3619 671 3685 καὶ
694 3618 816 3685 ἐκείνου
839 3619 941 3686 ένεκεν
964 3622 1030 3686 δεῖν
1054 3621 1164 3686 πάντα
1180 3618 1284 3688 τᾶλλα
1300 3623 1409 3710 πράτ-

289 3730 420 3806 τεσθαι,
444 3715 518 3790 ἀλλ’
537 3725 595 3791 οὐκ
617 3725 718 3792 έκεῖνο
735 3726 859 3807 ἀλλων,·
881 3728 1059 3815 σύμψηφος
1082 3729 1159 3815 ἡμῖν
1181 3721 1210 3794 εἶ
1233 3728 1291 3794 καὶ
1313 3731 1353 3794 σὺ
1373 3729 1409 3795 έκ

290 3829 425 3918 τρίταις
463 3837 580 3897 ΚΑΛ.
600 3820 731 3918 Ἔγωγε.
779 3835 850 3896 ΣΩ.·
880 3839 951 3898 Τῶν
979 3834 1116 3918 ἀγαθῶν
1139 3833 1203 3922 ἄρα
1233 3833 1326 3900 ἕνεκα
1361 3836 1409 3902 δεῖ

290 3937 347 4003 καὶ
370 3934 474 4002 τᾶλλα
498 3937 556 4004 καὶ
579 3940 621 4002 τοὶ
637 3936 715 4026 ἡδέα
732 3938 897 4026 πράττειν,

289 4049 409 4110 ΚΑΛ.
441 4043 536 4108 Πάνυ
559 4067 601 4128 γε.
650 4046 716 4108 ΣΩ.
745 4031 809 4132 Ἆρ’
836 4042 890 4110 οὖν
912 4048 1037 4124 παντὸς
1066 4047 1180 4134 ἀνδρός
1207 4045 1295 4112 έστιν
1317 4046 1408 4114 έκλέ-

290 4151 417 4229 ξασθαι
447 4155 533 4216 ποῖα
563 4151 678 4236 ἀγαθοὶ
707 4164 772 4216 τῶν
801 4150 902 4238 ἡδέων
932 4151 1006 4217 ἐστὶ
1029 4152 1088 4218 καὶ
1117 4153 1220 4218 ὁποῖα
1251 4155 1354 4236 κακά,
1388 4156 1408 4242 ἢ

289 4267 432 4337 τεχνικοῦ
454 4257 504 4322 δεῖ
526 4254 572 4335 εἰς
595 4255 750 4340 έκαστον,·
782 4263 900 4324 ΚΑΛ.
933 4265 1093 4340 Τεχνικοῦ.

160 4414 262 4466 voluptas
362 4372 671 4467 a.v01uptaseffiuitur
695 4399 757 4452 dum
777 4399 934 4454 desiderium
958 4402 1081 4470 expletur
1105 4403 1174 4468 eius,
1203 4401 1274 4470 quod
1299 4406 1409 4456 naturae

289 4487 396 4538 nostrae
415 4490 616 4540 consentaneum
635 4491 690 4554 est,
719 4487 819 4543 Phfleb.
838 4489 917 4556 3213,
937 4490 1013 4543 421).
1050 4489 1095 4543 Fit
1112 4491 1197 4559 igitur
1214 4491 1269 4558 illa,
1288 4495 1408 4558 nonest,
