3156 4988
792 364 919 433 Epicurei.

775 613 941 692 Ethioa.

251 964 270 991 m
366 899 493 982 Epicur.
523 898 625 981 Epist.
647 897 698 961 ΙΠ
729 917 777 980 ap.
801 897 891 981 Diog.
922 897 952 962 X
978 904 1040 962 128
1070 885 1101 980 p'.
1127 903 1165 962 62
1191 897 1248 962 Us.
1299 895 1469 961 Τοάιοιεεο
1547 939 1549 998 η

300 1007 361 1093 γάρ
383 1004 479 1092 χάριν
502 1003 613 1068 πάντα
637 1002 833 1090 πράττομεν,
857 1004 949 1082 ὅπως
966 1004 1048 1091 μὴτε
1069 1001 1215 1088 ἀλγῶμεν
1237 1003 1318 1090 μήτε
1340 1028 1422 1089 ταρ-
1547 1009 1550 1112 ἠ

297 1119 414 1198 βῶμεν.
462 1110 540 1176 ὅταν
563 1109 599 1176 δὲ
622 1109 716 1189 άπαξ
738 1121 833 1176 τοίπο
857 1107 932 1198 περὶ
956 1111 1041 1198 ἡμᾶς
1064 1107 1202 1198 γένηται,
1227 1109 1338 1176 λόεται
1353 1119 1424 1186 πᾶς
1548 1117 1550 1198 i

300 1221 317 1285 ὁ
340 1231 398 1307 τῆς
424 1229 529 1306 ψυχῆς
550 1219 678 1301 χειμών,
704 1216 761 1282 οόκ
785 1213 912 1300 ἔχοντος
934 1227 994 1283 τοῦ
1015 1211 1099 1304 ζηόου
1116 1215 1262 1300 βαδίζειν
1278 1218 1322 1296 ὡς
1338 1219 1425 1305 πρὸς
1546 1199 1550 1272 λ

298 1324 405 1392 ἐνδέον
429 1350 463 1390 τι
485 1323 543 1389 καὶ
566 1324 673 1412 ζητεῖν
696 1321 804 1410 ἕτερον
827 1308 855 1411 ᾧ
876 1326 915 1390 τὸ
937 1337 996 1413 τῆς
1018 1335 1124 1412 ψυχῆς
1147 1323 1205 1389 καὶ
1228 1335 1287 1389 τοῦ
1309 1325 1424 1408 σώμα-
1547 1273 1550 1494 Ι

1548 1499 1551 1574 i

1548 1579 1551 1676 i

299 1456 355 1509 τος
378 1431 506 1516 ἀγαθὸν
530 1431 815 1519 συμπληρώσεται.
845 1430 935 1524 τότε
958 1433 1019 1518 γὰρ
1042 1431 1155 1518 ἡδονῆς
1175 1427 1287 1518 χρείαν
1303 1425 1425 1514 ἔχομεν,

209 1585 215 1598 .
299 1539 376 1604 όταν
407 1536 443 1603 ἐκ
472 1547 529 1602 τοῦ
558 1539 602 1625 μὴ
633 1540 788 1625 παρεῖναι
823 1539 881 1626 τὴν
912 1537 1024 1626 ἡδονὴν
1053 1536 1214 1622 ἀλγῶμεν·
1250 1537 1353 1620 <όταν
1390 1536 1426 1602 δὲ

298 1643 399 1733 μηδὲν
423 1642 621 1728 apotoy,
645 1641 753 1710 οὐκέτι
776 1656 833 1732 τῆς
856 1644 970 1732 ἡδονῆς
984 1643 1138 1727 δεόμεθα.
1169 1641 1227 1708 καὶ
1250 1643 1308 1708 διά
1328 1653 1427 1718 τοῦτο

300 1753 357 1838 τὴν
379 1750 491 1838 ἡδοιὴν
513 1748 610 1837 ἀρχὴν
632 1748 691 1814 καί
707 1748 800 1828 τέλος
816 1748 948 1835 λέγομεν
963 1742 1047 1816 εἶναι
1070 1760 1128 1816 τοῦ
1149 1747 1322 1836 μακαρίως
1338 1749 1425 1837 ζῆν’.

302 1866 375 1924 129.
410 1857 531 1943 ταύτην
560 1857 621 1942 γάρ
651 1855 779 1941 ἀγαθὸν
809 1869 942 1944 πρῶτον
972 1855 1031 1922 καί
1059 1857 1242 1942 συγγενικόν
1275 1853 1428 1940 ἔγνωμεν,

299 1963 357 2029 καὶ
387 1962 456 2029 ἀπὸ
485 1962 606 2050 ταίτης
633 1961 868 2050 καταρχόμεθα
896 1961 1007 2050 πάσης
1037 1959 1192 2050 αἱρέσεως
1222 1962 1281 2028 καὶ
1310 1975 1427 2051 φυγῆς,

300 2069 358 2136 καὶ
380 2068 439 2136 ἐπὶ
462 2069 583 2158 ταύτην
605 2081 816 2152 καταντῶμεν
845 2070 889 2147 ὡς
911 2069 1022 2135 κανόνι
1045 2068 1093 2156 τῷ
1115 2069 1223 2136 πάθει
1246 2079 1318 2134 πᾶν
1341 2069 1426 2155 ἀγα-

300 2178 363 2242 θόν
386 2173 575 2260 κρίνοντεςλ.
622 2173 679 2240 καὶ
708 2174 783 2242 ἐπεὶ
812 2189 944 2263 πρῶτον
973 2175 1101 2261 ἀγαθόν
1130 2186 1226 2242 τοῦτο
1255 2174 1314 2241 καί
1342 2177 1427 2260 σάμ-

301 2306 412 2371 φυτον,
436 2283 492 2348 διά
514 2292 611 2348 τοῦτο
628 2281 685 2347 καὶ
701 2280 738 2348 οὖ
754 2292 867 2348 πᾶσαν
890 2283 1004 2370 ἡδονὴν
1027 2278 1220 2368 αἱρούμεθα,
1244 2271 1317 2346 ἀλλ’
1337 2278 1429 2348 ἔστιν

301 2389 355 2455 ὅτε
390 2389 518 2466 πολλάς
557 2390 672 2477 ἡδονάς
710 2386 963 2476 ὑπερβαίνομεν,
1002 2390 1081 2455 ὅταν
1119 2389 1234 2456 πλεῖον
1271 2391 1349 2477 ἡμῖν
1389 2391 1429 2455 τδ

301 2495 449 2583 δυσχερὲς
471 2495 508 2562 ἐκ
531 2496 653 2562 τούτων
676 2493 815 2584 ἕπηται·
853 2494 911 2561 καὶ
940 2497 1069 2574 πολλάς
1098 2495 1278 2584 ἀλγηδόνας
1304 2497 1430 2583 ἡδονῶν

301 2600 465 2690 κρείττους
500 2600 684 2686 νομίζομεν,
720 2602 855 2668 ἐπειδάν
883 2599 1002 2686 μείζων
1037 2605 1114 2692 ἡμῖν
1146 2603 1241 2692 ἡδονὴ
1272 2627 1427 2690 παρακο-

301 2710 410 2799 λουθῇ
441 2711 544 2775 πολὺν
572 2709 684 2796 χρόνον
707 2707 904 2792 ὑπομείνασι
934 2712 994 2788 τὰς
1017 2709 1204 2800 ἀλγηδόνας.
1252 2720 1347 2775 πάσα
1372 2706 1429 2775 οὖν

301 2817 396 2905 ἡδονὴ
423 2816 542 2882 διὰτὸ
571 2817 668 2902 φύσιν
697 2812 778 2898 ἔχειν
801 2812 925 2882 οἰκείαν
948 2816 1091 2904 ἀγαθόν,
1121 2815 1158 2883 οδ
1188 2827 1282 2882 πᾶσα
1312 2815 1428 2900 μέντοι

302 2913 335 3007 γ’
354 2919 482 3010 αἳρετὴ·
517 2921 679 3010 καθάπερ
698 2921 757 2988 καὶ
781 2921 928 3011 ἀλγηδὼν
951 2933 1046 2988 πάσα
1070 2923 1185 3003 κακόν,
1210 2921 1247 2988 οὐ
1270 2933 1365 2988 πάσα
1391 2921 1428 2988 δὲ

302 3027 354 3094 ἀεὶ
376 3030 497 3117 φευκτὴ
521 3033 697 3117 πεφυκυῖα.

374 3201 404 3241 a.
423 3186 473 3240 His
491 3188 630 3241 maximam
647 3191 751 3258 partem
770 3189 902 3243 consentit
920 3206 979 3243 cum
998 3189 1148 3243 Democrito
1166 3192 1220 3255 (BP
1240 3188 1304 3258 158)
1323 3193 1350 3242 et
1368 3189 1430 3243 Ari·

304 3275 390 3346 stippo
409 3278 463 3342 (BP
481 3276 642 3338 nor—209).

374 3399 405 3456 b.
427 3405 527 3464 Πόθος
544 3401 656 3472 Epicuro
674 3401 702 3454 in
721 3401 811 3456 iudicii
825 3402 924 3456 normis
942 3405 984 3456 est
1002 3405 1044 3468 (ut
1060 3401 1207 3470 Cyrenaicis
1221 3408 1265 3456 BP
1280 3403 1347 3468 2083
1362 3403 1430 3466 210)

302 3489 379 3558 Diog.
398 3490 424 3542 X
442 3491 476 3546 31
495 3491 537 3557 (fr.
556 3491 615 3557 35);
634 3491 670 3544 34
688 3491 730 3557 (fr.
749 3491 821 3556 260).
849 3520 883 3530 -
910 3491 1008 3544 Differt
1025 3508 1042 3544 a
1060 3490 1208 3560 Cyrenaicis
1226 3491 1299 3544 hisce
1317 3491 1359 3558 (cf.
1378 3489 1428 3544 Ue.

303 3595 328 3646 p.
347 3578 475 3648 293sq.):
504 3579 532 3643 1)
556 3577 629 3632 Finis
647 3577 759 3649 Epicuro
784 3595 836 3634 non
861 3582 903 3634 est
921 3579 1007 3646 ἡδονὴ
1024 3583 1210 3655 μονόχρονος,
1238 3579 1285 3632 sed
1303 3580 1429 3649 voluptas

303 3683 350 3736 per
368 3669 453 3720 totam
470 3667 553 3722 vitam
571 3667 677 3734 durans,
697 3686 721 3722 v.
740 3667 845 3738 Epicur.
864 3668 938 3722 Sent.
958 3669 992 3722 27
1011 3685 1053 3738 ap.
1071 3669 1149 3737 Diog.
1168 3668 1193 3722 X
1213 3668 1265 3724 148
1284 3686 1310 3738 p.
1331 3668 1364 3721 77
1378 3668 1427 3722 Us.

303 3759 320 3822 ἡ
338 3766 389 3810 τοῦ
406 3756 473 3810 ὅλου
490 3763 554 3826 βίου
570 3759 749 3830 μακαριότης.
786 3757 930 3826 Propterea
947 3757 1067 3810 futurum
1085 3757 1232 3827 prospicere
1256 3757 1381 3811 debemus
1399 3758 1427 3810 in

304 3845 419 3914 agendo:
447 3844 552 3916 Epicur.
571 3845 656 3916 Epist.
675 3845 716 3900 111
734 3863 776 3916 ap.
793 3845 871 3914 Diog.
890 3845 916 3899 X
934 3846 985 3899 127
1005 3863 1030 3916 p.
1051 3847 1085 3900 62
1104 3846 1150 3900 Ue.
1168 3851 1376 3919 μνημονευτέον
1394 3846 1427 3899 δὲ

305 3937 340 3996 ὡς
358 3936 390 3988 τὸ
407 3938 509 4008 μέλλον
528 3938 589 3988 οὔτε
607 3937 739 4008 ἡμέτερον
758 3938 820 3988 οὔτε
839 3937 950 3996 πάντως
968 3937 1020 4006 οὐχ
1038 3937 1177 4008 ἡμέτερον,
1203 3938 1249 3988 λ’να
1266 3937 1336 4007 μήτε
1355 3937 1428 3987 πάν·

305 4045 356 4086 τως
375 4029 576 4096 προσμένωμεν
601 4026 636 4084 ὡς
654 4025 788 4096 ἐσόμενον
805 4026 874 4096 μήτε
899 4025 1092 4096 ἀπελπίζωμεν
1116 4027 1150 4088 ὡς
1170 4027 1278 4084 πάντως
1298 4025 1347 4078 οὐκ
1363 4025 1427 4078 ε’σό·

304 4132 397 4186 μενον.
424 4141 457 4152 -
485 4113 513 4178 2)
537 4111 668 4181 Voluptas
693 4128 745 4166 non
764 4112 849 4166 solum
873 4112 901 4166 in
924 4115 999 4166 motu
1023 4113 1111 4183 posita
1129 4115 1172 4166 est
1189 4129 1281 4166 verum
1300 4113 1381 4166 etiam
1398 4111 1427 4164 in

306 4203 380 4254 statu
399 4201 497 4270 quieto.
534 4199 640 4270 Epicur.
659 4217 701 4270 ap.
720 4201 797 4270 Diog.
815 4200 841 4254 X
860 4201 912 4254 136
930 4201 973 4267 (fr.
993 4202 1021 4267 2)
1044 4204 1060 4268 ἡ
1077 4203 1131 4274 μὲν
1150 4203 1205 4274 γάρ
1224 4203 1361 4274 ἀταραξία
1378 4204 1425 4254 καὶ

305 4291 321 4355 ἡ
346 4291 452 4342 ἀπονία
476 4295 716 4363 καταστηματικαί
742 4294 813 4344 είσιν
835 4290 948 4356 ἡδοναί,
976 4292 993 4356 ἡ
1017 4291 1049 4344 δὲ
1064 4293 1141 4365 χαρὰ
1165 4293 1246 4356 καὶὴ
1270 4292 1427 4362 εὐφροσύνη

379 4484 405 4548 1)
423 4484 554 4538 Lacunam
572 4485 612 4538 ita
631 4484 763 4555 supplevit
780 4482 882 4539 Usener
899 4482 1063 4539 Gessendum
1083 4487 1197 4540 secutus.
