3150 4996
215 1272 219 1278 ·
277 1400 280 1406 ·
509 1349 917 1450 PRAEFATIO.

661 1581 768 1592 —-—-

237 1742 349 1816 Anno
382 1751 479 1820 1838
511 1741 645 1819 Ritteri
674 1755 710 1816 et
737 1742 893 1818 Prelleri
920 1742 1016 1816 liber
1049 1743 1171 1818 fuerat
1198 1744 1274 1842 pri-

155 1889 259 1950 mum
286 1875 326 1948 in
355 1877 476 1950 lucem
497 1875 628 1950 editus.
653 1875 750 1968 ¹Quo
770 1877 862 1950 duce
890 1887 1088 1977 postquam
1117 1902 1184 1978 per
1202 1877 1274 1950 hoc

156 2008 317 2108 spatium
337 2021 393 2082 tot
410 2009 516 2083 milia
535 2009 756 2110 discentium
776 2011 823 2084 ad
842 2009 1102 2110 philosophiae
1120 1992 1274 2110 graecae

156 2143 277 2216 fontes
302 2157 545 2238 accesserunt,
572 2153 759 2242 postremo
786 2143 862 2215 iam
883 2155 1031 2244 tempus
1057 2143 1140 2239 fuit,
1168 2170 1274 2244 prae·

157 2289 343 2373 ceptorem
370 2276 513 2374 ipsum,
548 2301 595 2350 ne
624 2275 789 2351 obsoleta
815 2276 997 2372 traderet,
1025 2303 1068 2350 ea
1096 2303 1191 2378 quae
1218 2304 1274 2351 re·

157 2407 297 2482 cantior
324 2405 518 2482 hominum
546 2421 646 2482 aetas
674 2409 734 2482 vel
753 2407 957 2484 invenisset
977 2409 1037 2483 vel
1056 2410 1274 2485 correxisset

156 2541 359 2617 adsumere

237 2675 368 2749 Totius
415 2675 536 2776 operis
582 2675 753 2750 habitum
799 2703 978 2752 renovare
1020 2705 1058 2752 es
1099 2677 1273 2752 scientiae

158 2822 252 2883 esset
288 2809 480 2908 amplioris
517 2823 552 2884 et
587 2808 653 2882 otii
689 2810 884 2885 liberioris.
944 2811 1076 2910 Itaque
1110 2837 1273 2886 seorsum

156 2942 343 3018 a·ceteris
377 2943 563 3042 prodeunt
606 2942 634 3016 ii
671 2943 736 3042 qui
771 2957 856 3018 ante
892 2941 1081 3018 Socratem
1122 2945 1275 3018 fuerunt

155 3075 381 3176 philosophi.
436 3075 623 3150 Nimirum
661 3075 757 3151 sicut
784 3076 926 3150 nullius
961 3077 1077 3176 partis
1112 3077 1273 3177 cognitio

106 3195 108 3198 ⁵
155 3207 304 3284 interim
340 3209 459 3310 magis
491 3223 662 3310 promota
699 3224 754 3284 est
781 3236 894 3310 quam
921 3211 1180 3311 physicorum,
1221 3211 1275 3284 ita

156 3343 391 3442 aliquantum
419 3343 465 3418 iis
492 3343 655 3419 accrevit
674 3339 967 3419 existimationis.
1023 3341 1074 3418 Et
1101 3357 1155 3418 est
1183 3345 1274 3418 haec

157 3501 278 3573 causa,
307 3502 384 3574 our,
413 3479 513 3577 quod
531 3477 687 3577 reliquis
705 3477 745 3550 in
764 3477 934 3578 partibus
953 3504 1022 3552 nec
1040 3477 1133 3550 mihi
1153 3501 1274 3576 neque

156 3609 240 3683 aliis
266 3610 515 3710 ignoscerem,
549 3611 611 3686 hic
639 3611 684 3684 de
720 3609 904 3685 industria
931 3609 1198 3706 commiserim,
1232 3625 1275 3683 ut

157 3743 333 3818 volumen
361 3743 464 3820 haud
490 3744 544 3818 ita
570 3744 700 3845 paucis
727 3743 827 3820 foliis
854 3770 1040 3843 augerem.

237 3873 502 3980 Philosophiae
555 3903 709 3979 graecae
765 3877 955 3978 scriptori,
1015 3878 1275 3976 doxographo-
1344 3954 1347 3960 ,

155 4036 240 4087 rum
276 4008 536 4124 Simphciique
571 4010 702 4086 editori
737 4023 919 4118 quantum
959 4009 1056 4084 lucis
1093 4023 1274 4108 quantum

157 4143 334 4248 praesidii
368 4144 501 4220 debeat
536 4143 740 4244 sapientiae
775 4143 1058 4245 antiquissimae
1085 4139 1276 4236 memoria,

158 4279 221 4353 hic
259 4303 409 4378 quoque
441 4276 539 4352 liber
580 4278 685 4353 testis
722 4290 776 4352 est
810 4303 886 4356 non
928 4275 1088 4368 invitus,
1129 4274 1169 4346 in
1204 4298 1277 4371 quo

157 4423 262 4486 tanta
289 4423 344 4486 est
362 4409 558 4486 nominum
575 4410 699 4488 Zeller
719 4423 756 4486 et
772 4410 878 4486 Diels
896 4404 1123 4512 frequentia,
1150 4417 1193 4482 ut
1211 4429 1278 4480 sua
