3148 4984
287 349 343 410 52ss
382 411 386 418 ,
757 353 946 424 Neopletonici.

289 516 339 566 τὸν
357 514 541 585 λογιζόμενον,
561 509 622 566 ἀλλ’
641 514 684 568 ἀεὶ
702 515 801 582 ἔχοντα
820 517 852 566 τὸ
870 513 981 568 δίκαιον
995 524 1062 568 νοῦν
1079 517 1110 568 έν
1128 516 1194 586 ημῖν
1212 515 1290 568 εἶναι.
1320 513 1412 570 Omnis

289 604 379 656 autem
397 603 532 674 λογισμὸς
550 601 679 656 inferioris
697 602 796 670 grados
814 605 871 656 est:
889 602 956 656 Enn.
975 601 1012 656 IV
1026 603 1051 670 3,
1072 604 1106 658 18
1124 605 1271 664 ἐλάττωσις
1289 605 1344 676 γὰρ
1362 614 1413 658 νοῦ

288 696 329 751 εὶς
356 693 521 763 αὐτάρκειαν
548 693 580 744 τὸ
607 694 746 764 λογισμοῦ
772 691 900 757 δεῖσθαι,
929 691 1023 766 ὥσπερ
1049 696 1097 746 καὶ
1125 694 1155 746 έν
1183 698 1243 753 ταῖς
1268 695 1411 763 τέχναιςὸ

288 782 424 852 λογισμὸς
454 781 591 851 ἀποροῦσι
618 786 677 840 τοῖς
704 785 848 851 τεχνίταις.
891 779 982 850 Neque
1009 781 1038 834 in
1065 780 1162 834 mundo
1189 779 1353 848 intelligibili
1380 783 1411 834 τὸ

289 872 447 939 λογίζεσθαι
466 869 603 938 reperitur,
624 885 707 940 noque
726 869 802 924 homo
821 885 880 923 vere
898 869 1076 937 intelligibilis
1090 873 1199 940 λογικὸς
1217 872 1274 925 est:
1292 869 1359 923 Enn.
1374 868 1411 921 VI

289 958 314 1025 7,
333 959 358 1012 θ.
395 958 461 1011 Inde
478 961 644 1028 contemptos
662 957 804 1028 illaquam
822 951 884 1030 p‘ree
903 975 931 1012 se
949 958 1002 1012 fort
1020 959 1117 1012 mentis
1134 961 1215 1028 etque
1234 957 1409 1028 cogitationis,

286 1048 344 1102 eius
370 1048 495 1113 maxims,
518 1064 585 1117 quoe
609 1046 785 1117 proficiscitur
809 1065 825 1100 a
849 1064 975 1102 sensuum
999 1048 1189 1104 affectionibus.
1226 1047 1297 1102 Nam
1320 1064 1410 1102 verum

286 1137 450 1192 intellectum
468 1136 533 1190 dicit
550 1153 634 1207 neque
652 1137 825 1207 perceptionis
847 1154 930 1208 neque
952 1137 1114 1192 collectionis
1132 1154 1180 1207 opo
1199 1137 1233 1192 ad
1255 1154 1410 1205 cognoscen-

286 1226 349 1278 dum
368 1225 516 1295 pervenire:
540 1225 607 1280 an.
627 1226 650 1278 V
668 1225 694 1294 5,
714 1228 729 1280 1
756 1227 802 1282 δεῖ
820 1231 873 1302 δρα
892 1229 977 1280 αὐτὸν
995 1229 1055 1293 (τὸν
1073 1230 1163 1294 ἀληθῆ
1180 1227 1257 1292 νοῦν)
1277 1229 1320 1282 ἀεὶ
1339 1228 1409 1282 εἰδέ-

287 1337 341 1380 ναι,
361 1345 394 1354 -
415 1318 463 1382 τὴν
481 1315 513 1369 δέ
527 1315 635 1382 εἴδησιν
655 1317 730 1385 αὐτῷ
747 1317 816 1388 μήτε
835 1318 967 1377 εἰκάζοντι
985 1315 1056 1370 εἶναι
1073 1319 1142 1388 μήτε
1162 1317 1322 1388 ἀμφίβολον
1335 1313 1405 1388 μηδ’

220 1443 223 1450 -
287 1401 324 1457 αὖ
342 1399 413 1478 παρ’
431 1399 768 1468 δλλουοῖονδκούσαντι·
789 1406 822 1457 οὒ
840 1409 935 1458 τοίνυν
951 1405 1015 1459 οὐδὲ
1030 1401 1072 1459 δι’
1089 1405 1264 1467 ἀποδείξεως.
1289 1403 1408 1458 Asensi·

287 1493 336 1546 bus
355 1496 472 1547 remotus
490 1493 557 1546 nihil
575 1493 770 1563 contemplatur
788 1496 894 1563 praeter
913 1510 941 1546 se
959 1494 1060 1563 ipsum:
1078 1493 1145 1547 Enn.
1164 1493 1189 1545 V
1206 1495 1233 1560 3,
1252 1495 1283 1560 43
1302 1495 1328 1560 θ,
1347 1495 1372 1547 7.

358 1648 384 1689 e·
400 1629 452 1689 ’'Ov
470 1636 498 1686 et
516 1645 579 1695 νοῦς
596 1633 636 1687 ita
655 1634 742 1688 solent
760 1651 776 1687 a
793 1633 898 1688 Plotino
913 1635 1044 1703 coniungi,
1064 1637 1096 1688 ut
1114 1651 1167 1688 una
1185 1651 1242 1688 esse
1261 1635 1342 1704 atque
1356 1651 1409 1687 nna

285 1723 420 1777 exstitisse
444 1726 589 1794 ponantur,
618 1726 757 1792 propterea
785 1723 854 1794 quod
877 1741 966 1777 verum
987 1727 1018 1777 δν
1042 1723 1109 1777 nihil
1127 1740 1185 1776 osse
1203 1724 1289 1794 possit
1306 1724 1358 1776 nisi
1377 1727 1408 1776 τὸ

285 1816 390 1880 νοητόν.
427 1811 493 1865 Eun.
512 1811 537 1862 V
555 1812 579 1879 4,
600 1812 616 1865 2
636 1814 695 1866 ἔστι
713 1814 766 1886 μὲν
786 1810 834 1866 οὖν
852 1818 898 1866 καὶ
918 1815 1000 1874 αὐτὸς
1018 1814 1046 1879 (ὁ
1059 1813 1132 1877 νοῦς)
1151 1815 1257 1879 νοητόν,
1278 1814 1408 1866 ἀλλὰκαὶ

284 1913 363 1956 νοῶν.
379 1929 413 1940 -
427 1912 492 1962 νοῦς
505 1901 541 1968 δὴ
553 1906 600 1956 καὶ
616 1905 647 1956 δν
666 1904 779 1956 ταύτόν·
801 1904 833 1956 οὐ
851 1904 905 1974 γάρ
925 1913 978 1955 τῶν
997 1905 1171 1976 πραγμάτων
1190 1905 1205 1956 ὁ
1223 1911 1294 1966 νοῦς,
1315 1900 1407 1972 ὥσπερ

286 1995 301 2060 η
327 1996 457 2058 αἴσθησις
483 2001 536 2044 τῶν
561 1996 703 2058 αἰσθητῶν
726 1993 883 2064 προόντων,
912 1987 974 2044 ἀλλ’
993 1993 1075 2054 αὐτὸς
1099 2001 1163 2052 νοῦς
1189 1993 1223 2044 τά
1243 1994 1406 2063 πράγματα.

284 2080 324 2134 lb.
344 2082 368 2146 1,
388 2080 422 2134 10
441 2080 550 2134 ἔστιδὲ
569 2082 665 2151 ἐφεξῆς
687 2082 737 2148 (τῷ
756 2079 807 2150 ἑνὶ)
832 2081 863 2134 τὸ
883 2083 914 2132 δν
937 2084 984 2134 καὶ
1002 2090 1072 2142 νοῦς.
1093 2107 1126 2118 -·
1151 2082 1188 2134 Τὸ
1207 2083 1239 2132 ὂν
1257 2079 1407 2148 appellatur

285 2169 366 2222 etiam
385 2171 480 2222 οὐσίαι
499 2167 565 2221 Enn.
584 2168 598 2220 I
618 2169 642 2234 7,
663 2169 692 2234 1;
712 2169 737 2234 8,
758 2170 781 2222 1.

356 2294 385 2348 (l.
405 2295 463 2347 Hoc
482 2293 646 2347 referendum
673 2292 704 2346 od
726 2295 853 2362 quattuor
871 2294 1018 2362 categorias
1037 2311 1103 2364 quae
1121 2311 1138 2346 o
1156 2293 1346 2347 recentioribus
1365 2312 1407 2348 vo·

285 2385 380 2436 cantur
397 2383 518 2436 Platonis
543 2387 586 2435 ΒΡ
606 2381 688 2436 coia.
726 2381 836 2434 Praeter
861 2398 905 2434 eas
930 2381 1018 2434 utitur
1042 2381 1122 2435 stiam
1146 2383 1286 2450 categoriis
1305 2382 1406 2437 Aristo

285 2471 386 2536 telicis,
415 2471 461 2524 sed
479 2469 628 2524 immutatis
652 2473 681 2523 et
706 2486 765 2523 cum
783 2469 928 2524 Platonicis
947 2470 1115 2537 consociatis,
1141 2487 1164 2524 v.
1183 2469 1405 2540 Prendelenburg,

285 2559 381 2616 θιεολι.
402 2560 428 2614 δ.
448 2558 547 2628 Καιιρ.
567 2559 601 2612 L.
621 2577 647 2629 p.
666 2560 783 2629 232sq.;
803 2559 932 2614 Kirchner
950 2577 975 2629 p.
995 2559 1079 2629 86sq.
1105 2589 1139 2600 -
1164 2560 1336 2614 Dialecticam
1353 2563 1406 2615 iere

283 2647 373 2702 eodem
401 2665 480 2702 sensu
507 2649 624 2719 appellat
652 2665 703 2718 quo
727 2649 820 2716 Flete,
847 2649 959 2716 logicam
986 2665 1037 2718 quo
1066 2649 1234 2719 Peripatetici
1261 2650 1405 2718 inferiores,

136 2742 257 2786 dialectics
285 2755 307 2790 v.
327 2737 470 2804 Enn.13‚
489 2739 568 2806 4-6,
593 2738 638 2792 ubi
661 2739 733 2792 inter
757 2738 808 2792 alia
832 2738 897 2792 haec
915 2739 980 2792 dicit
998 2739 1016 2792 4
1034 2737 1084 2792 in:
1109 2741 1177 2808 αῦτη
1195 2741 1222 2806 (η
1241 2739 1406 2808 διαλεκτικὴ)

283 2832 330 2882 καὶ
349 2831 411 2902 περὶ
431 2829 544 2897 ἀγαθοῦ
561 2828 719 2896 διαλέγεται
737 2831 784 2880 καὶ
803 2831 865 2900 περὶ
883 2829 923 2899 μὴ
942 2830 1055 2896 ἀγαθοῦ
1071 2831 1117 2881 καὶ
1136 2829 1189 2882 ὅσα
1211 2831 1265 2882 ὑπὸ
1284 2831 1315 2882 τὸ
1335 2831 1404 2900 ἀγα-

283 2919 338 2970 θὸν
364 2921 411 2970 καὶ
438 2917 491 2970 ὅσα
522 2918 575 2969 ὑπὸ
602 2919 633 2969 τὸ
660 2917 787 2970 ἐναντίον
810 2921 857 2970 καὶ
883 2921 911 2969 τί
935 2918 966 2969 τὸ
985 2917 1080 2970 ιἰίδιον
1096 2921 1143 2970 καὶ
1162 2919 1251 2990 τὸμὴ
1270 2929 1403 2982 τοιοῦτον,

283 3007 421 3078 ἐπιστήμη
446 3005 601 3072 δηλονότι1
627 3010 689 3076 περὶ
710 3007 829 3069 πάντων,
850 3007 883 3058 οὔ
902 3005 980 3077 δόξη·
1011 3009 1146 3060 παδσασα
1171 3007 1203 3060 δέ
1227 3017 1273 3074 τῆς
1291 3013 1354 3080 περὶ
1373 3011 1404 3061 τὸ

284 3095 421 3160 αἰσθητὸν
449 3097 554 3160 πλάνης
581 3094 700 3164 ένιδρύει
728 3097 766 3163 τῷ
793 3099 881 3164 νοητῷ
909 3097 987 3148 κάκεῖ
1010 3097 1059 3161 τὴν
1083 3101 1279 3170 πραγματείαν
1298 3098 1354 3167 ἔχει
1373 3099 1404 3150 τὸ

284 3183 387 3251 ψεῦδος
401 3184 513 3254 ἀφεῖσα,
533 3211 567 3220 -
586 3186 619 3256 τῇ
634 3183 766 3256 διαιρέσει
784 3187 817 3256 τῇ
833 3187 981 3246 Πλάτωνος
1002 3189 1130 3257 χρωμένη
1147 3185 1202 3256 μὲν
1219 3190 1266 3238 καὶ
1284 3191 1323 3246 εἰς
1341 3187 1403 3240 διά-

282 3290 373 3344 κρισιν
391 3283 445 3325 τῶν
463 3272 556 3336 εἰδῶν,
577 3276 707 3344 χρωμένη
734 3272 831 3326 δὲκαὶ
850 3277 889 3333 εἰς
908 3275 940 3326 τὸ
959 3279 987 3326 τί
1004 3276 1071 3338 ἔστι,
1095 3279 1222 3348 χρωμένη
1241 3275 1274 3330 δέ
1291 3280 1339 3328 καλ
1357 3278 1403 3330 ἐπὶ

283 3364 317 3415 τὰ
337 3373 432 3434 πρῶτα
451 3365 523 3431 γένη,
542 3366 589 3414 καὶ
608 3362 642 3413 τά
662 3362 691 3416 ἐκ
710 3363 814 3414 τούτων
827 3373 925 3432 νοερῶς
944 3365 1092 3427 πλέκουσα,
1112 3363 1161 3424 ἕως
1179 3367 1214 3416 δν
1233 3363 1331 3436 διέλθη
1346 3375 1403 3418 πᾶν

283 3453 314 3504 τὸ
332 3453 437 3518 νοητόν,
457 3455 504 3504 καὶ
523 3451 663 3503 ἀνάπαλιν
682 3451 851 3514 ἀναλύουσα,
872 3456 910 3512 εἰς
930 3451 945 3503 ὃ
965 3454 999 3504 δν
1017 3449 1066 3506 ἔπ’
1084 3453 1170 3523 ἀρχὴν
1188 3453 1261 3525 ἔλθη.
1291 3455 1351 3506 τότε
1372 3453 1403 3507 δὲ

282 3541 401 3610 ἡσιχίαν
429 3544 539 3609 άγουσα
567 3567 601 3578 -·
630 3543 668 3600 εἰς
697 3539 726 3592 ἓν
753 3544 887 3612 γενομένη
914 3543 1009 3608 βλέπει
1037 3542 1086 3607 τὴν
1113 3545 1264 3614 λεγομένην
1291 3543 1403 3611 λογικὴν

282 3633 478 3700 πραγματείαν
501 3633 563 3700 περὶ
588 3631 749 3700 προτάσεων
772 3632 820 3681 καὶ
845 3631 1050 3700 συλλογισμῶν·
1084 3629 1176 3704 ὥσπερ
1195 3633 1230 3683 δν
1248 3633 1280 3684 τὸ
1299 3631 1403 3686 εἰδέναι

281 3721 400 3792 γράφειν
419 3720 485 3789 ίίλλη
504 3721 584 3790 τέχνη
603 3717 707 3781 δοῦσα,
737 3711 774 3769 ὧν
799 3735 861 3770 τινα
887 3720 1027 3788 ἀναγκαῖα
1052 3724 1099 3772 καὶ
1123 3721 1177 3793 πρὸ
1201 3723 1297 3790 τέχνης
1319 3723 1402 3790 ἠγου·

280 3813 357 3880 μένη.
825 3799 829 3805 ’

125 3909 254 3954 insensatus
353 3926 380 3967 e.
402 3919 474 3974 Νοῦς
497 3929 556 3965 oum
580 3912 608 3965 in
633 3928 660 3964 se
679 3911 821 3981 coniungat
839 3915 958 3980 νοήσεως
975 3917 1099 3968 naturam
1117 3917 1145 3968 ot
1163 3918 1257 3982 ὄντος,
1282 3917 1402 3986 sequitur

55 3981 60 3990 ¹
130 3965 255 4060 etaiiiiiil‘
283 4005 315 4056 ut
338 4005 367 4056 ct
390 4004 478 4056 motos
503 4003 531 4054 ot
556 4001 629 4070 quies
654 4001 678 4054 ei
702 4001 873 4055 attribuenda
898 4001 942 4057 sit.
979 4002 1047 4056 Nom
1067 4005 1160 4070 νόησις
1185 4005 1200 4071 ἡ
1225 4006 1318 4079 πρώτη
1337 4008 1388 4073 ζωή
1395 4026 1401 4059 ;

279 4091 346 4146 Enn.
365 4091 448 4158 1118,
467 4092 498 4156 8;
518 4091 568 4158 ζωὴ
586 4107 646 4143 vero
676 4089 746 4144 idem
768 4093 810 4144 est
834 4094 914 4162 atquc
932 4095 1066 4168 ἐνέργειαι
1085 4093 1137 4158 18,
1157 4093 1187 4159 23
1206 4091 1247 4145 HI
1265 4094 1290 4162 6,
1310 4095 1335 4148 6.
1364 4093 1400 4149 cf.

280 4178 317 4230 VI
335 4179 360 4245 2,
379 4179 396 4234 8
416 4181 445 4233 έν
461 4181 515 4252 μὲν
534 4175 584 4232 οὖν
598 4183 635 4248 τά
654 4185 728 4233 νοεῖν
746 4183 761 4246 ἡ
776 4183 897 4256 ε’νέργεια
916 4186 962 4234 καὶ
981 4184 996 4248 ἡ
1013 4187 1127 4250 κίνησις,
1146 4184 1176 4237 ἐν
1196 4182 1227 4236 δὲ
1250 4185 1288 4252 τῷ
1302 4183 1401 4236 ἑαυτὸν

280 4269 392 4332 ἡούσία
411 4271 457 4320 καὶ
476 4270 508 4322 τὸ
526 4270 570 4322 ὅν
597 4269 635 4322 ὢν
653 4270 707 4341 γὰρ
725 4275 785 4323 νοεῖ
801 4274 847 4322 καὶ
866 4273 932 4323 ὄντα
956 4270 1062 4335 ἑαυτόν,
1084 4301 1117 4309 -
1137 4275 1168 4324 ὂν
1186 4271 1218 4325 δὲ
1237 4273 1269 4324 τὸ
1288 4275 1401 4326 πάντων

280 4394 494 4404 —-—-—-

352 4461 379 4525 l)
397 4462 532 4528 δηλονότι,
552 4463 622 4532 qood
640 4467 682 4518 est
699 4463 727 4518 io
745 4465 822 4518 libris
840 4466 901 4534 post
920 4465 1021 4530 ἀίδιον,
1041 4467 1208 4536 transposuit
1225 4466 1330 4522 Miller.
