3148 4984
653 343 814 398 Damaseius.
1242 336 1296 398 565

173 505 226 570 ὅτι
249 505 355 592 πάντη
380 503 560 588 ἄγνωστον,
583 501 612 569 εὶ
635 502 672 568 δέ
694 503 899 588 γινώσκομεν,
931 502 1032 589 ταότη
1056 501 1120 588 ἄρα
1144 499 1293 586 γνωστόν,

174 595 196 699 ᾗ
213 611 374 696 ἄγνωστον
388 611 580 694 γινώσκεται
597 609 648 675 ὅτι
664 609 836 694 ἄγνωστον.
853 647 895 656 -
920 605 977 673 καί
992 607 1053 694 γάρ
1076 606 1164 672 ε’στιν
1179 607 1295 684 ἀπλώς

175 717 344 805 ἡτοιαύτη
368 729 484 802 γνῶσις
508 715 565 782 οὐκ
581 713 712 796 ἐκείνου,
735 715 819 780 ἀλλά
841 727 899 802 τῆς
922 711 1043 791 οἰκείας
1066 710 1213 798 ἀγνοίας·
1237 711 1295 778 καί

175 824 214 911 δι)
245 822 303 888 καὶ
334 824 425 910 ἡμεῖς
449 822 611 908 ἄγνωστον
633 817 735 888 έκεῖνο
758 819 902 906 λέγοντες
926 819 984 886 οὐκ
1007 818 1106 884 αὐτοῦ
1127 843 1161 884 τι
1184 818 1295 904 ἀπαγ-

176 927 342 1013 γέλλομεν,
373 924 456 994 ἀλλὰ
485 931 523 994 τὸ
546 927 625 1014 περὶ
648 927 726 994 αάτδ
750 927 864 1005 πάθος
892 929 983 1015 ἡμῶν
1005 926 1228 1010 ὁμολογοῦμεν.
1253 965 1295 974 -

177 1047 195 1102 7
219 1057 249 1120 p.
267 1045 307 1102 19
332 1049 406 1112 πώς
429 1037 489 1121 γὰρ
513 1034 615 1100 έκεῖνο
638 1033 801 1120 ἄγνωστον
824 1032 975 1118 λέγομεν;
999 1028 1046 1097 ένί
1067 1030 1127 1114 μέν
1149 1032 1233 1118 λόγῳ
1249 1032 1297 1118 τῴ

175 1141 318 1230 ῥηθέντι,
349 1141 401 1206 ότι
424 1140 475 1206 ἀεὶ
498 1143 536 1206 τὸ
559 1140 642 1227 ὑπὲρ
666 1143 723 1229 τὴν
746 1153 863 1225 γνῶσιν
886 1139 1078 1224 τιμιώτερον
1100 1135 1294 1224 εὑρίσκομεν.

8 1315 10 1322 ,
78 1291 81 1297 ·
176 1251 259 1314 ὥστε
281 1249 320 1314 τὸ
343 1246 425 1334 ὑπὲρ
450 1250 585 1312 ἅπασαν
606 1260 731 1332 γνῶσιν,
756 1243 848 1332 εἴπερ
872 1244 909 1333 ἡν
931 1244 1064 1332 εὖρετόν,
1088 1241 1234 1332 εὑρεθείη
1257 1243 1296 1306 ἄν

176 1354 233 1420 καί
257 1353 337 1420 αὐτὸ
358 1354 565 1436 τιμιώτατον.
591 1359 636 1401 -’
656 1375 686 1436 p.
706 1347 753 1418 Ι20
776 1349 806 1418 εἰ
827 1349 934 1417 τοίνυν
957 1353 995 1416 τὸ
1017 1347 1051 1415 έν
1074 1345 1211 1432 ἔσχατόν
1227 1349 1296 1414 ἐστι

176 1461 316 1545 γνωστόν
337 1473 402 1524 τῶν
425 1459 516 1536 ὅπως
540 1458 625 1525 ποτέ
648 1455 886 1546 γνωριζομένων
909 1459 929 1546 ί)
951 1454 1204 1538 ὑπονοουμένων,
1239 1454 1296 1520 καί

176 1568 215 1632 τδ
237 1577 295 1632 τοῦ
317 1563 386 1642 ἑνός
410 1564 560 1630 ἐπέκεινα
589 1567 627 1631 τὸ
650 1565 791 1652 πρώτως
815 1562 886 1628 ἐστὶ
914 1561 973 1628 καί
995 1563 1102 1650 πάντη
1126 1561 1296 1647 ἄγνωστον,

176 1675 258 1760 ὅπερ
293 1674 394 1750 οὕτως
428 1670 517 1736 ἐστίν
551 1671 726 1757 ἄγνωστον,
763 1672 807 1749 ὡς
842 1669 926 1758 μηδὲ
955 1671 994 1735 τὸ
1026 1667 1187 1754 ἄγνωστον
1217 1665 1297 1750 ἔχειν

176 1781 289 1867 φύσιν,
319 1777 402 1866 μηδέ
426 1779 468 1856 ὡς
492 1777 645 1865 ἀγνώστῳ
669 1776 889 1865 προσβάλλειν
911 1779 1010 1862 ἡμᾶς,
1034 1775 1157 1860 ἀγνοεῖν
1181 1774 1297 1840 δὲκαὶ

176 1883 204 1952 εἰ
227 1884 396 1970 ἄγνωστον.
432 1885 593 1972 παντελὴς
617 1885 677 1971 γὰρ
701 1883 816 1968 ἄγνοια
840 1883 917 1969 περί
941 1881 1028 1946 αότό.
1054 1920 1095 1928 -
1119 1903 1149 1965 p.
1174 1890 1215 1948 23
1240 1880 1297 1945 καί

176 1989 211 2056 τί
239 1989 345 2077 πέρας
372 1986 467 2056 ἔσται
495 2001 553 2055 τοῦ
582 1990 677 2074 λόγου
709 1990 794 2077 πλὴν
823 2000 915 2076 σιγης
945 1987 1107 2074 ἀμηχάνου
1137 1985 1195 2051 καί
1218 1986 1297 2069 όμο-
1353 2051 1355 2054 .

177 2093 289 2180 λογίας
312 2107 369 2161 τοῦ
391 2095 491 2184 μηδὲν
513 2097 679 2180 γινώσκειν
702 2091 746 2158 ὦν
767 2093 850 2182 μηδὲ
873 2091 987 2175 θέμις,
1012 2091 1177 2156 ἀδυνάτων
1198 2089 1297 2156 όντων

177 2201 224 2280 εἰς
246 2217 361 2286 γνῶσιν
384 2201 513 2282 ἐλθεῖν,
640 2202 642 2208 ’
1289 2213 1292 2218 “

127 2435 168 2475 ιιι
244 2418 291 2480 Ib.
310 2425 350 2482 73
367 2436 398 2497 p.
417 2422 481 2478 204
498 2415 536 2476 K.
582 2417 663 2490 Πῶς
686 2409 740 2477 οὖν
762 2412 800 2478 τό
815 2434 849 2496 γε
872 2409 1050 2499 ἡνωμένονὓ
1073 2409 1296 2498 διακέκριται,
1350 2412 1422 2514 ἡζζξξ

178 2521 349 2610 ἀντιφάσει
364 2523 425 2606 γὰρ
442 2517 527 2585 έοικε
542 2520 580 2584 τὸ
604 2518 785 2604 λεγόμενον·
809 2513 879 2582 ἔστι
901 2519 962 2604 γάρ
985 2515 1102 2600 μείζων
1124 2513 1292 2604 ἡάπορία,
1321 2518 1445 2569 progressio

178 2625 207 2693 εἰ
230 2629 267 2694 τδ
291 2625 493 2714 ἡνωμένον
517 2627 601 2712 πρὸς
616 2627 654 2690 τὸ
670 2621 705 2690 ἓν
729 2623 981 2710 παραβάλωμεν
1005 2624 1048 2701 ὡς
1071 2623 1299 2710 προεληλυθδς

179 2735 248 2798 ἀπὸ
281 2745 339 2798 τοῦ
371 2733 582 2818 προάγοντος.
623 2733 643 2820 ί)
670 2741 767 2797 τοῦτο
800 2729 859 2814 μέν
888 2742 946 2818 τῆς
980 2728 1139 2818 ἡνωμένης
1173 2729 1299 2817 φάσεως

180 2837 344 2926 ἐξαίρετόν
360 2839 430 2904 ἐστι
450 2841 487 2904 τὸ
510 2841 554 2928 μν)
578 2836 782 2918 ἀνασχέσθαι
804 2849 861 2923 τῆς
884 2838 968 2924 πρὸς
991 2837 1029 2903 τδ
1046 2831 1085 2922 ,(έν
1108 2833 1300 2923 διακρίσεως

179 2945 253 3012 οάδέ
282 2959 339 3033 τῆς
362 2934 427 3010 ἀπ’
446 2942 568 3010 ἐκείνου
592 2943 750 3030 προόδου,
786 2943 870 3008 ἀλλά
900 2941 976 3030 περὶ
1008 2941 1086 3009 αάτδ
1118 2940 1300 3029 πεφυκέναι

179 3051 237 3116 καί
272 3051 305 3116 ἒν
338 3053 442 3138 τοότηι
473 3051 575 3116 έκεῖνο
604 3051 642 3116 τδ
672 3048 831 3137 ἡνωμένον
857 3041 956 3129 εἶναι,
992 3047 1095 3134 έντηῖ
1116 3053 1161 3136 μὴ
1185 3044 1302 3114 ἑαυτοῦ

180 3150 263 3223 εἶναι
286 3158 370 3222 ἀλλά
392 3167 451 3222 τοῦ
474 3153 551 3234 ένός.
584 3196 625 3204 -
663 3165 725 3224 107
750 3177 779 3240 p.
806 3165 878 3223 335.
909 3144 984 3220 ἀλλ’
1004 3154 1062 3220 εἰιί
1085 3159 1123 3220 τδ
1146 3154 1181 3234 ἐξ
1204 3155 1301 3244 ἀρχῆς

181 3263 422 3346 ἐπανέλθωμεν,
447 3264 559 3328 ὅτιτὸ
582 3265 694 3351 νοητὸν
718 3261 775 3328 σ’δκ
798 3263 836 3326 ἄν
859 3259 1024 3348 προέλθοι
1050 3263 1107 3349 τὴν
1131 3258 1193 3340 ἔξω
1216 3263 1301 3349 πρό-

180 3371 272 3450 οδον,
308 3371 326 3435 ὃ
354 3393 389 3454 γε
419 3368 493 3434 οῦδὲ
523 3372 580 3456 τὴν
608 3366 686 3434 ε’ίσω
716 3369 880 3455 πρόεισιν·
916 3371 999 3434 ὥστε
1035 3367 1107 3434 οᾶτε
1141 3369 1302 3451 μεθεκτδν

181 3478 313 3564 πλῆθος
343 3474 414 3542 οᾶτε
444 3474 645 3560 ἀμέθεκτονῑ)
669 3474 796 3564 πέφυκε
825 3475 982 3560 προάγειν
1005 3471 1023 3562 ὃ
1045 3473 1209 3557 μονοειδές
1232 3474 1301 3540 ἐστι

181 3583 239 3648 καί
262 3583 459 3670 ἀδιάκριτον.
477 3620 518 3630 -
543 3583 593 3647 δεῖ
617 3579 671 3648 οὖν
693 3583 737 3670 μὴ
762 3580 926 3664 ἐπιμένειν
941 3581 1025 3669 αὐτῇ
1049 3579 1101 3668 (τῇ
1118 3578 1301 3668 διακρίσει),

181 3689 266 3754 ἀλλά
295 3692 421 3778 φεύγειν
451 3689 688 3776 προτροπάδην
718 3688 755 3754 οδ
784 3699 855 3754 νοῦν
888 3687 1057 3770 τιθέμενοι
1085 3687 1204 3752 ἐκεῖνον
1234 3689 1302 3770 (τὸν

182 3797 266 3876 νοῦν)
289 3785 362 3860 ἀλλ’
383 3785 450 3860 οἷον
473 3806 553 3875 νοῦν,
578 3794 652 3860 οὐδὲ
675 3795 758 3882 ζωὴν
782 3783 857 3860 ἀλλ’
884 3785 952 3859 οἷον
975 3793 1066 3881 ζωὴν,
1097 3791 1171 3859 οὐδέ
1191 3791 1303 3858 οὐσίαν

182 3890 258 3966 ἀλλ’
285 3891 353 3966 οἷον
376 3900 497 3982 οὐσίαν,
522 3899 596 3966 οὐδὲ
617 3899 702 3977 ἄλως
724 3901 867 3986 πρόοδον
890 3889 966 3965 ἀλλ’
985 3890 1052 3965 οἷον
1075 3900 1242 3986 πρόοδονΰ.
1261 3940 1302 3947 -

182 4029 212 4090 p.
240 4017 312 4074 138.
343 4008 424 4094 ὅπερ
454 4005 507 4072 οὖν
536 4007 610 4094 ἄρτι
640 4002 762 4092 ἄλογον,
799 4005 917 4072 ταύτὸν
939 4008 977 4071 τὸ
1000 4001 1077 4071 τίσω
1101 4005 1218 4070 καὶτὸ
1242 4001 1303 4083 ἔξω

157 4115 316 4200 ,πλῆθος
346 4113 379 4178 έν
408 4117 456 4200 τη]
485 4113 590 4200 νοητῷ
620 4113 831 4200 φαντάζεται.
868 4115 911 4190 ὡς
942 4109 996 4177 οὖν
1029 4108 1091 4190 έξω
1115 4123 1173 4176 τοῦ
1195 4123 1305 4196 νοεροῦ

183 4220 363 4303 διακόσμου
398 4223 522 4297 παντὸς
556 4218 659 4297 οὐδεὶς
694 4220 733 4284 ἄν
767 4217 931 4305 προέλθοι
965 4230 1037 4296 νοῦς
1072 4219 1153 4302 (παῖς
1184 4220 1244 4302 γάρ
1272 4217 1305 4281 ἐν

183 4326 272 4412 αὐτῷ
297 4326 481 4414 περιέχοιτο
498 4326 558 4410 ἄν),
583 4325 639 4390 καί
664 4327 707 4403 ὡς
731 4321 793 4403 ἔξω
817 4335 875 4389 τοῦ
899 4335 1039 4408 ψυχικοῦ
1061 4320 1194 4406 οὐδεμία
1218 4326 1303 4411 ψυχὴ

184 4433 382 4519 (περιέχοιτο
405 4435 465 4518 γάρ
491 4433 528 4496 ἄν
550 4431 607 4496 καί
631 4433 711 4518 αῦτη
744 4430 777 4495 ὲν
800 4427 847 4515 τῴ
871 4427 980 4514 οίκείηι
1004 4429 1195 4514 διακόσμῳ),
1220 4431 1304 4494 οὕτω

239 4556 295 4595 nist.
311 4555 370 4596 Phil.
399 4556 438 4595 τι.
455 4555 502 4594 vn.
1056 4537 1090 4589 37
