3130 4980
315 462 475 545 σώματος,
498 463 537 528 τδ
559 459 619 544 μὲν
635 461 871 546 βουλευόμενον,
895 461 933 527 τὸ
956 459 992 527 δὲ
1008 460 1253 547 προπολεμοῦν,
1277 454 1436 542 ἑπόμενον

315 566 351 635 δὲ
373 571 421 656 τηί
443 567 573 657 ἄρχοντι
605 567 729 658 καλιῇ
751 565 897 657 ἀνδρείᾳ,
929 565 1098 634 ἐπιτελοῦν
1127 569 1169 632 τά
1198 563 1435 652 βουλευθέντα,-

177 690 287 732 neruum
307 663 401 742 ’Ἐστι
424 685 538 742 ταῦτα.
584 674 656 741 Καὶ
685 675 878 764 ἀνδρεῖον
901 675 957 768 δή,
992 667 1100 758 οἶμαι,
1134 673 1239 760 τούτῳ
1273 679 1322 759 τῷ
1342 669 1436 759 μέρει

313 783 472 867 καλοῦμεν
494 780 550 848 ἕνα
574 780 720 864 ἕκαστον,
744 782 823 848 δ’ταν
838 780 938 848 αὐτοῦ
961 783 999 848 τὸ
1021 778 1195 865 θυμοειδὲς
1218 773 1362 867 διασῴζῃ
1379 775 1436 843 διά

312 298 366 361 276
492 271 495 276 ’
827 302 912 356 Puto.

313 912 348 954 τε
371 889 483 954 λυπῶν
505 887 563 954 καὶ
587 889 708 976 ἡδονῶν
730 891 768 955 τὸ
791 889 857 954 ὑπὸ
880 887 1055 972 τοῦλόγου
1079 885 1311 975 παραγγελθὲν
1334 884 1437 952 δεινόν

179 1011 288 1062 unientis
314 1019 349 1062 τε
371 994 430 1062 καὶ
451 997 507 1085 μή.
536 985 674 1082 Ὀρθῶς
697 984 741 1081 γ’,
765 991 838 1084 ἔφη.
885 994 1019 1074 Σοφύν
1042 992 1079 1060 δέ
1100 1017 1135 1080 γε
1157 991 1268 1080 ἐκείνην
1291 991 1341 1080 τῷ
1359 1013 1437 1075 σμι-

313 1100 381 1190 κρηῖ
410 1101 516 1190 μέρει,
552 1103 600 1188 τῷ
623 1099 641 1168 ὃ
671 1100 747 1190 ἦρχέ
769 1091 800 1167 τ’
827 1101 861 1168 ἐν
885 1099 975 1188 αύτῷ
998 1100 1182 1167 καὶταῦτα
1206 1099 1437 1188 παρήγγελλεν,

313 1204 384 1291 ἔχον
419 1206 460 1274 αὖ
494 1208 623 1275 κάκεῖνο
657 1207 840 1298 ἐπιστήμην
875 1207 908 1274 ἐν
937 1209 1026 1294 αύτῷ
1047 1209 1105 1297 τὴν
1132 1218 1191 1274 τού
1218 1204 1438 1295 ξυμφέροντος

314 1311 440 1402 ἑκάστην
475 1339 510 1382 τε
545 1314 602 1382 καί
640 1316 705 1402 tte
738 1314 786 1402 τῷ
820 1314 919 1402 κοινῷ
949 1328 1041 1405 σφῶν
1068 1313 1174 1380 αύτῶν
1202 1326 1301 1402 τριῶν
1329 1309 1438 1378 άντων.

148 1435 289 1476 continentia
316 1421 410 1486 Πάνυ
432 1420 492 1504 μὲν
515 1419 577 1488 οὖν.
627 1420 669 1487 Τί
691 1420 744 1503 δίς
775 1423 972 1511 σώφρονα
1009 1420 1046 1490 ού
1073 1420 1116 1512 τῇ
1148 1418 1246 1510 φιλίᾳ
1276 1417 1334 1486 καὶ
1357 1418 1439 1502 ξυμ-

312 1524 420 1616 φωνίηι
442 1530 482 1616 τῇ
505 1527 614 1594 αὐτῶν
636 1529 771 1609 τούτων,
795 1529 875 1596 ὅταν
898 1529 936 1596 τύ
958 1553 993 1595 τε
1016 1529 1111 1617 άρχον
1133 1527 1192 1594 καί
1212 1527 1258 1594 τὼ
1273 1523 1438 1614 ἀρχομένω

313 1635 351 1699 τδ
385 1634 568 1719 λογιστικὸν
603 1635 786 1718 ὁμοδοξῶσι
816 1636 883 1702 δεῖν
914 1635 1021 1722 άρχειν
1049 1635 1107 1702 καί
1140 1636 1186 1722 μὴ
1217 1631 1439 1713 στασιάζωσιν

313 1738 420 1826 αὐτῷ,
459 1742 655 1829 Σωφροσύνη
679 1753 762 1826 γοῦν,
784 1739 804 1830 ἦ
828 1731 863 1808 δ’
881 1743 925 1823 δ’ς,
949 1741 1007 1810 ούκ
1029 1741 1109 1808 ἀλλο
1132 1739 1167 1806 τί
1186 1739 1273 1808 ἐστιν
1296 1740 1439 1827 ἢτούτο,

314 1845 443 1924 πόλεώς
474 1871 509 1912 τε
538 1846 595 1913 καί
618 1844 760 1915 ἰδιώτου.
805 1837 907 1914 Ἀλλὰ
929 1847 989 1932 μὲν
1018 1849 1058 1937 δὴ
1081 1846 1210 1927 δίκαιός
1231 1871 1275 1933 γε,
1299 1831 1327 1933 ᾧ
1349 1846 1437 1912 πολ-

313 1953 408 2031 λάκις
431 1951 572 2038 λέγομεν,
596 1954 699 2041 τούτῳ
722 1953 780 2021 καὶ
803 1957 904 2033 ούτως
927 1951 1029 2021 ἔσται.
1075 1954 1189 2043 Πολλὴ
1212 1953 1363 2042 ἀνάγκηθ.

385 2129 414 2170 ει.
433 2113 497 2169 Tres
525 2113 606 2168 animi
633 2118 722 2185 partes
750 2118 803 2183 (ΒΡ
828 2115 912 2180 neue)
940 2117 1074 2186 comparat
1101 2131 1160 2168 eum
1184 2113 1271 2167 tribue
1299 2111 1436 2167 ordinibus

312 2204 431 2258 civitatis·
446 2209 490 2257 BP
508 2205 569 2259 279.

385 2327 415 2383 b.
436 2327 474 2382 Cf.
494 2333 538 2381 BP
557 2329 618 2384 270.
655 2329 756 2384 Musica
773 2332 816 2384 est
834 2329 950 2383 omnium
968 2330 1065 2383 artium
1081 2329 1286 2398 litterarumque
1304 2325 1432 2380 tractatio

314 2419 347 2468 ut
365 2416 445 2469 etium
464 2418 544 2486 λόγοι
562 2421 641 2472 καλοὶ
659 2422 687 2472 et
706 2421 740 2472 τά
757 2421 917 2492 μαθήματα
935 2417 968 2472 ad
982 2435 1039 2472 eam
1055 2419 1210 2485 referentem,
1228 2415 1332 2487 Repu
1345 2416 1399 2470 376
1408 2414 1439 2482 Ε,

315 2504 356 2556 III
374 2505 428 2559 410
437 2505 469 2559 Β.

386 2643 414 2688 ο.
434 2629 569 2700 Sapientia
587 2633 694 2704 (σοφία,
706 2635 844 2707 φρόνησις,
856 2635 1005 2706 ἐπιστήμη)
1023 2636 1051 2686 et
1068 2631 1198 2687 fortitudo
1216 2635 1244 2686 et
1262 2631 1441 2702 temperantia

315 2719 450 2788 pertinent
467 2720 501 2773 nd
520 2720 638 2788 singulas
656 2721 737 2774 animi
755 2724 843 2791 pentes
868 2725 939 2775 reete
957 2721 1085 2787 colendus,
1104 2721 1209 2775 iustitie
1232 2720 1266 2773 ed
1289 2722 1442 2776 universum

316 2809 432 2862 animum
450 2811 478 2862 et
496 2809 614 2878 partium
632 2809 844 2876 convenientiam,
864 2828 888 2864 v.
908 2816 951 2864 ΒΡ
970 2810 1031 2864 275.
1069 2809 1165 2866 Omnes
1184 2810 1298 2864 virtutes
1315 2810 1356 2864 ita
1368 2810 1442 2864 inter

317 2913 345 2950 se
363 2913 472 2950 conexae
491 2899 578 2962 eunt„
596 2899 628 2950 ut
652 2897 737 2950 altera
759 2915 811 2952 non
829 2899 914 2968 possit
939 2915 995 2952 esse
1014 2898 1070 2952 sine
1089 2899 1186 2966 ultera,
1215 2899 1331 2969 itemque
1350 2915 1441 2954 omnes

317 2983 449 3038 subiectae
468 2986 613 3055 supientiae
632 2988 685 3052 (BP
703 2985 775 3054 274),
795 2987 826 3041 ci.
845 2987 910 3057 Rep.
929 2986 980 3041 VII
997 2987 1084 3042 5181)
1113 2992 1145 3041 αἱ
1169 2989 1222 3060 μὲν
1246 2993 1340 3042 τοίνυν
1359 2991 1442 3041 (iiiuc

319 3075 413 3144 ἀρεταὶ
432 3076 600 3146 καλούμεναι
620 3085 711 3146 ψυχῆς
728 3077 939 3131 κινδυνεύουσιν
962 3079 1044 3146 ἐγγύς
1069 3097 1095 3131 τι
1114 3077 1185 3132 εἶναι
1205 3087 1259 3130 τῶν
1277 3087 1327 3130 τοῦ
1345 3079 1440 3149 σώμα-

318 3175 376 3222 τος·
415 3165 453 3230 τῴ
472 3167 532 3215 ὄντι
550 3166 604 3234 γὰρ
624 3165 673 3218 οὐκ
691 3167 803 3220 ἐνοῦσαι
822 3167 955 3239 πρότερον
981 3167 1094 3240 ὕστερον
1111 3167 1295 3238 ἐμποιεῖσθαι
1313 3166 1394 3219 ἔθεσί
1410 3183 1440 3219 τε

318 3255 365 3304 καὶ
394 3253 555 3318 ἀσκήσεσιν·
592 3254 660 3319 ἡδὲ
684 3264 735 3307 τοῦ
762 3264 899 3328 φρονῆσαι
927 3258 1032 3316 παντὸς
1058 3258 1165 3327 μᾶλλον
1193 3257 1336 3327 θειοτέρου
1364 3255 1441 3314 τινδς

318 3343 457 3410 τυγχάνει,
478 3343 512 3402 ὡς
531 3343 626 3407 ἔοικεν,
647 3340 725 3408 οὖσα,
745 3344 760 3396 ὃ
779 3345 827 3409 τὴν
845 3345 898 3416 μὲν
916 3343 1039 3416 δύναμιν
1054 3345 1188 3398 οὐδέποτε
1203 3343 1363 3406 ἀπόλλυσιν,
1384 3344 1441 3396 ὑπὸ

317 3429 350 3482 δὲ
369 3438 415 3496 τῆς
433 3441 606 3502 περιαγωγῆς
620 3434 762 3504 χρήσιμον
778 3437 825 3486 καὶ
844 3434 986 3504 ὠφέλιμον
1000 3437 1047 3486 καὶ
1067 3437 1205 3506 άχρηστον
1224 3427 1260 3484 αὗ
1277 3433 1325 3484 καὶ
1343 3433 1440 3497 βλαβε-

317 3520 365 3591 ρὸν
383 3524 518 3588 γίγνεται.

144 3749 302 3855 quantun
388 3750 465 3833 Rep.
489 3751 537 3816 VI
560 3753 671 3818 496E.
716 3739 819 3818 ’Λλλά
842 3775 903 3831 τοι,
928 3748 947 3838 η
971 3739 1005 3816 δ’
1023 3751 1072 3830 ὅς,
1097 3749 1133 3816 οὐ
1155 3751 1199 3815 τὰ
1222 3747 1378 3831 ἐλάχιστα
1401 3749 1488 3814 tvm

320 3856 586 3942 διαπραξάμενος
611 3858 641 3941 (ὁ
664 3856 862 3946 φιλόσοφος,
889 3854 923 3923 εἴ
943 3883 991 3946 πη
1015 3855 1112 3936 αύτδς
1134 3857 1286 3942 καδαρδς
1307 3852 1440 3934 ἀδικίας
1553 3929 1554 3932 ¹

276 3984 282 3996 ·
318 3987 353 4030 τε
376 3962 433 4028 καί
456 3961 593 4030 ἀνοσίων
616 3960 716 4050 ἔργων
738 3965 800 4046 ζτδν
822 3963 942 4034 ἐνθάδε
963 3961 1035 4048 βίον
1056 3964 1236 4048 βιώσεται,)
1266 3961 1441 4028 ἀπαλλάτ-

319 4093 420 4135 τοιτο.
450 4067 535 4136 otte
550 4092 593 4154 γε,
617 4063 721 4152 εἶπον,
745 4073 787 4136 τά
808 4069 956 4156 μέγιστα,
979 4072 1024 4158 μὴ
1039 4071 1143 4152 τυχὼν
1166 4066 1339 4148 πολιτείας
1354 4093 1439 4156 προ·
1552 4151 1553 4160 ¹

319 4176 495 4264 σηκούσης·
531 4175 565 4242 ἐν
594 4178 654 4264 γάρ
686 4178 892 4265 προσηκούσῃ
923 4175 1020 4255 αὐτὸς
1048 4200 1083 4242 τε
1112 4176 1236 4260 μᾶλλον
1266 4174 1441 4264 αὐξήσεται

320 4279 378 4345 καὶ
399 4283 485 4363 μετάΙ
499 4295 564 4348 τῶν
579 4278 671 4349 ἰδίων
686 4285 728 4348 τά
744 4285 838 4350 κοινά
853 4285 951 4350 σώσει
958 4294 979 4348 ⁸.
994 4323 1035 4331 -
1048 4285 1124 4366 Leg.
1134 4284 1182 4349 IV
1197 4293 1259 4350 707
1275 4283 1309 4349 O.
1339 4272 1441 4348 Ἀλλά

319 4387 381 4471 γάρ
415 4385 660 4471 ἀποβλέποντες
693 4400 746 4455 νύν
779 4390 864 4473 πρὸς
898 4386 1070 4468 πολιτείας
1099 4389 1212 4477 ἀρετὴν
1241 4388 1300 4456 καὶ
1333 4390 1442 4478 χώρας
