3146 4982
287 321 341 381 442
728 319 875 380 Academici
895 328 961 380 novi.

289 480 549 571 ἐμβριθέστατος
577 485 635 550 καὶ
658 486 929 574 φιλογράμματος
957 483 1075 566 ἱκανῶς
1098 488 1263 573 γενόμενος
1286 490 1410 576 η’πτετο

289 589 346 654 καὶ
370 603 552 680 ποιητικῆς.
577 630 619 640 -
650 601 701 658 32.
725 592 898 681 Κράτητος
921 591 958 658 dd
981 592 1170 672 ἐκλιπόντος
1193 592 1328 676 κατέσχε
1351 595 1411 682 τὴν

289 697 411 786 σχολήν,
447 697 687 787 ἐκχωρήσαντος
723 698 815 786 αὐτῷ
839 697 1049 787 Σωκρατίδου
1083 702 1179 778 τινός.
1218 702 1274 766 διὰ
1304 699 1341 766 δὲ
1371 702 1411 767 τὸ

289 803 366 891 περὶ
379 804 511 870 πάντων
527 805 654 888 ἐπέχειν
669 805 742 873 οὐδὲ
757 804 893 891 βιβλίον,
911 804 995 895 φασί
1012 832 1102 888 τινες,
1118 807 1348 895 οονέχροιιμενᾶ.
1366 847 1410 854 -

245 927 247 932 ’
289 919 341 977 45.
366 911 384 976 d
408 911 444 976 de*
467 910 698 1001 προειρημένος
721 913 911 1002 φιλόσοφος,
936 913 1029 992 καθά
1045 935 1145 1001 φησιν
1158 903 1412 1000 Ἀπολλόδωρος

288 1013 321 1082 ἔν
356 1021 545 1104 Χρονικοῖς,
589 1017 712 1106 ἤκμαζε
744 1018 842 1112 περὶ,
863 1021 920 1108 τὴν
954 1016 1101 1108 εἰκοστὴν
1135 1019 1192 1086 καὶ
1233 1017 1412 1108 ἑκατοστὴν

287 1111 498 1207 Ὀλυμπιάδα
522 1126 563 1210 (a.
589 1128 806 1211 eoo-4296».

360 1248 527 1319 scripserunt
552 1251 584 1303 de
602 1249 749 1305 Arcesilao:
775 1251 806 1305 A,
827 1249 938 1319 Goffers,
963 1271 1050 1324 progr.
1075 1271 1163 1322 gymn.
1189 1252 1308 1321 Gotting.
1330 1253 1410 1306 1841.

286 1337 379 1392 Hirzel
397 1339 439 1392 111
457 1340 541 1409 22sq.
575 1339 620 1393 Br.
640 1340 724 1406 1112,
745 1341 843 1410 181sq.
877 1342 902 1396 Z.
922 1341 963 1395 111
983 1339 1020 1396 1⁸
1038 1345 1090 1397 491
1101 1361 1140 1413 sq.

359 1459 387 1502 a.
407 1445 465 1500 ¹Cic.
484 1446 518 1500 de
537 1445 611 1500 Orat.
631 1447 671 1500 ΙΠ
689 1447 723 1502 67
752 1449 832 1516 quem
855 1447 1022 1514 (Arcesilam)
1041 1449 1140 1515 ferunt
1164 1450 1265 1512 eximio
1288 1449 1411 1518 quodam

286 1549 372 1588 asum
396 1535 486 1604 tepore
512 1535 624 1590 dicendi
643 1565 676 1574 —-
692 1537 816 1604 primam
838 1537 992 1592 instituisse
1015 1541 1193 1610 (quamquam
1222 1539 1254 1595 id
1276 1539 1336 1604 tuit
1360 1537 1412 1592 So-

287 1623 424 1676 craticum
437 1624 564 1688 momine)
582 1641 639 1678 raon
657 1625 726 1694 quid
739 1626 798 1694 ipse
811 1627 927 1680 sentiret
941 1627 1089 1695 ostendere,
1107 1627 1156 1682 sed
1174 1633 1273 1682 contro
1290 1627 1322 1680 id
1336 1627 1413 1696 quod

289 1711 402 1780 quisque
420 1727 447 1765 se
466 1711 567 1766 sentire
586 1712 700 1766 dixisset
719 1713 871 1783 disputare.

358 1817 388 1873 b.
415 1818 528 1872 Athenis
547 1819 627 1872 etiem
645 1819 821 1890 Hipponicum
839 1824 1000 1889 geometram
1018 1823 1131 1876 audivit:
1150 1821 1226 1891 Diog.
1245 1820 1282 1876 lv
1301 1823 1344 1876 32.

359 1939 385 1979 o.
409 1923 570 1996 Disputandi
593 1929 621 1980 et
645 1927 783 1980 dubitandi
808 1929 896 1982 studio
921 1929 1040 1982 imbutus
1064 1947 1120 1983 esse
1145 1929 1242 1983 dicitur
1260 1929 1412 1983 imitatione

288 2010 432 2068 Menedemi
450 2018 479 2068 et
498 2009 607 2069 Diodori
625 2019 654 2068 et
671 2015 827 2084 Pyrrhonis:
848 2017 924 2086 Diog.
944 2017 982 2070 IV
996 2019 1042 2084 333
1061 2017 1173 2072 Numen.
1193 2035 1234 2088 ap.
1254 2017 1348 2072 Euseb.
1364 2017 1410 2073 Pr.

287 2101 333 2156 Ev.
353 2103 416 2155 XlV
433 2103 459 2158 5.
479 2105 510 2170 6;
534 2104 605 2160 Sext.
624 2105 718 2172 Pyrrh.
738 2105 751 2158 Ι
769 2106 830 2159 234.
868 2105 920 2159 Sed
944 2107 976 2159 ab
1000 2107 1093 2160 iisdem
1116 2108 1196 2160 etiam
1215 2108 1321 2161 Platoni
1345 2109 1412 2160 assi-

288 2191 338 2246 due
357 2191 490 2252 studuisse
508 2197 640 2248 narratur.
677 2194 864 2260 DeCrantore
882 2213 905 2248 v.
924 2201 968 2250 BP
987 2196 1072 2250 2960.

358 2297 388 2350 d.
414 2297 487 2351 Idem
511 2299 632 2368 perhibet
659 2301 731 2354 Plut.
756 2301 788 2354 dc
812 2300 884 2354 Fort.
903 2301 977 2355 Alex.
997 2303 1011 2354 I
1028 2302 1047 2355 4
1064 2319 1088 2371 p.
1108 2303 1169 2356 328.
1206 2303 1260 2356 Alii
1278 2301 1312 2354 ad
1331 2301 1412 2354 Arce·

288 2386 363 2438 silam
382 2401 472 2440 eorum
486 2389 593 2457 operum
611 2389 715 2459 aliquot
732 2390 858 2457 tetemet,
878 2401 951 2460 quae·
963 2391 1040 2460 vulgo
1059 2391 1195 2445 Crantoris
1213 2407 1270 2444 esee
1288 2390 1412 2444 diceban·

288 2477 344 2528 tur:
363 2475 440 2543 Diog.
458 2475 496 2528 IV
514 2477 557 2530 24.

359 2595 385 2636 c.
412 2581 463 2634 Sed
481 2599 540 2636 oum
558 2584 614 2652 ipse
633 2587 752 2637 mortuus
771 2601 828 2638 esse
848 2586 952 2638 dicatur
970 2603 985 2638 a
1003 2577 1079 2654 Diog.
1099 2586 1147 2640 IV„
1155 2587 1190 2659 44
1215 2585 1411 2656 septuagesimo

288 2671 380 2740 quinto
399 2672 496 2724 aetatis
516 2687 595 2738 anno,
623 2673 738 2740 Lacydes
757 2677 861 2740 autem,
891 2691 1025 2728 successor
1043 2675 1112 2740 eins,
1139 2657 1411 2743 scholam'acoepisee

287 2759 327 2813 01.
350 2760 414 2826 134,
439 2761 509 2827 4(a.
529 2761 592 2826 241)
616 2761 650 2814 ib.
671 2763 718 2828 61,
748 2779 858 2832 cumque
876 2763 929 2816 iam
954 2763 1109 2833 Epicurum,
1138 2764 1184 2832 qui
1208 2761 1275 2816 obiit
1302 2779 1326 2815 a.
1345 2764 1410 2829 270,

287 2865 364 2916 aegre
383 2850 476 2904 tulisse
494 2849 621 2904 Arcesilai
645 2850 756 2918 gloriam
774 2854 890 2904 testetur
907 2853 979 2912 Plut.
999 2853 1055 2906 adv.
1075 2851 1159 2906 Colat.
1179 2853 1255 2918 26,1
1282 2870 1307 2921 p.
1330 2854 1411 2918 1126,

287 2937 439 3010 Apollodori
457 2938 607 2991 memoriam
626 2939 794 3008 depravatam
813 2933 870 2992 esse
889 2943 1006 3009 apparet.
1042 2941 1183 2994 'Intereidit
1200 2939 1312 2994 fortasse
1331 2943 1412 3008 ἕκτην

286 3031 333 3079 καὶ
352 3009 413 3078 aitte
431 3031 563 3094 εἰκοστήν,
588 3045 649 3080 nem
665 3045 689 3082 a.
708 3029 862 3082 276-—272
881 3028 1031 3084 Arcesilaus
1051 3030 1158 3083 videtur
1177 3029 1316 3100 διαδοχὴν
1339 3047 1412 3084 acoe-

180 3104 184 3110 ’
287 3114 364 3184 pisse.
401 3114 439 3170 Cf.
458 3115 486 3170 Z.
504 3115 546 3170 III
565 3113 602 3170 1⁸
620 3117 682 3172 492.

357 3257 419 3323 Cio.
443 3261 498 3322 Ao.
521 3256 606 3323 144.
653 3253 734 3324 Cum
759 3259 883 3324 Zenone
905 3298 959 3337 .-,
983 3262 1225 3344 ut'eooepimus,
1248 3262 1410 3342 Arcesilas
1421 3283 1462 3322 ear

289 3365 348 3429 sibi
372 3385 463 3430 omne
488 3367 650 3429 certamen
671 3365 822 3443 instituit,
845 3385 909 3429 non
932 3361 1106 3450 pertinacia
1131 3369 1187 3430 aut
1210 3367 1317 3431 studio
1340 3369 1411 3430 vin-

288 3471 391 3550 cendi,
421 3475 459 3536 ut
485 3467 566 3536 mihi
591 3471 720 3554 quidem
743 3473 885 3550 videtur,
916 3473 971 3537 sed
1002 3491 1114 3537 earum
1137 3493 1250 3558 rerum¹
1268 3475 1412 3562 obscuri-

287 3581 369 3655 tate,
401 3597 482 3660 quae
514 3579 554 3643 ad
585 3575 815 3643 confessionem
838 3579 1044 3661 ignorationis
1075 3581 1273 3644 adduxerant
1297 3581 1411 3644 Socra-

287 3687 362 3748 tem.
393 3721 436 3730 -
467 3692 519 3750 45.
543 3686 661 3766 Itaque·
681 3686 842 3749 Arcesilas
866 3688 1004 3767 negabat
1029 3705 1098 3751 esse
1123 3685 1299 3767 quidquam
1324 3687 1411 3766 quod

287 3793 360 3856 sciri
383 3795 499 3875 posset,
522 3809 562 3855 no
586 3791 667 3855 illud
692 3793 822 3872 quidem
845 3793 951 3875 ipsum
969 3793 1054 3874 quod
1079 3793 1227 3857 Socrates
1251 3793 1312 3855 sibi
1335 3791 1410 3856 reli-

287 3887 426 3980 quisset:
458 3899 503 3963 sio
527 3897 633 3962 omnia
662 3897 763 3976 latere
788 3900 939 3963 censebat
968 3900 1001 3962 in
1032 3899 1170 3976 occulto,
1202 3917 1306 3978 neque
1338 3915 1408 3960 esse

288 4005 464 4088 quidquam
489 3995 573 4086 quod
590 3995 686 4068 corni*
700 4008 758 4068 aut
781 4006 925 4086 intellegi
948 4007 1065 4088 posset.
1098 4005 1221 4083 Quibus
1245 4004 1408 4068 decausis

286 4111 367 4176 nihil
396 4114 541 4195 oportere
571 4129 675 4193 neque
706 4112 847 4194 profiteri
868 4103 981 4194 ¹neque
1012 4102 1180 4175 adfirmare
1211 4127 1408 4191 quemquem

286 4239 390 4300 neque
416 4219 603 4283 adsensione
628 4219 802 4301 approbare
827 4219 1035 4300 cohibereque
1060 4235 1185 4300 semper
1209 4219 1241 4280 et
1265 4217 1305 4280 ab
1322 4217 1408 4280 omni

287 4325 380 4408 lapsu
404 4327 564 4390 continere
589 4326 816 4402 temeritatem,
842 4345 923 4408 quae
948 4328 1020 4390 tum
1041 4327 1129 4389 esset
1152 4324 1303 4405 insignis,
1334 4343 1407 4388 cum

288 4433 345 4494 aut
360 4430 442 4494 falsa
459 4433 516 4494 aut
531 4432 692 4513 incognita
706 4449 757 4495 res
774 4433 1019 4514 approbaretur;
1035 4450 1139 4513 neque
1155 4431 1215 4496 huo
1232 4429 1407 4512 quidquam

1559 367 1561 462 ι

1559 637 1561 766 t

1557 907 1561 1026 1
