3148 4984
280 348 336 410 54⁰
750 349 939 420 Nooplatonici.

281 511 498 599 μεθημερινὸν
513 499 599 598 παρ’
618 509 719 598 ἡλίου.
747 508 800 574 διδ
815 507 890 574 οὐδὲ
905 509 1000 595 ῥητὸν
1015 506 1089 573 οὐδὲ
1111 506 1260 594 γραπτόν
1275 517 1403 595 φησιν’.

282 617 367 683 ἀλλὰ
389 615 522 702 λέγομεν
545 615 602 682 καὶ
625 615 791 704 γράφομεν
814 611 1002 697 πέμποντες
1029 611 1077 691 εἰς
1100 611 1179 679 αὐτὸ
1201 611 1260 679 καὶ
1283 610 1405 698 δνεγεῖ-

283 747 391 808 ροντες
421 722 457 790 ἐκ
486 735 552 788 τῶν
581 720 684 807 λόγων
713 719 772 786 ἐπὶ
801 722 859 808 τὴν
888 718 973 785 θέαν
995 721 1107 806 ὥσπερ
1130 719 1206 786 δδδν
1228 719 1406 797 δεικνύντες

282 831 330 916 τῷ
358 854 391 895 τι
421 828 617 894 θεάσασθαι
645 823 840 914 βουλομένῳ.
870 824 965 914 μέχρι
995 828 1056 913 γὰρ
1087 838 1144 914 της
1167 825 1244 891 ὁδοῦ
1265 823 1323 891 καὶ
1346 838 1406 913 τῆς

282 934 420 1024 πορείας
453 932 640 1023 ἡδίδαξις,
676 936 695 1022 ἡ
730 933 767 999 δέ
800 931 867 1000 θέα
902 931 1003 999 αὐτοῦ
1034 928 1127 1020 ἔργον
1157 929 1218 1020 ἤδη
1242 943 1300 998 τοῦ
1324 928 1407 998 ἰδεῖν

281 1040 525 1131 βεβουλημένον.
560 1038 589 1106 εὶ
612 1039 648 1108 δέ
669 1041 715 1128 μὴ
738 1037 823 1128 ἦλθέ
845 1064 896 1117 τις
919 1037 978 1106 ἐπὶ
1001 1040 1039 1105 τὸ
1061 1037 1186 1122 θέαμα,
1209 1037 1292 1126 μηδὲ
1315 1039 1405 1104 σόνε-

281 1171 335 1216 οιν
357 1145 445 1231 ἔσχεν
466 1150 486 1236 ἡ
508 1149 596 1235 ψυχὴ
627 1159 685 1235 της
715 1145 783 1212 ἐκεῖ
804 1145 945 1232 ἀγλαΐας
972 1144 1056 1234 μηδὲ
1078 1141 1191 1211 ἔπαθε
1213 1143 1295 1233 μηδὲ
1317 1138 1408 1226 ἐσχεν

282 1254 316 1322 ἐν
340 1251 445 1342 ἐαυτῷ
468 1245 536 1320 οἷον
565 1253 720 1341 ἐρωτικὸν
742 1251 890 1341 πάθημα
920 1251 957 1318 ἐκ
978 1263 1037 1318 τοῦ
1059 1247 1140 1317 ῖδεῖν
1162 1250 1302 1338 ἐραστοῦ
1322 1247 1356 1318 ἐν
1379 1235 1406 1337 ᾦ

283 1361 341 1451 ἐρᾷ
357 1359 642 1446 ἀναπαυσαμένου,
666 1359 838 1443 δεξάμενος
851 1357 912 1443 μὲν
927 1361 938 1398 ¹
962 1372 1034 1447 φῶς
1048 1357 1206 1446 ἀληθινὸν
1220 1356 1277 1423 καὶ
1294 1369 1407 1423 πᾶσαν

283 1471 340 1557 τὴν
370 1469 476 1556 ψυχὴν
498 1464 727 1555 περιφωτίσας
758 1466 815 1532 διὰ
845 1467 883 1532 τδ
906 1463 1064 1553 ἐγγυτέρω
1087 1463 1259 1550 γεγονέναι,
1288 1463 1406 1548 ἀναβε-

283 1575 418 1664 βηκὼς’
439 1573 476 1640 δέ
491 1569 540 1639 ἐτι
556 1571 789 1661 όπιοθοβαρὴς
811 1571 975 1660 ὑπάρχων,
999 1569 1021 1636 ἃ
1044 1569 1190 1656 ἐμπόδια
1213 1569 1250 1659 ἦν
1272 1569 1315 1660 τῇ
1329 1569 1406 1658 θέᾳ,

283 1680 341 1746 καὶ
365 1679 401 1746 οδ
423 1681 519 1764 μόνος
542 1679 764 1768 ἀναβεβηκώς,
795 1667 872 1744 ἀλλ’
890 1675 967 1761 ἔγωγ
992 1679 1031 1744 τὸ
1053 1679 1193 1765 διεῖργον
1216 1667 1278 1742 ἀπ’
1298 1675 1406 1758 αὐτοῦ,

283 1787 304 1876 ἢ
325 1788 428 1876 μήπω
451 1783 498 1865 εἰς
520 1781 554 1851 ἐν
576 1783 750 1867 συναχθείς
773 1784 823 1870 (οὐ
846 1787 907 1872 γὰρ
932 1784 971 1872 δὴ
994 1783 1133 1850 ἐν’πεστιν
1156 1782 1282 1861 οὐδενὸς
1305 1781 1407 1848 ἐκεῖνο

284 1892 341 1960 καὶ
365 1892 498 1958 πάντων
520 1891 570 1974 δέ,
602 1894 685 1958 ὥστε
708 1892 817 1978 παρὸν
838 1893 884 1980 μὴ
907 1895 1064 1979 παρεῖναι
1086 1879 1203 1978 ἀλλ’ἢ
1225 1894 1297 1966 τοῖς
1319 1887 1406 1970 δέχε-

284 2005 370 2066 σθαι
394 1997 583 2082 δυναμένοις
605 1997 663 2064 καὶ
679 1995 1008 2085 παρεσκευασμένοις,
1032 1999 1115 2061 ὥστε
1138 1995 1325 2084 ἐφαρμόσαι
1349 1994 1407 2060 καὶ

285 2098 353 2173 οἷον
376 2105 582 2194 ἐφάψασθαι
605 2103 663 2170 καὶ
685 2108 794 2191 θιγεῖν
817 2102 988 2192 ὁμοιότητι
1012 2101 1070 2168 καὶ
1092 2101 1135 2192 τῇ
1158 2097 1191 2168 ἐν
1214 2100 1327 2180 αὐτοῖς
1349 2102 1407 2166 δυ-

284 2213 377 2296 νόμει
406 2215 547 2297 συγγενεῖ
576 2209 646 2299 τῇΒ
675 2200 739 2276 ἀπ’
766 2209 881 2292 αὐτοῦ,
917 2209 995 2275 ὅταν
1025 2211 1127 2286 οὕτως
1150 2205 1220 2296 ἔχῃ,
1252 2209 1297 2286 ὡς
1326 2201 1408 2290 εἶχεν

282 2321 339 2386 ὅτε
354 2317 454 2407 ἦλθεν
477 2307 541 2383 ἀπ’
561 2315 667 2398 αὐτοῦ,
695 2315 755 2405 ἤδη
772 2317 964 2382 δύνασθαι*
987 2313 1068 2382 ῖδεῖν
1091 2315 1136 2392 ὡς
1161 2313 1307 2402 πέφυκεν
1322 2310 1407 2380 ἐκεῖ·

279 2440 339 2504 ’νος
361 2426 484 2502 θεατδς
506 2415 620 2508 εἷναι)·
643 2419 672 2489 εὶ
695 2419 749 2488 οὖν
771 2423 872 2512 μήπω
896 2420 985 2488 ἐστὶν
1008 2420 1083 2502 ἐκεῖ,
1118 2421 1202 2487 ἀλλὰ
1225 2422 1281 2486 διὰ
1303 2421 1408 2486 ταῦτά

287 2530 376 2598 ἐστιν
391 2527 454 2610 ἔξω
470 2531 490 2618 ἢ
506 2518 553 2594 δι’
572 2525 696 2595 ἔνδειαν
717 2539 776 2596 τοῦ
790 2529 1079 2614 παιδαγωγοῦντος
1103 2527 1197 2614 λόγου
1220 2526 1278 2593 καὶ
1293 2524 1408 2593 πίστιν

286 2635 364 2724 περὶ
400 2635 500 2702 αὐτοῦ
533 2633 769 2722 παρεχομένου,
809 2623 857 2700 δι’
885 2633 992 2700 ἐκεῖνα
1026 2633 1085 2718 μὲν
1118 2635 1215 2700 αὑτὸν
1248 2632 1282 2700 ἐν
1316 2631 1408 2721 αἰτίᾳ

286 2741 441 2810 τιθέσθω
464 2739 521 2807 καὶ
545 2741 722 2830 πειράσθω
745 2741 896 2820 ἀποστὰς
918 2741 1053 2806 πάντων
1075 2733 1172 2824 μόνος
1194 2733 1285 2806 εἶναι.

358 2881 386 2920 ε.
405 2865 575 2934 significatur
592 2866 684 2932 Plato,
711 2866 785 2919 ouius
809 2865 962 2919 testimonia
980 2865 1103 2919 Plotinus
1121 2865 1224 2918 nomino
1248 2881 1300 2918 non
1319 2863 1410 2916 andito

287 2956 402 3025 proferre
421 2955 489 3008 solet
507 2955 581 3008 volnt
599 2955 666 3008 Enn.
685 2955 770 3020 1119,
790 2958 814 3008 1.
1316 2985 1320 2990 -

278 3079 280 3082 ’
359 3060 387 3114 Si
411 3061 445 3114 ad
470 3061 718 3130 contemplationem
735 3060 821 3114 Unius
846 3060 1024 3130 pervenimus,
1054 3059 1139 3129 ipsius
1165 3059 1318 3112 intellectus
1342 3059 1410 3126 cogi·

288 3151 416 3204 tationem
434 3149 638 3204 contemnimus:
665 3149 732 3203 Enn.
751 3150 790 3202 VI
810 3149 833 3216 7,
853 3150 889 3204 35
915 3151 986 3204 οὕτω
1005 3150 1036 3204 δὲ
1055 3150 1192 3202 διάκειται
1210 3150 1285 3212 τότε,
1311 3151 1346 3209 ὡς
1363 3153 1410 3201 καὶ

288 3251 338 3295 τοῦ
356 3246 429 3293 νοεῖν
446 3245 640 3310 καταφρονεῖν,
661 3240 676 3292 ὃ
695 3242 743 3292 τὸν
758 3242 842 3292 ἄλλον
856 3240 960 3310 χρόνον
979 3240 1122 3304 ἠσπάζετο,
1142 3239 1185 3292 ὅτι
1203 3239 1235 3290 τὸ
1248 3243 1324 3292 νοεῖν
1336 3243 1409 3304 κίνη-

288 3335 332 3391 σίς
351 3349 392 3390 τις
409 3327 450 3396 ἦν.
487 3326 576 3380 Unum
600 3345 661 3381 voro
686 3328 788 3381 animus
812 3345 865 3381 non
883 3327 1078 3397 oontemplatur
1095 3325 1147 3380 nisi
1165 3325 1317 3378 intellectu:
1341 3324 1408 3378 Enn.

247 3439 250 3445 ·
288 3417 302 3470 I
320 3417 345 3484 8,
365 3417 382 3470 2
401 3419 417 3483 ἡ
435 3417 467 3471 δὲ
486 3418 589 3478 ἔξωθεν
607 3422 670 3490 περὶ
689 3428 789 3470 τοῦτον
806 3419 866 3484 (τὸν
884 3416 960 3481 νοῦν)
975 3418 1133 3488 χορεύουσα
1153 3416 1230 3485 ψυχὴ
1249 3419 1311 3488 περὶ
1326 3416 1410 3467 αὐτόν

288 3509 429 3574 βλέπουσα
453 3510 499 3559 καὶ
518 3509 550 3559 τὸ
569 3510 634 3560 εἴσω
659 3509 745 3560 αὐτοῦ
763 3509 888 3579 θεωμένη
906 3507 955 3558 τὸν
972 3507 1039 3558 θεὸν
1058 3501 1099 3558 δι’
1118 3506 1204 3557 αὐτοῦ
1221 3507 1322 3570 βλέπει.
1359 3501 1410 3556 sed

289 3611 340 3664 quo
358 3593 434 3647 modo
452 3594 527 3647 nobis
545 3593 657 3648 exsistat
674 3595 868 3664 contemplatio,
886 3610 939 3647 non
957 3596 1047 3664 potest
1064 3593 1189 3646 describi:
1207 3592 1279 3659 vlo,
1290 3592 1324 3646 19
1345 3589 1406 3646 οὐδ’

281 3685 325 3748 Ἰἂν
343 3683 490 3754 τολμήσειέ
506 3703 547 3744 τις
566 3683 634 3736 ἰδὼν
651 3684 692 3738 ἔτι
710 3686 742 3736 τὸ
760 3687 796 3744 ὡς
815 3688 913 3751 συνέβη
931 3685 1034 3752 λέγειν,
1062 3681 1113 3735 nisi
1138 3681 1208 3750 qnod
1232 3681 1278 3750 qui
1295 3683 1411 3734 contom-

289 3770 380 3840 platur
405 3770 508 3824 omnino
532 3771 637 3840 patiens
655 3775 697 3824 est
717 3766 777 3825 οἷον
801 3773 866 3839 ὑλην
890 3771 990 3826 ἑαυτὸν
1008 3771 1174 3843 παρασχών;
1198 3768 1265 3823 Εοο.
1284 3769 1322 3822 Ν
1339 3770 1366 3835 4,
1385 3769 1409 3835 2,

289 3859 320 3912 oi.
339 3858 377 3910 VI
397 3859 421 3924 7,
441 3859 483 3912 16.
526 3857 587 3928 Ipsa
612 3859 797 3929 contemplatio
826 3859 924 3912 dicitur
946 3861 1073 3928 tanquam
1097 3858 1210 3912 ebrietas
1235 3858 1316 3912 animi
1339 3875 1410 3911 osse:

277 3946 327 4000 ,Ἦ
346 3947 370 4014 7,
384 3947 419 4001 35
438 3953 593 4019 μεθυσθεὶς
611 3959 661 4001 τοῦ
675 3953 809 4022 νέκταρος,
828 3949 870 4002 vol
887 3949 959 4002 furor
977 3948 1031 4002 sivo
1046 3949 1185 4008 ἐκστασιςε
1204 3946 1270 4000 Enn.
1289 3947 1409 4014 V19,11

291 4038 446 4107 ἁρπασθεὶς
464 4039 480 4102 ἢ
498 4038 686 4098 ἐνθουσιόσας
710 4063 744 4074 -
770 4039 897 4098 ἔκστασις
914 4042 961 4090 καὶ
981 4039 1118 4100 ἅπλωσις,
1146 4036 1188 4090 vol
1213 4037 1342 4105 correptio
1365 4051 1411 4106 per

288 4123 383 4177 doum:
401 4123 425 4176 V
443 4125 469 4190 8,
489 4123 524 4179 10
543 4127 598 4179 ὑπὸ
616 4131 686 4179 θεοῦ
697 4130 880 4196 κατασχεθεὶς
894 4127 1080 4196 φοιβόληπτος
1098 4129 1114 4192 ἢ
1129 4127 1184 4179 ὑπό
1203 4127 1409 4192 τιυυςΜοόσης.

363 4284 390 4350 1)
417 4285 568 4358 δεξόμενος
589 4285 644 4358 μὲν
665 4283 778 4338 Miller:
808 4285 961 4357 δεξόμενον
986 4285 1016 4339 δὲ
1035 4285 1104 4339 libri.
1133 4315 1168 4324 -
1196 4285 1224 4350 θ)
1243 4285 1412 4354 ἀναβεβηκὼς

290 4371 400 4426 Miller:
420 4375 615 4442 ἀναβεβηκέναι
632 4373 702 4426 libri.
726 4402 761 4412 -
786 4373 814 4438 3)
833 4377 866 4446 τῇ
883 4372 994 4427 Miller:
1013 4377 1050 4442 τῷ
1069 4374 1138 4428 libri.
1162 4403 1198 4412 -
1221 4375 1250 4438 4)
1268 4374 1412 4428 δύνασθαι

289 4459 399 4514 Miller:
418 4461 536 4516 δύναται
554 4461 623 4516 libri.
