3148 4984
290 334 345 396 &2
754 336 943 406 Neophtoniei.

291 497 480 566 intelligibiles,
500 513 566 566 qnae
583 513 636 550 non
654 497 710 550 sint
727 513 758 550 ex
776 513 882 567 corpore
900 495 1032 558 stenima
1050 495 1155 560 mixtae,
1174 494 1266 548 deinde
1284 492 1415 563 numquid
1456 509 1459 516 ’

190 601 193 606 ·
292 586 395 658 possint
419 602 476 640 esse
500 585 527 640 di
552 585 690 658 compositi
714 586 826 656 quaerit.
862 585 1005 656 Propterea
1023 583 1255 638 demonstrandum
1272 586 1331 636 erat
1350 585 1416 644 τοὺς

292 671 353 729 κατ’
372 677 489 747 οὐρανὸν
506 677 640 748 έμφανεῖς
658 676 741 736 θεούς
758 675 829 728 εἶναι
848 676 979 747 τρόπον
999 675 1076 726 τινά
1096 675 1268 746 ἀσωμάτους.

205 779 229 821 di
244 781 266 844 *ξὲ
368 781 398 836 ἀ.
417 779 545 834 simfliter
568 780 668 834 iudicet
693 779 724 834 de
743 780 891 834 differentia
914 780 984 833 inter
1002 779 1064 832 deos
1082 782 1111 832 ot
1128 779 1230 848 genios,
1255 796 1413 849 quemqnam

204 844 266 884 genu
293 857 412 924 concedit
424 870 472 922 hos
488 869 575 922 minus
589 869 730 939 perfectam
744 872 867 922 naturam
880 869 977 921 habere
995 872 1102 938 proptor
1121 885 1214 938 corpus
1227 867 1241 922 Ι
1254 869 1290 923 20
1303 887 1329 938 p.
1340 871 1373 923 63
1383 869 1413 922 P.

293 962 326 1013 ού
344 961 376 1013 τὸ
394 969 449 1011 τῶν
463 961 599 1030 σωμάτων
619 956 667 1011 ούν
680 959 876 1031 ἐπιμελεῖσθαι
891 962 967 1031 φέρει
986 959 1047 1011 τινά
1066 960 1215 1012 ἐλάττωσιν
1234 953 1274 1018 οἷς
1289 961 1420 1029 ὑπηρετεῖΙ

293 1051 325 1101 τὸ
344 1058 433 1120 σῶμα,
452 1052 498 1100 καὶ
517 1051 662 1117 συνέχεται
682 1049 737 1100 ὑπὸ
755 1057 805 1100 τοῦ
817 1051 971 1118 κρείττονος
989 1051 1034 1099 καλ
1050 1049 1240 1118 ἀπέστραπται
1258 1050 1328 1120 πρὸς
1347 1051 1414 1102 αὐτὸ

292 1141 338 1190 καὶ
358 1137 441 1190 οὐδὲν
458 1135 599 1209 ἐμπόδιον
617 1137 690 1205 αὐτῷ
705 1139 828 1208 παρέχει,
848 1136 917 1190 ἀλλά
932 1137 964 1190 τὸ
978 1139 1010 1208 τῇ
1024 1139 1209 1210 γενεσιουργῷ
1228 1139 1311 1207 φύσει
1326 1154 1414 1209 προσ-

293 1231 405 1280 κεῖσθαι
430 1230 477 1279 καὶ
498 1228 661 1298 μερίζεσθαι
686 1221 754 1294 παρ’
772 1226 858 1292 αὐτὴν
882 1226 911 1288 ἐξ
937 1227 1057 1293 ἀνάγκης
1075 1225 1294 1298 καταδεεστέραν
1309 1232 1415 1300 μοῖραν

293 1315 396 1368 δίδωσι
415 1320 473 1374 τοῖς
488 1314 631 1386 δαίμοσιν.
651 1315 718 1374 ὅλως
736 1314 767 1368 δὲ
787 1316 819 1366 τὸ
832 1315 886 1386 μὲν
900 1316 979 1367 θεῖόν
997 1315 1074 1367 ἔστιν
1092 1315 1255 1386 ἡγεμονικὸν
1272 1319 1319 1368 καὶ
1334 1323 1414 1386 προϊ·

294 1405 434 1476 στάμενον
460 1411 506 1470 τῆς
530 1405 559 1457 έν
584 1409 642 1464 τοῖς
662 1399 724 1456 ούσι
743 1402 902 1466 διατάξεως,
922 1403 1082 1455 διακονικὸν
1101 1402 1132 1455 δὲ
1151 1405 1183 1455 τὸ
1201 1403 1352 1474 δαιμόνιον
1368 1408 1415 1456 καὶ

295 1493 527 1566 παραδεχόμενον
546 1493 618 1564 άπερ
637 1495 673 1544 ἀν
691 1493 933 1564 παρραγγείλωσιν
953 1494 980 1544 οἱ
998 1496 1067 1555 θεοί,
1092 1493 1244 1566 προθύμως
1263 1494 1414 1562 αὐτουργίᾳ

291 1583 437 1653 χρώμενον
462 1584 524 1653 περὶ
552 1574 590 1632 ὧν
613 1583 640 1634 οἱ
666 1584 730 1634 θεοὶ
757 1583 856 1634 νοοῦσί
879 1598 907 1634 τε
932 1583 980 1632 καὶ
997 1582 1145 1648 βούλονται
1163 1584 1210 1633 καὶ
1227 1582 1414 1634 ἐπιτάττουσι.

295 1678 443 1740 τοιγαροῦν
462 1671 490 1721 οἱ
508 1673 569 1722 tect
588 1679 642 1722 τῶν
659 1671 804 1742 penaunce
822 1673 862 1730 εἰς
880 1670 930 1735 τὴν
948 1673 1057 1738 γένεσιν
1075 1669 1221 1741 δινάμετύν
1239 1674 1310 1722 εἰσιν
1328 1672 1416 1736 ἀπηλ-

294 1761 434 1830 λαγμένοι,
454 1757 586 1830 δαίμονες
604 1757 635 1811 δὲ
654 1759 759 1810 τούτων
778 1759 811 1810 ού
830 1761 920 1832 πάντη
938 1761 1134 1832 καθαρεύουσι.

178 1931 269 2027 *iffi*
362 1935 410 2000 De
433 1935 565 2017 Mysten
590 1937 667 2017 Aeg.
690 1935 708 1999 I
732 1942 772 2000 18
803 1955 833 2019 p.
859 1943 900 2001 52
920 1935 955 2000 Ρ.
998 1924 1046 1998 Ἡ
1065 1923 1097 2000 δ’
1123 1932 1195 2021 ἑξῆς
1225 1932 1416 2023 ἐπιζήτησις
1425 1949 1467 1989 5³2

294 2027 376 2130 rici]
400 2040 570 2126 διαπορεῖ,
601 2052 674 2117 πῶς
699 2037 805 2104 αὐτῶν
829 2035 859 2106 oi
882 2038 941 2124 μέν
970 2037 1051 2106 εἰσιν
1074 2038 1295 2126 ἀγαθοποιολ,
1325 2038 1356 2106 oi
1380 2040 1417 2107 δὲ

294 2143 481 2213 κακοποιοί.
505 2143 662 2234 εἴληπται
684 2145 744 2230 μὲν
768 2143 822 2212 οὖν
845 2145 914 2213 ἀπὸ
936 2160 1000 2212 τῶν
1023 2147 1278 2232 γενεθλιαλόγων
1301 2149 1417 2236 αύτηη

296 2244 386 2334 δάξα,
411 2253 517 2342 πάντη
541 2252 578 2318 δὲ
600 2253 814 2340 διαμαρτάνει
837 2265 896 2319 τοῦ
918 2251 1018 2330 ύντος.
1053 2250 1180 2339 ἀγαθοί
1200 2277 1235 2331 τε
1258 2253 1319 2342 γάρ
1336 2251 1418 2320 εἰσιν

296 2364 439 2438 ἀπαντες
450 2359 507 2425 καὶ
519 2359 655 2446 ἀγαθῶν
670 2356 773 2425 αἴτιοι
783 2361 936 2438 ὡσαύτως
948 2361 1032 2448 πρὸς
1043 2358 1076 2425 ἕν
1087 2385 1120 2426 τι
1134 2359 1196 2446 ἀγα
1201 2362 1260 2426 δὸν
1272 2359 1417 2444 ἀποβλέ-

297 2489 413 2544 ποντες
438 2461 583 2544 ἓνοειδῶς
606 2465 819 2551 περιάγονται
843 2468 928 2531 κατὰ
950 2465 1049 2550 μόνον
1071 2467 1109 2532 τὸ
1132 2467 1232 2532 καλὸν
1255 2465 1312 2532 καὶ
1335 2465 1417 2553 ἀγα-

296 2571 388 2639 hove.
428 2571 465 2638 ού
493 2574 556 2662 μὴν
585 2571 669 2638 ἀλλά
696 2573 738 2637 τά
768 2596 803 2657 γε
832 2570 1027 2656 ὑποκείμενα
1058 2572 1170 2668 αὐτοῖς
1199 2574 1336 2657 σώματα
1360 2573 1418 2639 καὶ

297 2678 380 2744 αύτά
411 2678 591 2768 ἀμηχάνους
614 2679 694 2757 ὅσας
717 2675 781 2762 ἔχει
804 2679 954 2763 δυνάμεις
961 2730 969 2761 ,
993 2681 1054 2758 τάς
1075 2679 1135 2764 μὲν
1157 2663 1200 2746 ἓν·
1213 2679 1324 2758 αὐτοῖς
1347 2684 1419 2759 τοῖς

296 2782 405 2863 θείοις
434 2786 563 2869 σώμασι
592 2783 736 2870 μονίμως
764 2781 923 2868 ἑστώσας,
953 2789 1013 2864 τὰς
1042 2785 1079 2852 δὲ
1101 2774 1167 2851 ἀπ’
1186 2785 1292 2852 αὐτῶν
1319 2789 1418 2874 προϊ-

296 2893 396 2970 ούσας
425 2887 471 2969 εἷς
500 2893 557 2980 την
579 2891 676 2980 φύσιν
699 2902 757 2957 τοῦ
779 2891 900 2974 κόσμου
928 2890 985 2957 καὶ
1009 2891 1105 2958 αύτὸν
1128 2895 1183 2958 τὸν
1206 2892 1342 2976 κόσμον,
1367 2883 1416 2959 δι’

297 2991 375 3085 ὅλης
398 3021 433 3062 τε
456 3011 513 3086 της
536 2997 686 3084 γενέσεως
709 2995 847 3077 ἕντάξει
871 2999 1048 3077 κατιούσας
1063 2997 1120 3064 καὶ
1136 2997 1230 3087 μέχρι
1253 3014 1317 3066 τῶν
1332 3001 1419 3066 κατὰ

297 3102 395 3190 μέρος
418 3104 640 3182 διατεινούσας
664 3103 845 3183 ἀκωλύτως.

209 3253 277 3304 eausa
375 3241 403 3282 ιι.
423 3227 493 3280 Deos
511 3229 578 3281 nihil
597 3228 659 3281 mali
677 3228 777 3282 efficere
796 3229 940 3282 necessario
959 3247 990 3282 ex
1008 3231 1223 3284 antecedentibus
1242 3231 1418 3301 consequitur,

218 3295 269 3336 ”¹⁸¹¹
295 3309 346 3370 'nbi
373 3317 519 3386 ponebatur
546 3317 696 3370 absolutum
723 3334 802 3387 penes
827 3334 871 3370 eos
896 3319 1021 3372 materiae
1039 3319 1176 3388 imperium
1194 3336 1259 3373 esse.
1297 3317 1371 3384 Quod
1390 3335 1420 3372 ex

298 3406 433 3474 geniomm
451 3405 588 3458 effectibus
607 3405 745 3475 procedere
760 3406 866 3459 videtur
884 3405 989 3470 melum,
1008 3407 1036 3460 id
1050 3410 1188 3461 revocetur
1206 3408 1239 3460 ad
1257 3411 1348 3478 partes
1367 3425 1420 3462 cor·

298 3511 390 3564 porcas
409 3510 497 3548 eornm
516 3494 562 3563 qui
580 3494 687 3547 deornm
706 3495 815 3548 effectus
837 3494 865 3547 in
885 3511 912 3548 se
931 3495 1073 3565 recipient:
1097 3495 1132 3550 ib.
1151 3513 1177 3566 p.
1196 3495 1233 3550 54
1260 3497 1354 3570 ὥσπερ
1372 3494 1421 3550 οὖν

299 3585 332 3635 τὸ
349 3584 516 3656 γιγνόμενον
534 3593 584 3636 τοῦ
602 3587 681 3644 ὄντος
699 3594 832 3652 γεννητῶς
856 3588 904 3638 καὶ
929 3587 961 3637 τὸ
980 3594 1061 3656 σῶμα
1086 3595 1136 3644 τοῦ
1153 3587 1307 3658 ἀσωμάτου
1326 3601 1421 3657 σωμα-

299 3671 412 3732 τοειδως
428 3674 644 3750 μεταλαμβάνει,
665 3673 735 3726 ούτω
752 3677 800 3726 καὶ
819 3674 853 3726 τά
867 3673 898 3726 έν
914 3667 945 3746 τῇ
960 3678 1065 3742 γενέσει
1084 3675 1188 3746 φυσικά
1206 3678 1253 3730 καὶ
1271 3675 1353 3728 ἔνυλα
1369 3684 1422 3726 τῶν

301 3761 392 3812 ἀύλων
409 3764 456 3812 καὶ
477 3761 544 3834 ὑπὲρ
563 3761 612 3826 τὴν
631 3762 719 3830 φύσιν
736 3765 783 3812 καὶ
802 3764 911 3830 γένεσιν
924 3767 1060 3838 ,αἰθερίαν
1079 3765 1215 3835 σωμάτων
1234 3765 1357 3824 ἀτάκτως
1374 3767 1422 3816 καὶ

302 3849 466 3920 πλημμελῶς
485 3849 560 3902 ἔστιν
579 3849 651 3902 ὅπου
668 3852 882 3921 μεταλαμβάνει.
920 3847 969 3902 ssd
989 3849 1169 3904 admittuntur
1187 3851 1267 3904 ctiam
1285 3849 1348 3904 mali
1363 3850 1421 3904 dae·

300 3953 397 4004 mones,
417 3935 451 3988 ed
469 3953 534 4005 quos
553 3939 641 3990 temen
659 3953 720 3989 vera
739 3936 861 4005 theurgia
879 3937 945 3990 nihil
963 3939 1094 4008 pertinet:
1113 3937 1204 3994 11131
1224 3957 1249 4010 p.
1269 3940 1322 3994 176
1331 3939 1361 3993 P.

186 4126 276 4168 esne·
368 4115 415 4180 Ib.
432 4113 462 4177 V
480 4123 521 4180 23
545 4135 574 4198 p.
592 4122 655 4179 232
668 4113 703 4178 P.
750 4112 900 4201 Πέφυκεν
923 4113 972 4180 ἀεὶ
995 4127 1059 4180 τῶν
1082 4115 1269 4204 ἀκροτάτων
1291 4119 1472 4205 ticeps-5³³

208 4192 263 4232 pm
303 4217 398 4284 ουοιά
422 4232 479 4308 τῆς
502 4219 666 4303 δυνάμεως
689 4218 746 4285 καὶ
771 4218 803 4284 ἒν
825 4217 909 4305 τῷδε
931 4220 1095 4309 ὑπερέχειν
1117 4235 1181 4287 τῶν
1204 4223 1295 4305 ὅλων,
1320 4221 1353 4289 ἒν
1375 4225 1423 4310 τῷ

302 4329 457 4411 παρεῖναι
482 4337 584 4392 πᾶσιν
608 4325 642 4405 ἐξ
665 4322 737 4391 ἴσου
760 4327 817 4413 την
841 4324 939 4414 αὐτὴν
962 4324 1218 4410 ἀνεμποδίστως.
1258 4328 1423 4413 ἕλλάμπει

301 4429 407 4497 τοίνυν
421 4435 507 4496 κατά
523 4443 636 4498 τοῦτον
657 4433 714 4498 τὸν
737 4431 903 4517 λόγονκαὶ
926 4436 997 4512 τοῖς
1013 4432 1161 4516 ἐσχάτοις
1182 4436 1225 4500 τά
1248 4437 1423 4523 πρώτιστα
