3146 4982
623 338 699 390 Phile
717 313 835 391 Iudaeus.
1235 339 1286 398 49ῖ

167 493 457 581 ἀπομνημονεύσας
480 495 552 582 ἐρῶ.
599 493 686 580 ἔλεγε
708 496 745 562 δέ
765 520 823 580 μοι
846 499 1002 565 κατὰτὸν
1017 495 1073 564 ἕνα
1089 496 1188 580 όντῳς
1210 497 1287 566 όντα

167 602 246 690 θεὸν
275 601 331 666 δύο
362 603 421 680 τάς
451 601 605 667 ἀνωτάτω
635 595 719 668 εἶναι
748 601 805 668 καί
828 604 964 690 πρώτας
987 604 1152 688 δυνάμεις,
1188 605 1285 692 ἀγα-

167 706 328 795 θότητα
353 706 411 772 καί
435 705 642 790 ἐξουσίαν,
668 707 724 774 καί
748 708 932 797 ἀγαθότητι
954 709 1014 792 μὲν
1037 712 1075 776 τὸ
1091 723 1159 777 πᾶν
1182 737 1286 798 γεγεν-

166 812 322 900 νηκέναιῦ,
347 811 478 902 ἐξουσίᾳ
501 814 537 880 ἀὲ
552 825 618 896 ιτού
633 813 841 904 γεννηθέντος
864 815 987 902 άρχειν·
1010 814 1121 904 τρίτον
1136 817 1173 883 ἀὲ
1188 842 1285 884 συνα-

167 921 269 1005 γωγὸν
299 919 423 1008 ἀμφοῖν
453 919 552 1004 μέσον
581 914 665 986 εἶναι
695 921 830 1007 λόγον·
869 922 953 1008 λόγῳ
977 925 1038 1010 γάρ
1068 923 1125 990 καί
1148 924 1285 1012 άρχοντα

166 1025 223 1091 καί
247 1025 375 1113 ἀγαθόν
397 1019 481 1092 εἶναι
504 1029 560 1092 τὸν
583 1026 690 1093 θεόνᾱ.

8 1159 9 1162 ’
82 1169 156 1210 aesc
233 1150 311 1229 Quis
336 1153 408 1216 Res.
433 1152 503 1216 Div.
527 1153 602 1216 Her.
626 1159 668 1217 42
691 1173 721 1234 p.
746 1161 819 1218 501.
869 1151 926 1238 Τηῖ
956 1151 992 1218 δέ
1015 1153 1199 1242 ἀρχαγγέληι
1228 1156 1285 1222 καὶ
1318 1157 1406 1250 λθῇξξω

166 1257 381 1343 πρεσβυτάτῳ
406 1257 509 1344 λόγῳ
533 1259 656 1345 δωρεάν
678 1255 842 1343 ἐξαίρετον
865 1255 982 1324 ἔδωκεν
1005 1260 1080 1324 ότά
1103 1262 1163 1333 ὅλα
1179 1265 1285 1352 γεννη-

166 1383 228 1440 σας
250 1365 376 1451 πατήρ,
411 1364 466 1428 ἵνα
496 1365 654 1452 μεθόριος
684 1365 763 1442 στὰς
791 1366 830 1430 τὸ
860 1365 1026 1450 γενόμενον
1053 1365 1201 1456 διακρίνῃ
1229 1381 1287 1434 τοῦ

165 1469 396 1558 πεποιηκότος.
423 1470 441 1536 ὁ
465 1459 496 1534 δ’
516 1469 612 1548 αὐτὸς
636 1467 744 1558 ῖκέτης
766 1469 825 1554 μέν
848 1467 918 1536 ἔστι
941 1483 999 1537 τοῦ
1021 1479 1146 1561 θνητοῦ
1169 1474 1285 1564 κηραί-

165 1599 272 1653 νοντος
302 1575 352 1642 ἀεί
376 1578 459 1663 πρὸς
482 1577 520 1642 τὸ
543 1576 735 1664 άφθαρτον,
772 1579 971 1666 πρεσβευτὴς
995 1577 1032 1644 ἀὲ
1054 1590 1112 1644 τοῦ
1133 1582 1286 1669 ἡγεμόνος

165 1684 249 1769 πρὸς
277 1684 315 1747 τὸ
345 1683 503 1770 ὑπήκοον,
535 1721 577 1730 -
612 1683 684 1750 οότε
713 1681 881 1772 ἀγέννητος
911 1685 955 1762 ὡς
987 1686 1004 1750 ὁ
1032 1688 1111 1764 θεὸς
1141 1689 1185 1752 ὢν
1215 1687 1286 1754 edre

164 1789 309 1876 γεννητὸς
332 1789 376 1867 ὡς
399 1791 497 1872 ὑμεῖς,
522 1789 605 1854 ἀλλά
627 1789 726 1873 μέσος
749 1803 813 1855 τῶν
836 1791 951 1878 άκριον,
982 1791 1181 1880 ἀμφοτέροις
1204 1796 1285 1882 όμη-

165 1895 288 1981 ρεύωνθ.
633 1890 636 1902 ’

235 2016 264 2056 a.
284 2001 316 2054 ln
341 2003 512 2072 sequentibus
535 2003 662 2055 mundum
686 2002 881 2070 intelligibilem
906 2001 971 2056 dicit
995 2004 1100 2058 minime
1124 2005 1180 2058 loco
1203 2007 1287 2068 conti

165 2091 230 2157 neri,
250 2091 297 2144 sed
316 2108 372 2144 esse
392 2093 518 2160 tanquam
537 2091 720 2144 adumbratam
738 2091 850 2160 speciem
868 2093 948 2161 atque
967 2092 1105 2160 imaginem
1125 2093 1198 2146 urbis
1217 2095 1285 2148 aedi-

163 2179 279 2233 ficandae
297 2181 325 2233 in
344 2183 431 2233 mente
450 2180 588 2233 architecti
606 2179 772 2232 insidentem.
810 2179 878 2233 Aliis
902 2180 967 2233 locis
986 2181 1149 2234 intellectum
1169 2183 1285 2237 divinum

163 2268 189 2322 h.
209 2285 230 2321 e.
256 2269 383 2322 mundum
407 2268 602 2336 intelligibilem
634 2269 740 2320 subesse
764 2268 861 2322 mundo
887 2269 1004 2322 sensibili
1027 2273 1117 2340 aperte
1144 2271 1283 2339 significat,

162 2375 186 2410 v.
206 2357 237 2410 de
256 2357 389 2410 Monarch.
408 2357 455 2410 Il
475 2374 505 2426 p:
520 2357 573 2409 214
602 2360 769 2426 παγγέλοιον
794 2357 826 2410 ἀὲ
851 2363 962 2412 οἴεσθαι
987 2360 1029 2412 ὅτι
1054 2370 1118 2422 νοῦς
1143 2362 1197 2433 μὲν
1222 2364 1285 2416 ὁὲν
1319 2401 1320 2404 ¹

163 2449 243 2519 ἡμῖν,
271 2449 447 2519 βραχύτατος
475 2448 513 2497 ὢν
535 2449 581 2498 καὶ
607 2447 736 2518 ἀόρατος,
766 2447 876 2518 ἡγεμὼν
901 2458 954 2500 τῶν
973 2451 1141 2515 αἰσθητικῶν
1159 2451 1285 2522 ὀργάνων

163 2536 246 2600 ἐστίν,
267 2536 332 2589 ddi
352 2544 402 2587 τοῦ
419 2537 524 2595 παντὸς
543 2537 558 2586 ὁ
575 2538 708 2605 μέγιστος
726 2539 772 2588 καῖ
791 2537 952 2596 τελειότατος
978 2539 1041 2606 οὐχὶ
1059 2539 1186 2604 βασιλεὺς
1203 2547 1283 2606 βασι-

163 2628 231 2678 λέων
249 2625 320 2678 εἶναι
339 2628 452 2694 πέφυκε,
471 2626 648 2695 βλεπομένων
667 2625 699 2676 οὐ
716 2625 890 2695 βλεπόμενος.

233 2729 264 2787 b.
284 2729 322 2786 cf.
341 2730 381 2782 De
398 2729 489 2782 Mund.
508 2728 575 2799 Opil.
595 2731 612 2784 6
630 2746 655 2798 p.
675 2729 691 2782 5
711 2734 735 2784 εἰ
754 2731 789 2784 όέ
805 2750 846 2790 τις
865 2733 1001 2798 ἐθελήσειε
1019 2737 1200 2806 γυμνοτίροις
1214 2735 1283 2809 χρή-

163 2826 272 2874 σασθαι
290 2825 348 2878 τοῖς
367 2820 510 2894 ὀνόμασιν,
540 2818 621 2872 οὐδὲν
642 2821 677 2870 ἀν
695 2817 787 2888 ἕτερον
811 2823 886 2872 εἴποι
905 2821 953 2872 τὸν
971 2823 1070 2886 νοητὸν
1088 2821 1158 2873 εἶναι
1176 2823 1284 2894 κόσμον

163 2913 267 2974 ἢθεοῦ
291 2909 375 2977 λόγον
398 2907 451 2974 ἤδη
476 2917 723 2978 κοσμοποιοῡντος.
750 2936 783 2944 -
809 2911 855 2960 καὶ
873 2909 889 2974 ἡ
908 2909 1063 2978 ἀρχέτυπος
1088 2915 1223 2984 σφραγίς,
1252 2911 1283 2962 όν

163 3016 258 3070 φαμεν
283 2997 354 3050 εἶναι
377 2997 484 3068 κόσμον
509 2997 620 3062 νοητόν,
651 2997 733 3056 αὐτὸς
751 2999 787 3048 ἀν
806 3001 846 3062 εἴη
866 2998 897 3048 τὸ
917 2998 1073 3067 ἀρχέτυπον
1092 2999 1281 3072 παράδειγμα,

163 3085 299 3148 λύ’ίατῶν
318 3085 406 3148 ῖόεῶν,
427 3087 441 3137 ὁ
460 3091 529 3137 θεοῦ
546 3086 635 3154 λόγος.

233 3205 260 3246 ο.
281 3190 318 3244 Ol.
338 3190 416 3243 Plato
434 3195 477 3242 ΒΡ
496 3191 548 3244 263
568 3192 596 3242 et
614 3189 684 3259 quod
702 3206 761 3242 eum
779 3189 865 3243 locum
883 3189 1004 3242 Platonis
1029 3191 1170 3260 respiciens
1190 3193 1283 3246 scribit

161 3281 237 3334 Philo
256 3279 325 3350 Opil.
345 3279 436 3332 Mund.
455 3278 473 3332 5
491 3296 516 3348 p.
536 3279 553 3332 5
572 3283 596 3332 εἰ
614 3282 669 3350 γάρ
688 3299 728 3339 τις
747 3280 882 3344 ἐθελήσειε
896 3280 945 3344 τὴν
964 3283 1063 3344 αἰτίαν,
1083 3275 1113 3346 ἧς
1127 3280 1203 3334 ἕνεκα
1218 3282 1282 3334 τόύε

162 3371 194 3422 τὸ
212 3379 272 3423 πᾶν
289 3369 508 3440 ἐδημιουργεῖτο,
529 3369 733 3440 όιερευνᾶσθαι,
753 3368 831 3420 ἀσκεῖ
846 3387 898 3438 μοι
915 3369 956 3439 μὴ
970 3367 1136 3440 διαμαρτεῖν
1154 3378 1204 3420 τοῦ
1218 3386 1282 3422 σκο-

162 3469 219 3512 ποῦ
237 3461 369 3530 φάμενος,
389 3458 457 3529 ὅπερ
474 3461 521 3510 καὶ
539 3467 593 3509 τῶν
612 3458 735 3527 ἀρχαίων
749 3457 811 3510 εἶπέ
823 3476 871 3520 τις,
891 3458 1002 3524 ἀγαθὸν
1020 3456 1091 3510 εἶναι
1109 3459 1157 3509 τὸν
1176 3461 1281 3530 πατέρα
1337 3477 1339 3480 ·

160 3551 207 3601 καὶ
226 3549 342 3614 ποιητήν
359 3549 415 3600 κτλ.

233 3652 262 3706 d.
281 3651 433 3706 Bcnitatem
451 3651 476 3703 h.
496 3667 518 3704 e.
537 3653 701 3720 potestatem
726 3651 879 3703 creatricem
903 3650 945 3702 dei
970 3651 1039 3704 solet
1057 3651 1188 3720 appellare
1207 3655 1280 3716 θεόν,

160 3740 306 3811 potentiam
331 3740 357 3794 h.
376 3757 398 3794 e.
424 3741 584 3808 potestatem
608 3738 820 3806 gubernatricem
845 3741 954 3813 κύριον;
982 3739 1088 3808 utrique
1112 3739 1135 3791 si
1153 3739 1281 3806 adiungas

161 3832 209 3882 τόν
228 3833 296 3883 ὄντα
313 3829 340 3882 h.
360 3845 382 3882 e.
402 3828 478 3881 deum
498 3843 628 3880 summurn
647 3829 727 3896 atque
745 3825 903 3879 ineffabilem
921 3829 974 3893 (BP
984 3827 1056 3892 487),
1076 3825 1143 3880 effici
1161 3827 1280 3894 triadem,

159 3935 184 3970 v.
205 3917 254 3982 Qu.
278 3919 306 3970 in
326 3915 602 3986 Genes.157p.40
621 3915 718 3981 Auch.;
742 3915 781 3968 IV
800 3915 816 3968 2
835 3933 860 3985 p.
880 3916 947 3980 2423
972 3915 1012 3968 De
1030 3915 1128 3969 Abrah.
1148 3917 1184 3968 24
1201 3933 1226 3985 p.
1247 3919 1280 3971 19

161 4003 221 4060 ἀλλ’
240 4007 329 4071 ἔστιν,
356 4009 392 4066 ὡς
416 4010 451 4058 άν
469 4025 509 4065 τις
534 4013 580 4072 τῆς
599 4006 730 4071 ἀληθείας
749 4005 888 4073 ἐγγύτατα
908 4007 1056 4076 ἱστάμενος
1075 4010 1161 4070 εἴποι,
1191 4007 1281 4076 πατὴρ

159 4096 213 4166 μὲν
231 4105 286 4148 τῶν
304 4095 374 4147 όλοιν
392 4096 408 4147 ό
425 4097 517 4166 μέσος,
539 4093 568 4153 ὃς
587 4094 616 4146 ἐν
635 4099 696 4153 ταῖς
714 4096 800 4166 ἱεραῖς
817 4099 941 4165 γραφαῖς
954 4098 1037 4165 κυρίῳ
1056 4095 1173 4163 ὀνόματι
1191 4096 1278 4146 καλεῖ-

160 4203 207 4236 ται
227 4186 242 4236 ὁ
261 4185 317 4247 ὤν,
345 4187 375 4235 αῖ
399 4183 431 4236 ἀὲ
458 4178 525 4255 παρ’
543 4183 658 4252 ἑκάτερα
683 4183 872 4253 πρεσβύταται
894 4185 940 4234 καὶ
965 4183 1116 4250 ἐγγύταται
1135 4191 1185 4235 τοῦ
1203 4185 1299 4240 ὄντος,

160 4272 301 4344 δυνάμεις,
322 4266 359 4323 ὧν
378 4273 393 4337 ἡ
411 4273 465 4343 μὲν
483 4272 623 4337 ποιητική,
642 4272 659 4336 ἡ
678 4266 707 4323 d’
727 4266 761 4322 αὖ
779 4271 906 4338 βασιλικὴ
925 4273 1167 4342 προσαγορεύεται.
1200 4273 1247 4322 καὶ
1266 4271 1281 4334 ἡ

158 4363 212 4432 μὲν
231 4360 358 4425 ποιητικὴ
377 4361 472 4422 θεός,
498 4361 583 4430 ταύτῃ
603 4361 657 4431 γὰρ
676 4360 758 4425 ἔθηκέ
775 4378 803 4412 τε
821 4363 868 4412 καὶ
887 4359 1052 4429 διεκόσμησε
1072 4361 1105 4412 τὸ
1124 4370 1188 4424 πᾶν,
1215 4357 1281 4422 ἠδὲ

159 4449 285 4514 βασιλικὴ
303 4449 436 4519 κύριος,
467 4451 550 4519 θίμις
569 4448 623 4520 γάρ
643 4450 738 4518 λίρχειν
755 4451 802 4499 καλ
820 4453 930 4516 κρατεῖν
949 4447 980 4498 τὸ
999 4450 1151 4515 πεποιηκός
1169 4455 1220 4500 τοῦ
1237 4459 1282 4512 γε·
