3146 4982
295 361 351 419 172
676 361 843 434 Philosophia
861 363 1043 418 Romanorum.

369 537 399 580 a.
418 522 468 576 Est
492 523 536 576 hic
560 524 633 578 locus
658 540 689 578 ex
713 524 864 578 laudatione
887 525 1064 593 agriculturae
1089 527 1226 594 sumptus,
1255 524 1325 593 quod
1348 524 1420 578 vitae

297 628 380 681 genus
394 611 515 666 Musonio
533 613 644 667 mammo
658 613 691 667 ad
705 613 942 684 philosophandum
955 613 1179 667 accommodatum
1194 629 1251 666 esse
1264 613 1419 678 videbatur;

298 719 399 756 omnem
426 701 496 755 enim
524 701 661 755 scientiam
694 702 815 756 inutilem
842 718 899 755 esee
932 702 1100 756 existimabat
1125 701 1177 756 nisi
1205 718 1271 771 quae
1302 701 1421 756 moribus

297 791 419 860 vitaeque
436 789 589 844 inserviret:
609 789 680 844 Stoh.
700 789 770 846 Elcr.
785 791 828 856 67,
848 791 883 846 20
901 808 927 861 p.
947 792 972 857 7,
991 792 1008 844 9
1026 790 1106 844 Mein.
1136 793 1169 844 οὐ
1195 793 1249 861 γὰρ
1277 791 1313 857 δὴ
1338 793 1421 861 φιλο-

298 887 398 952 σοφεῖν
422 879 513 950 ἕτερόν
531 899 558 932 τι
577 884 706 950 φαίνεται
731 883 763 932 ὂν
782 883 797 946 ἢ
816 881 847 932 τὸ
866 880 883 930 s
904 884 1003 950 πρέπει
1025 884 1071 932 καὶ
1090 880 1107 932 ἃ
1127 881 1258 952 προσήκει
1276 881 1349 949 λόγῳ
1365 881 1422 952 μὲν
1557 945 1559 960 Ι

297 971 440 1036 ἀναζητεῖν
468 969 538 1041 ἔργῳ
566 968 596 1022 δὲ
625 971 763 1040 πράττειν.
799 967 889 1021 lloril.
907 969 1032 1022 Laurent.
1059 968 1181 1034 13,128
1208 986 1233 1037 p.
1252 968 1318 1034 216,
1347 967 1420 1022 7Μ.
1557 963 1559 1028 l

298 1061 454 1130 φιλοσοφία
473 1058 682 1126 καλοκάγαθίας
700 1059 777 1110 satu
795 1057 971 1123 ἐπιτήδευσις
997 1061 1043 1110 καὶ
1064 1057 1145 1111 οὐδὲν
1172 1058 1270 1131 ἕτερον.
1306 1056 1345 1110 lh.
1366 1057 1420 1112 126
1551 1091 1559 1558 p

1550 1561 1559 1853 Ἰ

1553 1877 1559 1964 1

1557 1965 1559 2044 l

297 1164 323 1216 p.
342 1146 404 1211 223,
423 1146 439 1198 7
460 1147 529 1198 elle
547 1149 594 1198 recl
612 1146 696 1206 ὅσους
713 1149 950 1218 μεταχειρίζονται
969 1148 1074 1216 λόγους,
1095 1157 1148 1199 τῶν
1166 1148 1254 1219 ἔργων
1271 1150 1344 1218 φημὶ
1359 1146 1421 1200 δεῖν

298 1235 375 1288 ἕνεκα
391 1237 634 1305 μεταχειρίζεσθαι
653 1236 761 1300 αὐτούς,
781 1234 826 1287 uhi
845 1237 872 1288 et
891 1235 959 1288 viros
978 1236 1006 1288 st
1023 1234 1133 1288 semines
1151 1237 1184 1288 ut
1201 1235 1421 1305 philosophentur

298 1323 463 1388 adhortatur,
483 1322 545 1392 quia
563 1323 619 1376 sine
636 1322 802 1393 philosophia
820 1322 1016 1376 virtutemnon
1034 1323 1138 1394 possint
1156 1323 1237 1392 sequi.
1260 1322 1334 1376 Stoh.
1349 1322 1420 1376 Elor.

299 1413 341 1476 79,
361 1411 392 1465 51
414 1429 439 1481 p.
459 1411 502 1475 94,
522 1411 539 1464 5
557 1410 594 1465 M.
622 1415 669 1464 ἵνα
688 1411 719 1466 δὲ
739 1413 882 1484 συντεμὼν
906 1418 987 1476 εἴπω,
1018 1415 1129 1482 ἀγαθὸν
1152 1412 1222 1466 ε1ναι
1246 1415 1346 1466 κελεύει
1372 1415 1422 1466 τὸν

299 1504 450 1573 ἄνθρωπον
469 1505 484 1554 ὁ
502 1503 588 1570 νόμος
606 1503 622 1554 ὁ
640 1511 690 1554 τοῦ
709 1503 790 1562 Διός·
829 1503 860 1554 τὸ
880 1502 914 1555 δέ
930 1520 961 1570 γε
980 1501 1052 1556 εἶναι
1077 1504 1187 1571 ἀγαθὸν
1205 1505 1242 1571 τῷ
1261 1503 1422 1572 φιλόσοφον

299 1588 369 1642 εἶναι
388 1591 489 1642 ταύτόν
508 1591 590 1643 ἐστιν.
627 1588 696 1643 Nam
721 1589 879 1642 recentiores
904 1589 985 1644 Stoici
1009 1589 1166 1660 sapientium
1189 1593 1218 1643 et
1241 1587 1368 1643 virhrtem
1394 1607 1422 1643 se

299 1677 404 1746 assequi
427 1693 504 1746 posse
527 1677 633 1730 minime
657 1677 826 1744 diffidebant,
855 1678 886 1731 cl.
906 1677 979 1732 Stoh.
998 1678 1067 1732 Flor.
1088 1679 1153 1744 117,
1176 1680 1194 1733 8
1220 1696 1246 1748 p.
1265 1678 1309 1744 88,
1328 1679 1422 1732 3211.

299 1763 478 1820 Confidentius
497 1766 578 1818 etiam
596 1765 692 1820 Seneca
710 1765 757 1836 Ep.
777 1767 821 1833 41,
842 1769 858 1822 9
885 1767 954 1834 qaid
979 1773 1019 1822 est
1037 1774 1127 1822 autem
1145 1768 1220 1836 quod
1237 1768 1271 1821 ab
1289 1768 1338 1820 illo
1365 1768 1423 1834 (ho-

299 1853 379 1918 mins)
395 1855 466 1909 ratio
485 1855 550 1909 haec
569 1853 683 1924 estuat?
709 1871 765 1909 rem
780 1855 953 1921 facillimam,
972 1856 1121 1910 secundum
1138 1862 1266 1910 αωαεααι
1284 1873 1363 1911 saum
1381 1857 1422 1910 ei·

298 1957 371 2008 ocre3
391 1943 439 1998 sed
457 1945 528 1998 hanc
547 1942 682 2010 difficilem
699 1943 767 2009 facit
785 1945 933 1998 communis
950 1945 1072 1998 insanio.

176 2117 272 2180 uersus
368 2104 454 2170 Suid.
497 2095 693 2191 Ἐπίκτητος
713 2092 924 2189 Ἱεραπόλεως
953 2115 1011 2191 τῆς
1037 2101 1196 2191 Φρυγίας,
1227 2104 1473 2192 φιλόσοφος,ιοσ

201 2173 245 2212 m*
301 2211 414 2288 δοῦλος
446 2199 704 2296 Ἐπαφροδίτου,
746 2223 811 2309 τῶν
848 2211 1136 2297 σωματοφυλάκων
1169 2221 1227 2276 τοῦ
1258 2209 1424 2294 βασιλέως
1557 2197 1559 2214 ³

302 2314 457 2403 Νέρωνος.
498 2313 667 2405 πηρωθεὶς
697 2313 733 2381 δὲ
762 2317 801 2381 τὸ
830 2314 943 2394 σκέλος
973 2317 1039 2382 ὑπὸ
1063 2317 1239 2405 ῥεύματος·
1261 2316 1295 2383 ἐν
1318 2324 1424 2384 Νικο-

301 2423 396 2490 noles
419 2435 476 2510 τῆς
498 2421 572 2500 νέας
593 2411 753 2510 Ἠπείρου
777 2409 909 2511 &sooch
941 2421 998 2488 καὶ
1022 2421 1187 2502 διατείνας
1208 2422 1303 2510 μέχρι
1319 2423 1423 2511 Μοίρ-

301 2554 358 2596 κου
380 2521 569 2596 Ἀντωνίνου
593 2524 719 2615 ἔγραψε
742 2527 878 2604 nostes

371 2643 525 2724 Epictcteae
562 2652 742 2723 philosophiae
769 2655 938 2708 monumenta
971 2653 1011 2706 ed.
1038 2652 1064 2706 J.
1093 2653 1318 2722 Schweighliuser,
1350 2655 1423 2724 Lipe.

302 2745 371 2816 1799
382 2761 420 2814 sq.
444 2743 476 2796 R.
496 2743 601 2809 Aemus,
627 2740 799 2806 Quaestiones
817 2742 980 2811 Epicteteae,
1005 2741 1125 2812 Erihurg.
1145 2743 1223 2797 1888.
1251 2741 1286 2796 Η.
1302 2741 1424 2809 Schenkl,

303 2834 357 2887 Die
376 2833 456 2901 epiht.
476 2830 599 2900 Fsupm,
619 2830 698 2884 Acad.
718 2830 829 2884 Vindoh.
849 2832 928 2898 1887,
947 2831 996 2884 vol.
1017 2831 1068 2884 115
1087 2849 1112 2902 p.
1131 2832 1234 2901 443sq.

286 3003 288 3010 y
373 2951 402 2991 a.
422 2936 542 3003 Occasio,
569 2955 621 3006 qua
639 2937 755 2990 membra
773 2938 895 3006 fregerit,
920 2939 953 2991 ab
971 2938 1030 2990 aliis
1049 2939 1102 2990 elia
1120 2941 1256 2998 narratur:
1284 2938 1378 3008 Simpl.
1396 2939 1426 2992 in

302 3025 386 3095 Epict.
405 3025 487 3079 Ench.
508 3027 541 3079 13
561 3027 599 3092 (9)
617 3044 642 3096 p.
663 3027 739 3081 1021
758 3025 864 3092 Heins.;
885 3025 956 3094 Orig.
976 3044 998 3080 c.
1017 3025 1085 3081 Cels.
1105 3025 1198 3081 7117.

372 3131 403 3186 h.
423 3132 500 3184 Prius
521 3132 617 3184 Romae
643 3132 767 3185 docuerat
789 3132 914 3185 libertate
938 3133 1068 3186 nescimus
1094 3150 1145 3202 quo
1164 3136 1241 3202 pacto
1260 3136 1425 3203 recuperata.

287 3217 433 3291 'Expulsus
461 3224 503 3274 est
528 3221 576 3274 suh
601 3221 765 3274 Domitiano:
793 3219 860 3274 Geli.
885 3221 919 3274 N.
940 3220 970 3274 A.
989 3221 1038 3274 XV
1057 3222 1136 3286 11‚4
1164 3223 1244 3275 etium
1263 3221 1426 3276 Domitiano
1506 3281 1510 3300 Ι

302 3311 449 3379 imperante
468 3316 581 3364 secutas
606 3309 730 3363 consulto
755 3309 832 3364 eiecti
850 3315 931 3378 utque
949 3311 1014 3364 urhe
1039 3316 1065 3364 et
1083 3309 1170 3364 Italic
1193 3310 1337 3364 interdicti
1359 3317 1427 3366 suet

301 3399 479 3468 (philosophi).
516 3399 542 3452 5.
567 3414 623 3466 qao
647 3403 802 3467 tempestate
821 3397 966 3466 Epictetus
990 3414 1096 3467 qaoque
1111 3399 1296 3467 philosophus
1313 3406 1428 3468 propter

302 3487 333 3540 id
360 3493 473 3542 secatus
501 3475 653 3540 consultum
682 3486 836 3556 Nicopolim
860 3486 948 3542 Roma
976 3487 1096 3542 decessit.
1134 3487 1240 3541 Sueten.
1262 3487 1427 3542 Domit.10.

303 3575 401 3628 Romae
419 3575 540 3628 audierat
558 3575 722 3648 Musoniumg
741 3575 846 3628 Arrian.
866 3575 936 3630 Dies.
955 3575 1068 3646 Epictet.
1088 3577 1101 3628 I
1121 3577 1144 3642 7,
1160 3577 1208 3643 32;
1228 3577 1252 3644 9,
1268 3577 1311 3630 29.
1349 3577 1429 3630 Nico·

304 3664 357 3734 poli
376 3664 532 3718 audiebatur
551 3663 583 3716 ab
601 3663 727 3717 Arriano:
746 3663 760 3716 I
777 3665 874 3734 praef.;
893 3665 920 3716 II
939 3666 955 3718 6
974 3666 1016 3718 20.

375 3784 402 3825 c.
422 3769 498 3834 Quod
517 3773 641 3824 narratur
659 3787 674 3823 a
692 3769 796 3824 Nerone
814 3787 898 3841 usque
917 3772 950 3824 ad
965 3771 1001 3824 Μ.
1016 3771 1178 3825 Antoninum
1197 3772 1292 3826 vixisse
1311 3773 1354 3826 vix
1369 3790 1429 3827 con·

305 3859 379 3928 gruit
396 3875 455 3912 cum
470 3861 616 3928 temporum
630 3858 738 3912 ratione.
762 3859 803 3912 Ne
813 3859 941 3914 Hadriani
960 3859 1065 3930 quidem
1078 3864 1197 3930 tempora
1215 3877 1275 3914 eum
1293 3861 1428 3930 attigisse,

305 3948 375 4019 quod
392 3947 507 4002 indicare
521 3947 626 4000 videtur
639 3946 771 4016 Spartiau.
790 3947 873 4002 Hadr.
889 3949 931 4014 16,
950 3948 1107 4002 verisimile
1124 3937 1179 4014 est,
1208 3965 1270 4002 uam
1288 3949 1429 4018 Arrianus,

306 4037 352 4109 qui
369 4039 431 4108 post
449 4035 564 4106 Epicteti
581 4038 692 4088 mortem
711 4036 911 4092 dissertationes
929 4037 985 4091 eius
1003 4037 1095 4104 edidit,
1115 4038 1146 4106 iu¹
1160 4038 1210 4092 hoc
1228 4055 1306 4108 opere
1325 4039 1358 4093 ds
1372 4041 1429 4094 solo

305 4127 416 4180 Traiano
434 4127 626 4178 commemorat.
663 4123 754 4196 Neque
773 4142 832 4180 vero
851 4126 907 4196 ipse
924 4126 1010 4180 mults
1028 4126 1148 4198 scripsit,
1173 4127 1219 4181 scd
1245 4143 1378 4182 sermones
1396 4145 1430 4182 ex

307 4231 350 4268 ore
369 4214 438 4266 senis
456 4212 557 4282 excepti
575 4213 724 4286 scriptoque
742 4213 859 4267 mandeti
878 4215 991 4268 suntab
1010 4214 1129 4282 Arriano,
1149 4215 1278 4286 discipulo
1296 4216 1353 4270 eius
1372 4220 1431 4270 stu·

307 4289 468 4366 diesissimo,
496 4301 541 4370 qrri
569 4304 661 4370 postea
688 4287 769 4354 etism
795 4301 957 4369 gravissimis
986 4303 1050 4356 locis
1074 4321 1105 4356 ex
1132 4303 1358 4374 disputationibus
1386 4305 1431 4359 dc·

307 4388 384 4442 lectis
401 4389 524 4442 Manuale
543 4389 657 4460 Epicteti
675 4390 821 4460 composuit
838 4389 963 4460 (Simplic.
983 4392 1010 4444 in
1028 4391 1113 4462 Epict.
1139 4392 1210 4446 Mau.
1236 4393 1317 4463 prael.
1337 4411 1363 4464 p.
1383 4395 1429 4447 lb

307 4475 418 4542 Heius).
860 4511 863 4520 ·
