3146 4982
299 293 354 354 416
754 249 836 351 Stuiui
853 295 961 366 priores.

300 457 341 512 ite
367 455 448 512 etiem
470 457 609 514 iuteritum
633 473 720 512 rernm
744 460 862 528 τοροῐοτο
885 455 1059 522 dubitabant,
1086 472 1111 510 ν.
1130 454 1267 526 Chrysipp.
1286 455 1322 510 ib.
1341 453 1424 509 Sinin.

300 546 366 617 Rep.
384 546 429 613 32,
447 546 464 600 2
482 564 507 617 p.
526 545 597 602 1049
625 549 661 608 ὡς
680 546 712 600 δὲ
731 549 761 600 αί
779 548 872 608 πόλεις
897 548 1089 600 πλεονάσασαι
1112 548 1151 606 είς
1178 546 1309 604 ἀποικίας
1336 545 1424 598 ἀπαί-

301 654 381 709 ρουσι
408 637 443 688 sd
467 637 560 702 πλήθη
584 637 631 688 καὶ
657 636 796 707 πολέμους
820 636 978 691 ἐνίστανται
1006 635 1075 708 πρός
1103 653 1191 698 τινας,
1221 635 1305 694 οὕτως
1324 636 1340 686 ὁ
1357 635 1426 693 θεὸς

302 729 412 797 φθοράς
431 725 518 798 ἀρχάς
536 723 645 777 essuos.

128 825 279 922 Ρῐὲἕέξξξέἰῑξθ
377 827 409 885 b.
434 828 507 884 Stob.
526 829 580 884 Ed.
599 828 692 884 1444.
711 829 777 884 Dos.
795 829 849 884 465
875 831 984 903 κόσμον
1007 823 1038 883 δ’
1055 828 1128 883 είναί
1153 845 1239 900 φησιν
1257 831 1273 881 ὁ
1292 829 1422 896 Χρύσιπ-

300 939 353 980 πος
370 945 405 956 -
424 921 456 974 τό
480 920 509 974 ἐκ
532 926 605 974 θεῶν
628 923 675 973 καὶ
701 920 856 991 ἀνθρώπων
881 920 1010 991 σύστημα
1035 921 1082 972 καὶ
1101 919 1130 972 ἐκ
1148 928 1202 971 των
1220 917 1297 971 ἕνεκα
1317 918 1426 970 τούτων

298 1009 461 1078 γεγονότων.
505 1005 543 1062 cf.
563 1006 615 1062 cic.
640 1006 697 1060 Fin.
716 1006 757 1060 III
777 1007 818 1060 61.
855 1006 945 1060 Etiam
968 1007 996 1060 iu
1019 1006 1168 1061 hominibus
1192 1005 1262 1059 bonu
1285 1021 1338 1058 uon
1356 1004 1425 1058 exsi-

300 1097 377 1150 stunt
393 1095 445 1148 uisi
464 1111 516 1148 una
534 1111 593 1148 curn
610 1095 695 1162 malis,
714 1113 738 1149 v.
756 1094 829 1149 Plut.
848 1093 944 1149 Cumm.
963 1093 1049 1149 Nutit.
1070 1095 1112 1163 16,
1131 1096 1148 1148 2
1166 1112 1192 1165 p.
1212 1095 1283 1148 1066
1302 1095 1352 1162 τὴν
1368 1097 1425 1168 μὲν

300 1187 435 1256 φρόνησιν
453 1185 607 1256 ἐπιστήμην
626 1186 742 1254 ἀγαθῶν
759 1188 806 1238 καὶ
823 1195 913 1238 κακῶν
933 1181 1021 1238 οὖσαν
1039 1186 1240 1257 ἀναιρεθέντων
1258 1193 1312 1236 τῶν
1331 1194 1424 1238 κακῶν

299 1275 367 1334 ὅλως
384 1278 430 1326 καὶ
449 1276 633 1327 παντάπασιν
652 1275 830 1346 ἀναιρεῖσθαι
847 1275 984 1343 λέγουσιν,
1003 1272 1035 1327 εί.
1050 1273 1084 1326 ib.
1100 1273 1143 1327 17.
1177 1272 1218 1326 De
1235 1271 1335 1326 morbis
1353 1274 1423 1326 eete-

298 1361 389 1432 risqus
406 1362 484 1416 melis
501 1362 669 1416 naturalibus
694 1364 726 1415 ut
749 1361 941 1432 providentiam
966 1361 1042 1431 quasi
1065 1363 1231 1428 excusarent,
1260 1359 1326 1414 talia
1350 1360 1422 1414 intsr

298 1450 386 1506 multe
404 1450 542 1521 aptissima
560 1453 589 1506 st
607 1450 751 1504 utilissImu
769 1450 793 1504 si
811 1453 938 1522 tauquam
956 1449 1081 1504 excidisse
1100 1449 1222 1503 diuebunt
1239 1450 1310 1503 κατὰ
1329 1469 1421 1519 παρα-

229 1573 232 1579 -
298 1542 466 1607 κολούθησιν
492 1539 519 1593 h.
538 1556 560 1594 ο.
588 1556 638 1609 ρετ
662 1539 796 1610 sequellas
820 1538 952 1608 quasdam
976 1539 1146 1594 necessarius
1169 1538 1316 1608 interprete
1335 1535 1421 1591 Gellio

298 1627 317 1682 l.
335 1627 354 1681 I.
387 1615 424 1682 Cf.
444 1627 515 1681 Plut.
534 1627 613 1682 Stoie.
633 1628 699 1698 Rep.
719 1629 762 1695 37,
786 1627 804 1681 2
828 1647 854 1698 p.
876 1628 943 1682 1051
975 1633 1044 1700 φησὶ
1069 1627 1101 1682 δὲ
1125 1625 1318 1701 (Χρύσιππος)
1348 1627 1422 1681 πολὺ

257 1761 262 1771 .
298 1721 345 1771 καὶ
373 1719 405 1770 τὸ
432 1719 551 1787 ἀνάγκης
577 1724 728 1790 μεμῖχθαι.
774 1715 859 1770 Adis
885 1731 988 1770 omnem
1012 1716 1207 1788 turpitudinem
1231 1715 1345 1770 ulienem
1362 1731 1422 1769 esse

299 1805 492 1869 asseverabunt,
511 1823 535 1859 v.
555 1805 692 1877 Chrysipp.
711 1822 753 1876 ap.
771 1805 848 1860 Plut.
866 1805 901 1859 ib.
921 1807 964 1872 33,
984 1807 1001 1859 2
1019 1823 1043 1876 p.
1063 1805 1133 1860 1040
1162 1816 1217 1859 τῶν
1242 1809 1366 1876 αἰσχρῶν
1389 1808 1423 1859 τὸ

298 1899 379 1949 θεῖον
397 1899 546 1967 παραίτιον
560 1900 690 1965 γίνεσθαι
706 1897 755 1948 οὐκ
769 1896 884 1964 εὔλογόν
902 1897 990 1950 ἔστιν·
1010 1895 1042 1948 ὃν
1060 1897 1165 1967 τρόπον
1183 1896 1238 1966 γὰρ
1257 1897 1319 1948 οίίτε
1333 1895 1421 1967 νόμος

299 1993 349 2036 τοῦ
367 1990 540 2056 παρανομεῖν
559 1990 706 2059 παραίτιος
724 1987 760 2037 ἀν
777 1989 886 2054 γίνοιτο
906 1987 967 2037 οὔτε
988 1987 1015 2037 οἱ
1032 1988 1094 2038 θεοὶ
1113 1995 1164 2038 τοῦ
1181 1985 1304 2052 ἀσεβεῖν,
1335 1985 1423 2045 οὕτως

299 2075 413 2142 εὔλογον
430 2072 490 2144 μηδ
493 2068 501 2088 ²
519 2077 636 2148 αἰσχροῦ
652 2074 773 2146 μηδενὸς
791 2073 862 2126 ιίναι
881 2078 1051 2146 παραιτίους.
1088 2071 1126 2127 cf.
1146 2077 1189 2125 ΒΡ
1208 2071 1270 2127 412.

369 2209 396 2250 α.
423 2195 462 2250 cf.
481 2195 533 2251 Cic.
553 2196 598 2251 Ae.
617 2195 645 2250 11
663 2197 698 2251 26
716 2195 839 2252 Stor'cum
863 2197 937 2251 istuc
955 2197 1065 2266 quidem
1089 2213 1139 2252 uec
1157 2195 1307 2250 admodum
1331 2195 1422 2250 uredi-

298 2283 359 2352 bile,
383 2284 492 2338 αιιίίιιηι
511 2301 565 2340 esee
585 2287 678 2356 ρι’ίαηι
696 2285 824 2340 munibus
847 2285 1040 2354 uetustatem,
1065 2285 1156 2356 ηααίίο
1178 2287 1217 2340 eit
1237 2285 1318 2354 ρι’ίαε
1337 2285 1422 2353 assus,

297 2372 409 2426 ααίίιιιιι
425 2389 554 2441 ρνοααιη.

106 2545 285 2639 mensuramus
366 2532 494 2598 Nemes.
522 2533 560 2598 ds
590 2533 715 2598 Natura
744 2534 837 2600 Hom.
868 2554 893 2599 ο.
924 2543 965 2601 38
995 2554 1026 2618 p.
1059 2543 1120 2600 147
1146 2537 1247 2599 Antw.
1308 2530 1349 2600 oi
1384 2531 1470 2600 ὁὲν4

298 2635 440 2704 Στωϊκοί
462 2661 564 2727 φασιν
580 2638 912 2724 ἀποκαθισταμένονς
934 2641 1008 2720 τοὺς
1024 2640 1194 2728 πλάνητας
1217 2636 1263 2718 εἶς
1286 2642 1324 2706 τὸ
1341 2639 1421 2708 αάτὸ

297 2748 431 2833 σημεῖον
453 2745 538 2811 ποτά
561 2769 596 2811 τε
617 2758 720 2834 μῆκος
743 2745 800 2812 καὶ
816 2747 952 2828 πλάτος,
975 2743 1059 2812 ἔνθα
1082 2749 1139 2836 τὴν
1162 2745 1259 2836 ἀρχὴν
1281 2745 1421 2838 ἕκαστος

296 2847 342 2938 ἦν,
378 2851 432 2916 ὅτε
465 2853 503 2918 τὸ
538 2864 669 2938 πρῶτον
703 2851 866 2936 όνόσμος
901 2852 1066 2942 σονέστηῦ,
1091 2853 1124 2920 ἐν
1152 2857 1268 2942 ’ῥηταῖς
1297 2854 1421 2942 χρόνων

297 2956 465 3043 περιόδοις
493 2955 679 3045 ε’κπόρωσιν
708 2956 766 3024 καὶ
795 2961 925 3047 φθορὰν
953 2973 1018 3025 τῶν
1040 2957 1140 3026 ὅντων
1170 2960 1419 3049 ἀπεργάζεσθαι

296 3059 354 3126 καὶ
383 3060 486 3127 πάλιν
516 3061 552 3141 ἐξ
580 3064 728 3152 ὑπαρχῆς
758 3059 804 3142 εἷς
832 3066 871 3130 τὸ
900 3064 980 3132 αάτὸ
1008 3068 1065 3132 τὸν
1093 3066 1215 3149 κόσμον
1244 3065 1419 3134 ἀποκαθί-

296 3174 455 3249 στασθαι,
479 3167 536 3233 καὶ
560 3181 624 3233 τῶν
647 3168 790 3257 ἀστέρων
806 3167 926 3253 ὁμοίιος
949 3171 1051 3251 πάλιν
1074 3172 1259 3262 φερομένων
1280 3173 1421 3242 ἕκαστον

295 3273 328 3340 ἐν
351 3273 393 3364 τῇ
417 3274 562 3363 προτέρᾳ
586 3275 730 3363 περιόδῳ
760 3277 926 3361 γενόμενον
948 3277 1214 3366 ἀπαραλλάκτως
1244 3279 1419 3348 ἀποτελεῖ-

295 3385 390 3447 σθαι.
436 3377 574 3448 ἔσεσθαι
597 3383 658 3468 γάρ
682 3381 785 3448 πάλιν
808 3383 982 3472 Σωκράτην
1004 3383 1061 3450 καὶ
1077 3385 1242 3450 Πλάτωνα
1265 3385 1323 3452 καὶ
1340 3385 1418 3452 {isu-

297 3509 375 3553 στον
397 3500 462 3552 τῶν
477 3487 666 3575 ἀνθρώπιον
681 3489 737 3554 σὺν
759 3494 829 3568 τοῖς
853 3489 964 3568 αὐτοῖς
980 3489 1037 3556 καὶ
1053 3489 1164 3581 φίλοις
1186 3491 1243 3558 καὶ
1259 3491 1419 3576 πολίταις

294 3590 352 3657 καὶ
375 3594 417 3657 τὰ
441 3591 523 3658 αάεά
548 3590 727 3660 πείσεσθαι
743 3593 801 3660 καὶ
824 3599 894 3674 τοῖς
910 3595 1022 3675 αὐτοῖς
1045 3597 1277 3677 σοντεύξεσθαι
1300 3599 1359 3666 καὶ
1375 3604 1418 3667 τά

296 3695 379 3762 αάτά
401 3703 692 3786 μεταχειριεῖσθαι,
716 3699 774 3765 καὶ
796 3712 909 3767 πᾶσαν
924 3703 1024 3768 πόλιν
1046 3703 1103 3768 καὶ
1119 3707 1230 3792 κώμην
1245 3704 1303 3772 καὶ
1319 3706 1417 3794 ἀργὸν

295 3801 414 3886 ὁμοίως
445 3803 785 3871 ἀποκαθίστασθαιλ·
823 3805 995 3893 γίγνεσθαι
1030 3808 1067 3875 δὲ
1096 3811 1153 3898 τὴν
1187 3810 1417 3879 ἀποκάστασιν

294 3921 353 3976 τοῦ
375 3913 500 3990 παντὸς
523 3909 578 3993 οὐχ
594 3911 687 3990 άπαξ
710 3911 793 3977 ἀλλά
813 3915 985 3996 πολλάκις,
1008 3913 1191 3998 μᾶλλονδὲ
1214 3913 1261 3995 εἷς
1279 3917 1417 4006 ἀπειρον

294 4015 351 4083 καὶ
375 4017 590 4106 ἀτελευτήεως
612 4019 654 4084 τὰ
678 4017 761 4084 αάτά
785 4019 1098 4088 ἀποκαθίστασθαι.

366 4155 394 4196 a.
418 4141 483 4195 Cum
503 4142 589 4196 sidera
607 4142 640 4195 ad
658 4142 727 4196 idem
741 4147 769 4197 st
785 4144 960 4212 longitudinis
978 4149 1007 4200 et
1019 4147 1171 4202 latitudiuis
1189 4149 1303 4216 signum,
1321 4149 1350 4204 in
1364 4167 1415 4218 quo

293 4228 418 4297 primitus
436 4234 519 4297 eruut,
539 4234 717 4299 reverterunt,
743 4249 854 4302 magnus
873 4251 950 4304 quem
969 4239 1070 4290 veteres
1090 4237 1211 4290 diusbunt
1233 4253 1318 4292 snuns
1338 4237 1414 4292 effici·

294 4319 352 4382 tur;
377 4315 523 4374 sunuel.
542 4319 556 4372 Ι
575 4321 635 4374 264.
664 4320 729 4374 Dux.
748 4322 809 4388 364,
834 4323 880 4376 ubi
899 4322 931 4376 ds
950 4324 1051 4378 ambitu
1070 4325 1149 4379 huius
1167 4326 1230 4380 unni
1248 4325 1365 4382 truditur
1383 4343 1413 4380 ex

292 4403 409 4470 Diogene
428 4405 522 4460 Stoico.
560 4407 598 4462 Cf.
617 4409 726 4475 Usener,
744 4410 813 4464 Mus.
832 4411 915 4466 Rhen.
934 4412 1050 4466 XXVIII
1067 4415 1159 4482 (1873)
1177 4415 1238 4470 395.
