3146 4982
292 320 346 387 Abi)
733 323 881 378 Academici
899 323 966 376 novi.

102 481 277 577 mfflggmm
362 483 472 566 Polyb.
495 483 643 566 Excerpt
665 485 718 548 lib.
742 485 808 550 XII
831 492 897 550 260
919 503 949 566 p.
975 491 1038 550 759
1052 483 1110 548 Bk.
1157 479 1227 546 Kal
1250 483 1310 568 γὰρ
1327 478 1473 548 ἐκεί-ατ
1564 427 1568 600 ἶ

134 589 248 630 ‘mmm
298 615 359 654 νιον
382 591 459 675 (τῶν
482 588 515 654 ἐν
535 578 735 678 Ἀκαδημίᾳ)
762 588 848 667 τινὲς
870 589 1060 673 βουλόμενοι
1082 586 1161 676 περί
1182 613 1218 654 τε
1240 602 1304 654 τῶν
1327 612 1415 676 προ·
1566 607 1568 614 “

293 710 404 784 φανῶς
433 696 656 784 καταληπτῶν
684 689 769 762 εἶναι
796 697 976 765 δοκούντων
1004 695 1061 762 καὶ
1091 693 1168 782 περί
1192 709 1257 760 τῶν
1284 695 1414 762 ἀκατα-

292 804 425 890 λήπτων
448 799 494 880 είς
517 801 662 889 ἀπορίαν
678 803 766 888 άγειν
788 805 863 881 τοὺς
886 801 1220 890 προσδιαλεγομένους
1242 804 1416 880 τοιαύταις

290 922 431 995 χρῶνται
447 907 748 998 παραδοξολογίαις
771 909 828 976 καὶ
850 910 1005 987 τοιαύτας
1026 908 1201 991 εὐποροῦσι
1225 909 1414 996 πιθανότη-

292 1040 361 1095 τας,
384 1018 467 1082 ὥστε
489 1016 664 1102 διαπορεῖν
686 1013 716 1082 εί
739 1016 874 1084 δυνατόν
897 1015 967 1082 ἐστι
989 1017 1064 1093 τοὺς
1087 1015 1120 1081 ἐν
1133 1005 1293 1104 Ἀθήναις
1316 1013 1415 1094 ὄντας

292 1119 533 1210 ὀσφραίνεσθαι
557 1135 622 1188 τῶν
646 1119 814 1208 ἑψομένων
837 1112 911 1208 ηίῶν
933 1118 966 1188 ἐν
988 1115 1134 1210 Ἐφέσῳ,
1169 1121 1226 1188 καί
1250 1121 1415 1202 διστάζειν

291 1231 336 1318 μή
359 1254 433 1306 πως
456 1217 541 1294 καθ’
560 1225 595 1294 ὃν
617 1231 730 1315 καιρὸν
752 1228 786 1298 ἐν
806 1219 993 1318 Ἀκαδημίᾳ
1016 1228 1221 1314 διαλέγονται
1244 1227 1321 1316 περὶ
1338 1229 1413 1294 τού-

292 1361 364 1416 των,
389 1335 445 1418 osy
467 1334 550 1422 ὑπὲρ
573 1335 680 1400 ἀλλων
701 1323 758 1420 ἀρ’
776 1335 809 1401 ἐν
832 1332 913 1422 οἴκῳ
937 1333 1163 1418 κατακείμενοι
1187 1336 1314 1413 διττοὺς
1338 1335 1414 1400 δια-

292 1440 441 1508 τίθενται
464 1444 539 1520 τοδς
562 1442 683 1528 λάγους.
718 1441 754 1520 ἐξ
776 1437 820 1508 ὧν
843 1442 899 1508 διὰ
921 1444 979 1530 τὴν
1001 1443 1182 1531 ὑπερβολὴν
1211 1455 1269 1529 της
1298 1466 1414 1528 παρα·

293 1545 484 1633 δοξολογίας
512 1546 561 1626 είς
590 1549 745 1637 διαβολὴν
768 1547 865 1638 ’ήχασι
893 1551 950 1637 τὴν
973 1549 1049 1637 δλην
1072 1550 1212 1636 αἵρεσιν,
1242 1551 1325 1640 ὥστε
1353 1546 1414 1614 καί

293 1657 334 1720 τὰ
364 1655 473 1732 καλῶς
502 1654 707 1740 ἀπορούμενα
737 1657 833 1742 παρὰ
861 1659 931 1732 τοῖς
953 1655 1148 1742 ἀνθρώποις
1177 1652 1224 1733 εἰς
1253 1651 1415 1720 ἀπιστίαν

293 1760 404 1850 abydos.
434 1760 490 1826 καί
508 1760 606 1847 χωρίς
621 1774 678 1849 της
701 1758 789 1839 ἰδίας
813 1759 966 1843 ἀστοχίας
989 1761 1045 1828 καί
1068 1765 1139 1839 τοῖς
1160 1759 1244 1838 νέοις
1266 1771 1413 1826 τοιούτω

293 1867 478 1936 ἐντετάκασι
502 1867 612 1955 ζῆλον,
641 1870 725 1933 ὥστε
754 1881 819 1934 τῶν
847 1866 906 1950 μὲν
935 1867 1063 1955 ἠθικῶν
1093 1867 1150 1936 καὶ
1174 1879 1414 1954 πραγματικῶν

293 1976 396 2061 λόγων
417 1973 500 2063 μηδὲ
523 1977 580 2062 τὴν
602 1985 759 2056 τυχοῦσαν
782 1971 933 2040 ἐπίνοιαν
956 1979 1143 2055 ποιεῖσθαι,
1174 1963 1219 2040 δι)
1238 1969 1281 2038 ὧν
1303 1970 1414 2062 δνησις

292 2086 362 2160 τοῖς
386 2082 621 2170 φιλοσοφοῦσι,
653 2079 732 2168 περὶ
764 2079 800 2146 δὲ
829 2082 889 2158 τὰς
919 2080 1093 2168 ἀνωφελεῖς
1122 2079 1179 2154 καί
1203 2079 1414 2167 παραδόξους

293 2184 511 2276 εὑρεσιλογίᾱς
534 2186 773 2265 κενοδοξοῦντες
796 2183 1032 2273 κατατρίβουσι
1055 2188 1129 2264 τοὺς
1151 2184 1269 2270 provio.

365 2345 393 2384 a.
418 2330 490 2382 Haec
509 2346 524 2382 a
542 2329 651 2396 Polybio
675 2329 718 2395 (de
742 2328 816 2382 cuius
833 2325 931 2382 studiis
949 2329 1128 2399 philosophiae
1153 2330 1184 2382 el.
1202 2328 1293 2382 Hirzcl
1309 2327 1345 2392 II,
1364 2327 1415 2380 Ex·

294 2437 360 2476 ctus.
380 2419 455 2484 VII),
486 2418 531 2488 qui
550 2416 676 2472 Carneadi
701 2418 754 2471 fere
779 2435 877 2488 suppar
895 2420 965 2484 erat,
994 2417 1026 2470 de
1043 2418 1117 2471 illius
1135 2417 1231 2470 aetatis
1249 2415 1414 2470 Academicis

294 2527 345 2564 non
373 2508 495 2562 videntur
522 2523 552 2559 ea
580 2523 646 2576 quae
673 2506 828 2560 historicum
853 2506 1067 2592 decebatmauimi
1095 2506 1237 2576 aequitate
1252 2505 1324 2558 dicta
1347 2521 1413 2571 esse,

293 2616 316 2652 v.
337 2597 363 2650 Z.
382 2592 578 2649 1111³526¹.
993 2587 996 2596 ’
1027 2602 1042 2610 ··

254 2798 266 2823 0
363 2774 447 2836 Sext.
470 2771 583 2854 Pyrrh.
611 2772 629 2835 I
653 2779 726 2837 235.
785 2767 825 2836 Ob
856 2769 892 2834 δὲ
919 2769 995 2856 περὶ
1021 2767 1174 2834 wibolde
1197 2789 1313 2858 φασιν,
1338 2769 1466 2834 deeora

291 2877 351 2960 μὲν
374 2877 432 2942 ἐπὶ
448 2878 496 2963 τῷ
512 2875 646 2963 Στωϊκῴ
669 2873 835 2964 κριτηρίφ,
851 2873 998 2941 τουτέστι
1014 2873 1057 2964 τῇ
1073 2876 1309 2964 καταληπτικῇ
1325 2899 1413 2963 φαν-

294 2981 409 3070 τασίᾳ,
445 2983 663 3071 ἀκατάληπτα
693 2975 777 3048 εἶναι
808 2985 850 3047 τὰ
881 2981 1077 3070 πράγματα,
1113 2983 1187 3048 δσον
1215 2981 1251 3046 δὲ
1280 2981 1340 3046 ἐπὶ
1370 2981 1414 3070 τῇ

295 3091 389 3178 φύσει
412 3104 477 3154 τῶν
500 3089 702 3175 πραγμάτιον
726 3087 833 3154 αὐτῶν
855 3086 1082 3177 καταληπτάῑ).
1117 3089 1201 3154 ἀλλά
1223 3085 1280 3154 καί
1303 3077 1413 3152 δἈν-

294 3194 401 3278 τίοχος
428 3197 484 3284 τὴν
514 3197 618 3260 Στοὰν
645 3197 824 3284 μετήγαγεν
853 3191 899 3272 είς
933 3197 990 3284 τὴν
1017 3185 1240 3284 Ἀκαδημίαν,
1275 3195 1319 3272 ὡς
1354 3194 1413 3260 καί

293 3300 446 3392 είρησῦαι
471 3292 530 3368 ἐπ’
551 3301 641 3388 αύτῷ
663 3303 713 3367 δτι
737 3301 770 3367 ἐν
791 3291 980 3390 Ἀκαδημίᾳ
1003 3303 1178 3390 φιλοσοφεῖ
1199 3303 1241 3366 τά
1264 3302 1413 3366 Στωϊκά·

294 3407 477 3476 ἐπεδείκνυε
506 3410 567 3496 γὰρ
597 3409 648 3474 δτι
671 3411 766 3496 παρὰ
789 3409 945 3474 Πλάτωνι
976 3413 1083 3474 κεῖται
1106 3411 1148 3474 τά
1170 3422 1235 3473 τῶν
1258 3411 1414 3474 Στωϊκῶν

294 3517 469 3602 δύγματαθ.

365 3654 392 3694 a.
417 3639 493 3692 Philo
516 3638 668 3692 Larissaeus
692 3637 846 3693 Clitomachi
874 3639 978 3692 auditor
1005 3641 1033 3692 et
1059 3639 1088 3692 in
1112 3637 1251 3692 Academia
1279 3653 1416 3692 successor

293 3732 358 3794 erat,
377 3747 400 3782 v.
420 3727 501 3781 Acad.
520 3727 578 3780 Ind.
597 3727 704 3781 Hercul.
725 3744 746 3780 c.
766 3729 814 3793 33;
834 3727 907 3781 Stob.
926 3727 980 3781 Eol.
999 3727 1027 3780 H
1046 3727 1094 3794 383
1113 3727 1269 3780 Euseb.-Pr.
1288 3725 1334 3780 Εν.
1350 3727 1415 3780 XIV

293 3819 318 3884 8,
338 3816 372 3870 15
392 3817 528 3888 διάδοχος
547 3814 577 3871 δ’
596 3819 683 3870 αὐτοῦ
695 3817 883 3890 (Καρνεάδου)
902 3827 947 3884 τῆς
961 3818 1101 3892 διατριβῆς
1115 3823 1284 3872 καθίσταται
1298 3820 1413 3870 Κλειτύ

292 3928 391 3979 μαχος,
410 3903 479 3978 μεθ’
498 3907 529 3958 ὃν
550 3908 650 3958 Φίλων.
687 3904 761 3957 Bello
780 3905 961 3958 Mithridatico
974 3922 998 3958 a.
1013 3907 1048 3960 88
1067 3921 1126 3958 cum
1144 3905 1316 3974 optimatibus
1331 3905 1415 3958 Athe·

292 3995 422 4048 niensium
446 3993 520 4046 domo
545 3993 615 4060 fugit
638 3995 667 4045 et
684 3992 794 4046 Romam
818 3994 890 4046 venit
913 3994 1002 4064 ibique
1026 3994 1107 4046 vitam
1135 4009 1215 4060 egeus
1233 4009 1292 4046 cum
1311 4009 1414 4047 summo

293 4083 418 4136 nobilium
438 4081 526 4134 studio
545 4085 573 4135 et
591 4081 727 4134 rhetorum
745 4085 885 4152 praecepta
902 4086 930 4135 et
948 4083 1161 4152 philosophorum
1180 4081 1300 4149 tradidit,
1319 4100 1343 4136 r.
1359 4082 1412 4136 Cic.

292 4172 369 4225 Brut.
387 4171 454 4236 306;
479 4170 652 4234 Tusc.119;
676 4170 701 4220 V
721 4171 780 4224 107.
823 4171 897 4224 Inter
921 4171 986 4224 alios
1010 4187 1070 4224 eum
1095 4170 1219 4231 audiebat
1241 4169 1342 4238 Cicero,
1368 4172 1413 4241 qui

293 4263 380 4312 totum
399 4259 465 4312 sesi
479 4259 591 4312 tradidit
609 4259 757 4314 admirabili
770 4259 883 4328 quodam
901 4260 934 4312 ad
948 4259 1140 4330 philosophiam
1153 4259 1242 4314 studio
1256 4260 1412 4326 couciiabrs,

293 4349 325 4400 ut
348 4347 404 4416 ipse
429 4347 522 4402 scribit
546 4347 631 4418 Epist.
656 4347 722 4400 XIII
747 4349 771 4412 1,
796 4347 828 4414 2;
852 4347 934 4402 Acad.
958 4348 973 4402 I
997 4349 1045 4416 13;
1071 4349 1104 4402 D.
1130 4347 1163 4402 N.
1189 4337 1251 4414 16;
1275 4348 1412 4402 Plutarch.

293 4433 345 4488 cic.
364 4435 389 4488 3.
410 4436 435 4488 1.
1504 4439 1509 4448 '
