3148 4984
283 334 338 396 {³58
747 339 936 409 Nsoplstonioi.

284 501 390 580 σμοῖς,
420 499 462 562 τὰ
485 496 521 564 δὲ
544 488 590 563 δι’
610 495 807 578 ἀποδείξεων
842 497 1039 566 συντεθέντα
1075 499 1312 586 διερευνώμενοι
1349 498 1408 565 καί

284 605 341 670 τὸν
374 603 497 692 τρόπον
533 617 591 692 τῆς
622 604 655 670 ἐν
690 603 801 683 αὐτοῖς
835 603 996 694 ἀληθείας
1029 605 1314 692 ἒπεκδιηγοόμενοι
1349 605 1409 671 καί

285 711 445 798 γνώριμον
456 715 525 789 τοῖς
537 710 689 778 ἀκούουσι
702 723 879 794 ποιοῦντες,
897 712 954 780 καὶ
964 725 1030 780 τῶν
1040 711 1100 796 μέν
1117 711 1221 799 <έν>1
1237 710 1409 799 αἰνίγμασι

285 815 438 900 κειμένων
479 817 661 900 ἀλλαχόθεν
700 819 758 908 τήν
792 816 969 908 σαφήνειαν
1006 817 1240 906 ἐξευρίσκοντες
1279 817 1338 887 οὐκ
1371 819 1409 900 ἐξ

284 921 465 1012 ἀλλοτρίων
493 924 699 1002 ὑποθέσεων,
734 915 810 992 ἀλλ’
829 925 865 992 ἐκ
894 939 959 992 τῶν
982 926 1209 1015 γνησιωτάτων
1231 937 1289 993 τοῦ
1309 925 1408 992 Πλά-

286 1055 388 1109 τωνος
410 1032 695 1120 συγγραμμάτων.
720 1061 764 1082 -·-
799 1037 874 1111 ταῖς
902 1032 939 1099 δέ
961 1033 1113 1119 λογικοῖς
1133 1033 1292 1116 μεθόδους
1315 1033 1408 1099 άπά-

286 1159 362 1216 σαις
395 1138 608 1224 γεγυμνάσθω
643 1139 674 1224 (δ
704 1140 877 1228 ἀκροατής)
911 1139 970 1206 καί
1000 1140 1109 1206 πολλὰ
1138 1139 1197 1223 μέν
1226 1138 1304 1227 περὶ
1326 1139 1408 1204 ἀνα-

287 1245 415 1327 λόσεων,
438 1245 549 1311 πολλοὶ
566 1243 602 1311 δέ
618 1244 695 1332 περὶ
718 1257 783 1312 τών
798 1243 950 1312 ἐναντίων
975 1247 1060 1336 πρὸς
1083 1247 1204 1325 ταάτας
1220 1244 1408 1333 διαιρέσεων

285 1349 460 1437 ἀνέλεγκτα
482 1353 629 1440 νοήματα
652 1351 847 1435 τεθεαμένος
870 1350 1056 1440 παρέστωῧ.

358 1491 386 1532 u.
405 1476 485 1532 Heud
508 1477 588 1532 semel
610 1476 711 1532 indiosi
736 1494 764 1530 se
788 1478 816 1532 in
833 1478 1042 1549 philosophando
1061 1477 1253 1532 studiosissimo
1270 1477 1409 1532 Plutonem

287 1569 439 1620 secuturum
456 1565 684 1634 interpretandum
703 1569 732 1619 et
749 1567 904 1622 criminatur
917 1567 1061 1634 Plotinum,
1080 1567 1150 1637 qnod
1168 1567 1224 1620 suis
1242 1567 1409 1637 opinionibus

286 1654 427 1722 indulgens
445 1654 584 1708 ePlatone
601 1653 629 1708 in
647 1655 781 1710 nonnullis
799 1655 952 1710 deseiverit:
971 1657 999 1710 in
1017 1655 1101 1710 Aioib.
1120 1674 1146 1726 p.
1166 1656 1218 1710 227
1229 1654 1319 1710 (δεεστ.
1348 1656 1409 1726 Ipse

287 1761 347 1800 vero
366 1743 394 1798 in
411 1743 522 1800 Pleione
540 1743 738 1814 interpretando
757 1745 824 1798 setis
842 1745 924 1800 libere
943 1748 1062 1814 vagetur.

357 1849 389 1908 b.
408 1848 527 1920 Apparet
539 1849 678 1906 Proculum
696 1852 781 1919 magis
799 1867 877 1921 quem
891 1851 1027 1906 Plotinum
1045 1854 1074 1906 ei
1091 1854 1192 1906 eeteros
1207 1851 1410 1922 Noopletonioos

287 1933 531 2008 doetrinuelogiois
550 1941 714 2009 argumentis
727 1939 871 1994 firmandae
890 1941 1033 1995 studuisse.
1070 1941 1162 2010 Neque
1180 1939 1299 1994 Hatonis
1314 1939 1411 1993 doetri-

288 2047 349 2084 nem
374 2031 483 2100 proptor
507 2029 579 2082 eliud
598 2027 701 2099 Orpheo
725 2032 753 2082 et
771 2029 938 2098 Pythagoreo
961 2032 1096 2100 praestere
1123 2031 1213 2082 oenset
1237 2045 1315 2099 qnam
1340 2028 1411 2098 quod
1516 2086 1523 2094 ,

287 2120 372 2188 magns
391 2119 424 2172 ed
443 2118 593 2172 dialectices
612 2118 717 2187 regidos
736 2118 925 2188 disputaverit:
943 2117 1032 2172 Theol.
1051 2119 1120 2172 Plat.
1139 2118 1153 2170 I
1171 2119 1189 2172 4
1206 2136 1231 2188 p.
1252 2119 1269 2172 9
1287 2118 1359 2171 Port.

227 2374 240 2403 Χ
356 2317 435 2381 Insi.
459 2315 565 2380 Theol.
590 2324 632 2380 24
655 2335 685 2398 p.
709 2314 822 2380 427Ρ.
846 2321 889 2379 44
913 2313 964 2380 Gr.
1010 2317 1085 2378 Πάν
1107 2314 1145 2378 τὸ
1167 2310 1338 2396 μετέχον
1353 2322 1462 2378 rodens

288 2419 498 2510 μετεχομένου
531 2418 780 2506 καταδεέστερον
810 2419 867 2486 καί
898 2421 936 2486 τὸ
958 2419 1103 2504 μετεχό
1110 2442 1229 2502 μενον
1251 2428 1308 2484 τοῦ
1331 2417 1412 2500 άμε-

289 2528 420 2598 θέκτου.
457 2566 500 2576 -
534 2529 658 2615 ήγεῖται
690 2526 754 2613 άρα
782 2528 821 2592 τὸ
848 2525 908 2610 μέν
936 2525 1171 2610 ἀμέθεκτον
1193 2538 1258 2590 τῶν
1279 2547 1412 2608 μετεχο-

289 2635 406 2720 μένων,
436 2645 541 2700 ταῦτα
572 2632 608 2699 δέ
630 2647 695 2699 τῶν
717 2633 920 2716 μετεχόντων.
967 2633 1012 2711 ὡς
1034 2633 1096 2719 γάρ
1120 2631 1292 2698 συνελόντι
1306 2631 1412 2720 φάναι

289 2745 327 2810 τδ
349 2741 408 2826 μέν
431 2741 518 2808 ἐστιν
539 2735 573 2806 ἓν
596 2741 663 2828 πρὸ
685 2752 750 2805 τών
774 2740 914 2820 πολλῶν,
937 2740 975 2805 τδ
998 2738 1036 2804 δὲ
1057 2733 1318 2822 μετεχόμενονέν
1336 2740 1442 2814 τοῖς·

290 2850 428 2926 πολλοῖς
457 2843 491 2914 ἓν
520 2850 589 2932 δόμα
612 2845 670 2912 καί
694 2845 749 2928 οὐχ
772 2845 813 2928 ἓν,
842 2847 880 2912 τδ
904 2843 941 2912 δὲ
962 2844 1094 2930 μετέχον
1117 2855 1185 2909 πᾶν
1207 2843 1263 2926 οὐχ
1285 2837 1319 2910 ἓν
1342 2845 1412 2928 δίμα

289 2955 346 3023 καί
370 2954 411 3022 ἕν.

211 3099 264 3182 up:
358 3083 441 3146 Ploi.
464 3080 610 3162 Theolog.
633 3079 684 3144 HI
709 3087 750 3144 20
779 3099 809 3162 p.
835 3085 897 3145 163
910 3077 945 3142 P.
995 3078 1040 3142 Τὸ
1068 3075 1128 3160 μὲν
1156 3077 1195 3164 δή
1226 3074 1463 3162 πρώτιστονωε

290 3187 348 3257 καί
378 3185 559 3270 ἀμέθεκτον
587 3180 628 3250 ἓν
657 3182 808 3250 ἐπέκεινα
837 3197 901 3248 τῶν
929 3183 1012 3248 ὅλων
1032 3182 1251 3269 προϋπάρχον
1281 3179 1319 3247 οὐ
1348 3193 1413 3244 τῶν

288 3294 483 3381 μετεχόντων
504 3291 602 3375 μόνον
624 3290 709 3356 ἀλλὰ
732 3289 790 3356 καὶ
813 3303 878 3356 τῶν
899 3287 1115 3372 μετεχομένων
1139 3284 1259 3354 ἓνάδων
1274 3287 1413 3374 ὕμνηται

290 3404 346 3470 διά
375 3413 432 3489 τῆς
463 3400 597 3487 πρώτης
626 3395 834 3477 ὑποθέσεως,
865 3396 1021 3461 ἁπάντων
1051 3393 1110 3478 μέν
1134 3393 1280 3482 ἀρρήτως
1304 3387 1414 3456 α’ίτιον

290 3504 577 3595 ἀποπεφασμένον,
607 3502 685 3568 αὐτὸ
709 3501 745 3568 δέ
768 3501 801 3568 ἐν
824 3500 926 3568 οὐδενὶ
950 3502 1077 3598 δήὶτών
1100 3500 1234 3566 πάντων
1257 3497 1413 3587 ἀφοριζό-

289 3639 398 3700 μενον,
430 3609 503 3678 οὐδέ
532 3635 604 3676 τινα
635 3609 770 3693 δύναμιν
800 3604 870 3690 ἔχον
893 3607 966 3674 οὐδὲ
996 3605 1146 3696 ἰδιότητα
1170 3617 1304 3692 συγγενῆ
1327 3605 1413 3691 πρὸς

290 3723 365 3800 τοὺς
388 3719 506 3796 ἄλλους
530 3718 654 3794 θεοός“.
677 3718 760 3800 μετὰ
783 3715 819 3781 δέ
841 3726 935 3782 τοῦτο
958 3716 996 3782 τὸ
1018 3715 1124 3798 μόνως
1147 3712 1339 3799 δπεροόσιον
1354 3708 1414 3776 καί

291 3829 410 3916 δπερδν
443 3823 500 3892 καί
535 3823 672 3907 άμικτον
706 3823 791 3910 πρδς
825 3822 938 3900 πάσας
972 3823 1032 3900 τὰς
1054 3820 1212 3908 ὑπάρξεις
1241 3815 1315 3896 ἑνάς
1342 3816 1413 3882 ἐστι

290 3931 479 4021 μετεχομένη
502 3929 563 4015 μέν
585 3931 651 3996 ὑπὸ
673 3940 731 3995 τοῦ
753 3925 872 4007 όντος
894 3927 952 3994 καί
975 3926 1052 4014 περὶ
1075 3925 1174 4014 αὐτὴν
1196 3925 1412 4011 δποστήσασα

290 4044 347 4131 τήν
378 4039 512 4128 πρώτην
541 4033 654 4103 οὐσίαν
682 4033 740 4101 καί
770 4034 981 4102 πλεονάσασα
1010 4032 1053 4122 τῇ
1075 4032 1251 4120 προσθήκη
1274 4041 1332 4118 τῆς
1354 4052 1412 4112 με-

290 4147 414 4226 θέξεως
429 4146 549 4233 ταύτης
564 4154 622 4209 τοῦ
637 4143 777 4230 πρώτως
793 4139 869 4222 ἑνός,
894 4139 975 4228 αὐτή
999 4138 1035 4205 δὲ
1058 4138 1249 4227 ὑπεροόσιος
1271 4135 1414 4222 λίπαρξις

291 4251 348 4319 καί
371 4265 427 4340 τῆς
450 4247 639 4338 πρωτίστης
662 4262 775 4338 νοητῆς
798 4247 939 4334 τριάδος.
965 4247 1021 4313 δόο
1045 4246 1084 4334 δή
1107 4245 1229 4310 τούτων
1253 4240 1354 4309 όντων
1377 4240 1413 4306 έν

363 4467 390 4530 1)
408 4467 438 4520 ἐν
455 4465 569 4520 inseruit
586 4465 692 4518 Portus.
