3130 4980
640 393 767 448 Socrates.
1207 392 1259 458 2⁰1

142 549 253 628 ἀλλοις
288 547 438 638 ἑρπετοῖς
474 553 582 631 πόδας
617 549 759 634 ἔδωκαν,
794 553 964 642 ἀνθρώπιμ
999 554 1035 621 ria*
1065 556 1121 622 καί
1151 561 1261 646 χεῖρας

142 657 357 746 προσέθεσαν.
392 697 435 707 -
475 669 526 726 12.
562 659 619 726 καὶ
650 663 713 750 μὴν
734 659 791 726 καί
815 661 962 747 γλῶττάν
984 685 1018 748 με
1040 663 1173 729 πάντων
1196 677 1260 730 τών

142 760 232 852 ζώων
266 764 413 848 ἑχόντων,
448 767 547 856 μόνην
581 769 638 855 τὴν
672 781 736 833 τῶν
770 767 957 857 ἀνθρώπων
994 767 1154 860 ἐποίησαν
1188 771 1261 837 οἵαν

141 871 257 938 άλλοτε
292 872 415 962 ἀλλαχῇ
451 875 624 961 ψαύουσαν
658 885 717 942 τοῦ
750 875 925 959 στόματος,
960 875 1104 964 ἀρθροῦν
1137 901 1173 944 τε
1202 879 1260 967 τὴν

141 983 251 1069 φωνὴν
273 979 330 1046 καί
345 977 512 1069 σημαίνειν
528 982 639 1046 πάντα
657 981 808 1070 ἀλλήλοις
824 980 1069 1068 ἃβουλύμεθα,·
1080 1020 1124 1032 ·-
1142 995 1192 1052 13.
1220 983 1257 1052 ού
1297 969 1432 1074 ,ἷξςξξξίᾒ

140 1085 247 1154 τοίνυν
268 1087 365 1170 μόνον
388 1086 501 1176 ἤρκεσε
516 1087 564 1175 τῷ
578 1087 650 1176 θεῷ
664 1099 721 1155 τοῦ
737 1090 889 1172 σώματος
912 1088 1154 1180 ἐπιμεληθῆναι
1177 1081 1258 1172 ἀλλ’,

140 1193 222 1282 ὅπερ
245 1193 395 1280 μέγιστόν
418 1194 503 1276 ἐστι,
534 1194 591 1261 καὶ
614 1197 671 1285 τὴν
694 1198 799 1286 ψυχὴν
820 1194 997 1286 κρατίστην
1019 1197 1067 1285 τηῖ
1089 1198 1258 1286 ἀνθρώπῳ

139 1300 281 1389 ἐνέφυσε.
308 1335 349 1350 -
376 1340 415 1350 -
450 1311 500 1368 14.
531 1301 568 1368 ού
592 1303 652 1390 γάρ
683 1303 770 1368 πάνυ
800 1326 853 1370 σοι
868 1293 1066 1394 ’κατάδηλον
1089 1305 1141 1371 ὅτι
1165 1307 1259 1394 παρὰ

138 1411 180 1474 τά
203 1407 288 1474 άλλα
312 1407 381 1495 ζηῖα
405 1411 515 1498 ὥσπερ
538 1409 614 1476 θεοῖ
638 1407 668 1476 οῖ
685 1409 861 1498 άνθρωποι
876 1412 1067 1496 βιοτεύουσι,
1090 1414 1184 1501 φύσει
1201 1411 1257 1478 καί

138 1514 187 1602 τῷ
210 1517 340 1598 σώματι
364 1514 422 1582 καὶ
452 1515 493 1604 τῇ
523 1516 611 1605 ψυχῇ
642 1519 902 1602 κρατιστεύοντες
909 1549 919 1601 ,·
949 1556 993 1568 --
1023 1508 1093 1584 ἀλλ’
1123 1520 1201 1586 ὅταν
1227 1515 1261 1584 τί

138 1624 304 1711 ποιήσωσι
328 1626 451 1706 νομιεῖς
474 1622 589 1702 αύτούς
604 1633 663 1690 σοῦ
677 1621 858 1711 φροντίζειν
865 1655 875 1706 ,·
916 1635 965 1692 15.
985 1613 1088 1692 Ὅταν
1112 1624 1256 1709 πέμπω·
1281 1611 1450 1718 efflas

138 1752 198 1811 σιν,
235 1731 345 1818 ὥσπερ
375 1731 414 1794 σὺ
444 1726 510 1819 φῂς
543 1729 689 1813 πέμπειν
711 1728 841 1812 αύτούς,
877 1729 1075 1816 συμβούλους
1105 1733 1178 1798 ὅτι
1200 1733 1259 1822 χρὴ

137 1839 248 1902 ποιεῖν
270 1834 327 1902 καί
350 1838 395 1924 μη
419 1839 534 1902 ποιεῖν.
576 1824 678 1902 Ὅταν
701 1835 737 1902 δὲ
757 1825 960 1926 Ἀθηναίοις,
992 1834 1065 1928 ἔφη,
1088 1844 1259 1904 πυνθανο·

136 1941 247 2026 μένοις
269 1967 303 2010 τι
326 1943 383 2009 διὰ
404 1955 562 2030 μαντικῆς
585 1943 760 2032 φράζωσιν,
784 1943 820 2010 ού
836 1943 893 2010 καί
917 1945 971 2012 σοί
994 1946 1100 2024 δοκεῖς
1124 1945 1258 2035 φράζειν

137 2049 264 2130 αύτούς,
289 2038 357 2118 ούά)
376 2049 454 2115 ὅταν
475 2053 547 2128 τοῖς
564 2037 697 2140 Ἕλλησι
719 2050 841 2138 τέρατα
858 2050 1045 2135 πέμποντες
1068 2050 1257 2141 προσημαί-

135 2179 248 2238 νωσιν,
284 2147 352 2222 οὐδ’
379 2157 456 2222 ὅταν
485 2167 586 2222 πᾶσιν
621 2157 832 2244 ἀνθρώποις,·
867 2158 951 2224 ἀλλὰ
980 2159 1078 2242 μόνον
1106 2158 1143 2224 σέ
1165 2159 1256 2238 ε’ξαι-

135 2275 265 2352 ροῦντες
288 2262 321 2329 έν
344 2261 478 2352 ἀμελείᾳ
493 2261 753 2346 κατατίθενται,·
786 2273 836 2331 16.
862 2260 922 2331 οῖἐι
948 2255 980 2330 δ’
1006 2267 1045 2331 ἀν
1067 2267 1142 2344 τοὺς
1159 2267 1257 2344 θεοὺς

134 2376 206 2449 τοῖς
231 2370 423 2458 ἀνθρώποις
446 2369 542 2449 δόξαν
565 2367 708 2459 ἐμφῦσαι
733 2371 777 2450 ὡς
793 2367 900 2436 ἱκανοί
914 2369 995 2438 εἰσιν
1010 2370 1044 2438 εὖ
1067 2371 1124 2438 καί
1147 2385 1256 2450 κακῶς

133 2481 262 2559 ποιεῖν,
286 2475 315 2544 εῖ
337 2480 381 2566 μὴ
405 2477 537 2544 δυνατοί
559 2475 658 2566 ἦσαν,
681 2476 836 2556 καὶτοὺς
859 2478 1056 2567 ἀνθρώπους
1080 2479 1255 2559 ἐξαπατω-

132 2585 250 2670 μένους
272 2587 328 2651 τὸν
350 2585 461 2650 πάντα
489 2585 601 2686 χρόνον
624 2573 774 2650 οὐδέποτ’
801 2585 839 2650 ἀν
862 2582 1067 2668 αῖσθέσθαι;
1096 2585 1152 2668 ούχ
1175 2585 1253 2674 ὁρᾷς
1285 2571 1431 2676 ‘nmiffi'ss'ssssm

133 2694 184 2759 ὅτι
221 2694 264 2757 τά
299 2693 587 2778 πολυχρονιώτατα
621 2691 679 2757 καί
713 2693 891 2779 σοφώτατα
925 2707 990 2758 τών
1027 2690 1253 2781 ἀνθρωπίνων,

133 2799 250 2876 πόλεις
280 2797 336 2864 καὶ
366 2795 462 2888 ἔθνη,
485 2797 728 2884 θεοσεβέστατά
751 2797 839 2880 ἐστι,
866 2797 923 2865 καί
947 2797 983 2866 αῖ
1006 2801 1253 2888 φρονιμώταται

132 2903 263 2994 ἡλικίαι
286 2911 375 2971 θεῶν
391 2904 667 2989 ἐπιμελέσταται,·
700 2915 750 2971 17.
767 2904 889 2990 ὠγαθέ,
913 2902 985 2996 ἔφη,
1010 2907 1186 2991 κατάμαθε
1201 2907 1252 2972 ὅτι
1288 2927 1454 2992 previdentia,

131 3011 189 3078 καὶ
214 3013 235 3078 ὁ
257 3014 314 3090 σὸς
336 3023 409 3090 νοῦς
431 3011 508 3078 ε’νὼν
530 3014 568 3078 τὸ
591 3013 647 3078 σὸν
663 3026 758 3096 σῶμα
781 3013 873 3090 ὅπως
895 3013 1046 3096 βούλεται
1069 2979 1454 3102 μεταχειρί-110λῖῖῖῖῖάῖιθιήι

132 3120 239 3200 ζεται,
276 3116 409 3186 οῖεσθαι
441 3116 494 3184 οὖν
522 3121 581 3208 χρὴ
610 3117 667 3185 καί
697 3121 753 3207 τὴν
777 3119 810 3184 έν
832 3117 881 3206 τῷ
904 3119 1006 3186 παντί
1030 3120 1185 3209 φρόνησιν
1208 3123 1250 3185 τὰ

132 3228 245 3301 πάντα
270 3227 361 3304 ὅπως
384 3227 422 3292 ἀν
445 3225 528 3316 αὕτη
551 3227 609 3315 ἡδύ
631 3212 662 3314 ᾖ,
687 3228 770 3292 oreo
785 3223 970 3308 eleanan,
994 3226 1051 3293 καί
1074 3229 1118 3316 μη
1141 3229 1179 3292 τὸ
1195 3228 1252 3292 σὸν

130 3323 195 3418 μέν
218 3332 309 3418 ύμμα
334 3334 496 3400 δύνασθαι
527 3333 585 3398 ε’πί
609 3333 717 3399 πολλὰ
745 3333 863 3400 στάδια
887 3332 1103 3416 ἐξικνεῖσθαι,
1138 3334 1193 3399 τὸν
1216 3332 1253 3399 ἀὲ

130 3454 188 3508 τοῦ
211 3448 294 3509 θεοῦ
322 3439 499 3530 ὀφθαλμὸν
522 3440 680 3506 ἀδύνατον
709 3433 791 3506 εἶναι
816 3443 884 3524 ἅμα
908 3440 1018 3506 πάντα
1043 3441 1135 3528 ὁρᾶν,
1169 3437 1252 3528 μηδὲ

131 3551 189 3638 τὴν
212 3551 272 3638 σὴν
293 3547 352 3630 μὲν
375 3551 480 3638 ψυχὴν
510 3547 566 3614 καὶ
597 3546 760 3634 περὶτῶν
790 3543 908 3614 ἐνθάδε
936 3546 993 3613 καί
1024 3545 1100 3634 περὶ
1131 3560 1196 3612 τῶν
1219 3545 1252 3612 έν

130 3653 300 3742 Αἰγύπτῳ
329 3654 386 3722 καί
417 3654 450 3720 ἐν
474 3651 606 3742 Σικελίᾳ
636 3655 801 3720 δύνασθαι
825 3650 1021 3742 φροντίζειν,
1056 3656 1112 3742 την
1136 3652 1172 3720 δέ
1195 3663 1253 3719 τοῦ

130 3767 213 3828 θεοῦ
236 3761 392 3850 φρόνησιν
412 3765 458 3850 μὴ
483 3759 594 3850 ῖκανην
617 3753 701 3827 εἶναι
724 3762 793 3844 άμα
817 3761 949 3826 πάντων
973 3759 1216 3844 ἐπιμελεῖσθαι.

203 3911 232 3950 a.
254 3895 390 3960 Quatenus
416 3895 629 3950 mathematicam
655 3897 739 3948 artem
763 3894 951 3964 repudiaverit,
977 3912 1000 3948 v.
1026 3895 1090 3948 Xen.
1116 3894 1194 3946 Mem.
1213 3893 1250 3946 IV

131 3985 155 4051 I,
174 3987 200 4038 2.
239 3985 272 4038 In
290 3985 452 4038 naturalium
476 4001 563 4037 rernm
588 3983 775 4053 perquisitione
801 3983 941 4053 discipulos
966 4000 1089 4036 revocans
1113 3983 1146 4035 ab
1170 3982 1251 4052 impia

129 4075 299 4143 physicorum
324 4073 484 4127 tractatione
511 4073 592 4139 (sicut
614 4073 692 4126 Plato
710 4071 807 4125 Phaed.
833 4073 867 4126 96
886 4070 910 4125 Α
930 4089 968 4142 εη.
992 4071 1057 4142 Rep.
1077 4070 1128 4124 VII
1145 4069 1198 4124 529
1217 4071 1251 4134 Β)

130 4163 312 4230 teleologieam
330 4179 396 4234 quae
415 4162 513 4216 dieitur
536 4161 605 4214 viam
623 4161 758 4229 ingressae
777 4163 832 4227 est;
857 4177 923 4230 quae
941 4161 1009 4214 ratio
1028 4160 1136 4214 transiit
1153 4159 1187 4212 ad
1205 4158 1250 4212 Se-

130 4252 253 4306 eratioos.
290 4252 354 4306 Inde
372 4251 564 4323 interpretandi
583 4250 727 4319 Xenophon
751 4249 1027 4318 (Mem.11‚11sq.
1062 4249 1100 4302 IV
1120 4249 1143 4315 7,
1163 4249 1179 4302 G
1199 4251 1249 4318 sq.)

130 4344 159 4395 et
176 4339 337 4395 Aristoteles
354 4341 429 4408 (Met.
449 4341 463 4393 I
481 4341 512 4406 6;
531 4339 597 4392 XIII
616 4340 646 4404 4;
672 4339 745 4391 Part.
764 4337 851 4392 Anim.
870 4337 883 4391 I
904 4341 929 4405 1,
948 4357 971 4392 v.
991 4343 1034 4390 aa
1054 4339 1151 4405 188³),
1171 4337 1249 4392 cerri-

129 4431 233 4498 gendus
252 4429 341 4484 (heere
358 4430 414 4496 (Ae.
432 4429 446 4482 I
466 4427 508 4496 15,
527 4447 550 4482 v.
570 4433 613 4480 121²
632 4429 684 4482 188
699 4428 732 4491 a).

200 4527 233 4584 b.
254 4527 349 4581 Eadem
369 4527 562 4596 argumentatio
581 4525 681 4579 Socrati
701 4525 828 4578 tribuItur
846 4539 862 4576 a
879 4523 989 4578 Platone
1007 4523 1075 4578 Phil.
1095 4526 1129 4580 29
1140 4541 1177 4594 sq.
