3156 4988
584 344 663 398 Vitae
680 347 708 398 et
726 344 832 414 scripta.
1215 339 1270 403 395
1364 329 1367 336 .

146 505 231 569 ὥστε
261 505 367 570 δοκεῖν
395 505 469 582 τοὺς
499 502 633 583 πλείους
662 505 715 570 ότι
742 501 771 570 εἰ
794 505 888 592 παρὰ
916 508 1010 582 θεοῖς
1040 502 1078 593 ἦν
1107 506 1126 590 ἡ
1157 504 1269 570 όιαλεε

148 611 252 699 artari,
276 609 334 677 οὐκ
357 611 395 676 oie
418 610 500 701 άλλη
524 609 561 702 ἦν
584 613 640 700 ἦῆ
659 609 896 700 Χρυσίππειος.
914 649 955 658 -
982 621 1055 678 183.
1079 610 1181 700 φασίν
1205 600 1267 678 ἐπ’
1290 679 1294 687 ,

146 715 248 784 αὐτοῦ
271 717 424 806 λεχθῆναι
448 739 506 766 -·

300 821 329 890 εἰ
351 827 396 914 μὴ
420 826 481 914 γάρ
505 822 542 914 ἦν
565 826 775 913 Χρύσιππος,
799 821 857 892 oia
879 825 918 892 ev
941 823 978 914 ἦν
1002 825 1118 892 §rocta

220 962 248 1006 ιι.
272 949 388 1004 Solensis
407 950 534 1020 appellari
553 950 629 1004 solet.
656 950 737 1004 Pater
754 949 830 1004 Tarsi
848 949 1023 1016 habitaverat,
1039 949 1136 1004 deiude
1154 951 1228 1006 Solos
1242 967 1270 1006 se

146 1040 311 1094 contulerat:
330 1039 418 1094 Strab.
437 1040 500 1094 XIV
518 1039 543 1106 5,
563 1041 580 1094 8
599 1057 625 1110 p.
644 1038 705 1094 671.

220 1145 251 1202 λ).
276 1147 403 1200 Zenonem
422 1163 438 1200 e
456 1145 602 1217 Chrysippo
626 1146 747 1200 auditum
771 1163 828 1200 esse
847 1133 961 1200 non'est
977 1145 1132 1214 verisImile,
1152 1163 1210 1200 oum
1228 1147 1272 1201 hic

148 1239 270 1290 mortuus
293 1253 350 1290 cese
373 1236 476 1290 feratur
500 1235 541 1291 Ol.
562 1236 614 1290 143
633 1239 667 1303 (u.
693 1235 870 1300 208-204):
895 1253 919 1289 v.
937 1235 1015 1304 Diog.
1034 1235 1087 1292 VII
1106 1235 1171 1301 184;
1197 1234 1270 1290 Suid.

148 1343 172 1378 v.
194 1328 370 1400 Χρύσιππος.
445 1331 448 1338 “
991 1335 992 1338 ’
1217 1326 1218 1330 ’

221 1427 247 1470 e.
271 1413 360 1467 Etiam
377 1413 545 1468 Academicos
564 1413 708 1467 Arcesilam
732 1416 761 1466 et
777 1412 905 1482 Lecydem
929 1415 983 1480 (BP
1002 1413 1066 1479 430)
1089 1413 1219 1468 audivisse
1243 1415 1272 1466 et

147 1502 183 1556 ad
202 1503 349 1556 sententies
367 1519 456 1556 eorum
475 1503 610 1573 scripsisse
628 1503 738 1558 dicitnr:
757 1501 956 1571 moguntie
975 1507 1051 1564 τέλος
1071 1504 1102 1558 δὲ
1109 1499 1272 1576 Ἀρκεσιλάῳ
1293 1560 1295 1564 ,

147 1595 196 1644 καλ
216 1593 342 1666 Λακύδη,
362 1597 438 1647 καθά
458 1611 526 1665 φησι
541 1599 655 1647 Σωτίων
673 1595 703 1646 ἐν
721 1596 759 1662 τῷ
777 1593 877 1662 ὀγόόῳ,
897 1597 1136 1666 παραγενομένοις
1154 1594 1184 1647 iv
1195 1588 1271 1646 Ἀκα·

148 1683 239 1754 ’όημίηι
260 1685 511 1754 συνεφιλοσόφησε·
532 1678 573 1736 δι’
592 1683 625 1750 ἢν
644 1687 737 1735 αἰτίαν
754 1683 890 1735 καὶκατὰ
909 1690 955 1750 τῆς
974 1687 1121 1749 συνηθείας
1138 1685 1184 1734 καὶ
1203 1683 1272 1754 ὑπὲρ

149 1771 235 1838 αὐτῆς
257 1773 413 1844 ἐπεχείρησε
440 1776 487 1824 καὶ
515 1776 578 1846 περὶ
595 1778 724 1842 μεγεθῶν
740 1775 787 1824 καὶ
807 1774 921 1838 πληθῶν
939 1773 971 1844 τῇ
990 1781 1044 1824 τῶν
1059 1767 1275 1843 Ἀκαδημαϊκῶν

149 1863 285 1914 συστάσει
309 1863 491 1934 χρησάμενος.
528 1859 715 1928 significantur
742 1859 809 1912 duae
828 1858 968 1928 Chrysippi
995 1859 1158 1929 scriptiones,
1187 1861 1272 1914 altera

149 1951 221 2002 κατὰ
237 1959 283 2017 τῆς
298 1955 453 2016 συνηθείας,
473 1948 558 2002 altera
572 1953 635 2021 περὶ
654 1959 700 2017 τῆς
718 1953 872 2016 συνηθείας,
892 1948 923 2002 cf.
943 1948 1014 2001 Plut.
1025 1947 1104 2002 Stoie.
1123 1947 1188 2018 Rep.
1202 1948 1273 2015 loo

149 2055 176 2106 p.
197 2039 281 2104 1035;
306 2038 360 2094 Cic.
378 2038 425 2092 Ac.
451 2038 540 2094 1187.
582 2037 715 2092 Narratur
739 2037 855 2093 scholam
877 2037 905 2090 in
923 2037 1006 2105 Lyceo
1030 2037 1168 2091 habuisse:
1194 2037 1271 2106 Diog.

150 2126 202 2180 VII
221 2126 282 2194 185,
302 2127 334 2180 cl.
354 2127 380 2182 Z.
400 2127 441 2181 III
460 2127 489 2181 1³
508 2126 569 2182 40⁴.
607 2127 711 2182 Stoicus
729 2126 872 2196 Antipater
891 2126 998 2196 scripsit
1021 2129 1085 2198 περὶ
1103 2135 1149 2194 τῆς
1167 2129 1273 2182 Ktsutv·

150 2224 220 2277 θους
238 2221 283 2270 καί
303 2222 475 2290 Χρυσίππου
494 2217 647 2292 ὀιαφορᾶςτ
666 2216 737 2270 Plut.
757 2214 836 2270 Stoie.
855 2215 920 2285 Rep.
939 2215 957 2268 4
973 2231 999 2285 p.
1019 2215 1098 2272 1034.

223 2323 252 2377 (l.
281 2322 319 2378 Ct.
338 2322 390 2378 Cic.
409 2322 455 2378 Ac.
481 2324 575 2390 1175;
601 2321 668 2378 Gell.
687 2322 721 2377 N.
740 2322 772 2376 A.
798 2321 849 2375 VII
866 2320 925 2389 (Vl)
949 2323 1018 2389 21.
1056 2321 1194 2378 Cleanthis
1217 2339 1274 2376 suc·

151 2429 238 2466 cesset
257 2415 327 2465 erat:
347 2411 419 2466 Suid.
438 2431 462 2466 v.
483 2415 666 2485 Χρύσιππος,
690 2412 777 2466 Strab.
797 2411 863 2464 XIII
880 2410 915 2468 57
934 2428 959 2481 p.
979 2413 1039 2466 610.
1077 2411 1181 2466 Veteris
1194 2411 1272 2466 Stoae

151 2501 250 2572 placita
266 2501 330 2554 adeo
345 2501 458 2555 excoluit
473 2506 502 2554 st
518 2501 664 2572 perpolivit,
681 2505 714 2554 ut
722 2501 788 2554 nihil
797 2501 850 2554 fere
864 2503 926 2554 ante
935 2501 1090 2556 Panaetium
1103 2500 1273 2552 immutatum

153 2591 196 2644 sit.
220 2590 290 2644 Nam
304 2590 433 2658 Diogenes
447 2591 607 2658 Babylonius
622 2594 650 2643 et
659 2590 801 2660 Antipater
810 2589 946 2643 Tarsensis
960 2592 1014 2656 (BP
1024 2589 1087 2654 422)
1101 2589 1153 2642 etsi
1162 2589 1273 2642 auctori·

152 2683 209 2733 tete
234 2680 375 2750 plurimum
400 2679 536 2746 valebant,
561 2683 649 2732 tamen
675 2679 822 2733 doctrinam
851 2679 953 2732 scholae
980 2678 1103 2732 videntur
1129 2694 1213 2747 neque
1231 2676 1274 2730 tir·

152 2786 237 2822 masse
256 2786 339 2840 neque
358 2767 537 2838 amplificasse.

13 2971 14 3010 1
104 2960 145 3001 ³88
220 2949 311 3032 Diog.
336 2949 401 3012 VH
426 2957 498 3014 180.
543 2947 734 3026 Πλεονοίσας
763 2945 799 3012 cie*
830 2948 900 3024 τοῖς
923 2943 1097 3032 πράγμασι
1128 2944 1160 3032 (ὁ
1183 2945 1274 3034 Χρό-
1301 2961 1386 3014 scente

154 3056 294 3139 σιππος)
317 3057 374 3143 τὴν
391 3053 477 3134 λέξιν
492 3053 528 3120 οὐ
544 3055 754 3141 κατώρθωσε.
778 3052 1003 3129 πονικώτατός
1026 3076 1061 3118 τε
1083 3042 1168 3142 παρ’
1188 3053 1275 3120 όντι-

153 3171 224 3228 νοῦν
253 3160 376 3246 γέγονεν
383 3212 391 3242 ,
423 3162 468 3240 ὡς
498 3161 595 3250 όηλον
624 3157 661 3226 ἐκ
691 3174 756 3226 τῶν
786 3158 1044 3246 συγγραμμάτων
1068 3158 1181 3226 αὐτοῦ·
1220 3161 1275 3227 τὸν

13 3268 34 3306 ⁸
154 3269 298 3358 ἀριθμὸν
321 3269 381 3356 γὰρ
405 3267 488 3355 ὑπὲρ
511 3265 608 3334 πέντε
630 3266 688 3334 καὶ
713 3263 898 3332 ἑπτακόσιά
920 3264 1019 3332 ἐστιν.
1048 3265 1215 3355 ἐπλήθυνε
1237 3256 1271 3332 δ’

154 3374 238 3440 αὐτὰ
260 3375 422 3453 πολλάκις
445 3374 528 3462 ὑπὲρ
551 3384 609 3440 τοῦ
631 3373 730 3440 αὐτοῦ
752 3373 915 3459 δόγματος
931 3371 1103 3460 ἐπιχειρῶν
1124 3371 1183 3438 καί
1206 3383 1275 3438 πάν

153 3484 382 3550 τὸ-ὑποπισὸν
403 3481 536 3570 γράφων
559 3480 615 3547 καί
631 3481 864 3568 διορθούμενος
887 3479 1063 3558 πλεονάκις
1085 3476 1225 3568 πλείστῃ
1240 3504 1276 3546 τε

152 3602 218 3654 τῶν
239 3603 427 3678 μαρτυριῶν
450 3586 639 3677 παραθέσει
660 3589 837 3676 χρώμενος·
868 3585 1030 3653 ὥστεκαὶ
1053 3585 1176 3676 ἐπυιόήᾱ
1190 3578 1272 3654 ποτ’

151 3691 188 3761 ίν
210 3721 275 3762 τινι
305 3709 369 3762 τῶν
392 3695 651 3784 συγγραμμάτων
674 3687 758 3782 παρ’
777 3690 886 3780 ὀλίγον
913 3695 970 3783 τὴν
993 3691 1173 3781 Εὐριπίδου
1188 3694 1275 3782 Μή-

151 3803 243 3870 ὀειαν
273 3803 349 3892 ὅλην
378 3801 547 3891 παρέθετο
577 3799 636 3868 καί
665 3827 716 3880 τις
744 3803 827 3885 μετά
855 3805 966 3888 χεῖρας
988 3791 1051 3882 εἶχε
1079 3801 1118 3867 τὸ
1139 3798 1276 3886 βιβλίον,

155 3913 239 3998 πρὸς
262 3912 318 3976 τόν
338 3910 525 3994 πυθόμενον
547 3907 582 3974 τί
603 3909 667 3996 ὀίρα
684 3905 750 3991 ἔχοι
774 3905 853 3998 ἔφη·
878 3904 1082 3996 Χρυσίππου
1098 3905 1276 3996 Μήδειαν.

227 4049 257 4089 ιι.
276 4034 451 4104 Chrysippum
476 4035 505 4088 iu
522 4034 666 4104 eloquendo
691 4033 908 4102 negligentiorem
926 4032 1007 4086 tuisse
1025 4033 1131 4086 consmt
1148 4047 1179 4084 er
1196 4031 1277 4102 pluri·

151 4123 205 4178 mis
223 4127 344 4178 veterum
363 4123 536 4187 testimoniis,
561 4123 635 4177 velut
658 4119 767 4192 Dionys.
792 4122 854 4176 Hal.
878 4121 910 4174 de
929 4120 1018 4191 Comp.
1037 4119 1115 4174 Verb.
1134 4137 1160 4190 p.
1178 4121 1222 4187 30,
1242 4121 1277 4174 10

151 4213 220 4267 Rslr.
239 4218 286 4267 καὶ
306 4217 332 4267 ot
350 4215 398 4280 την
417 4217 591 4286 φιλοσοφίαν
609 4215 843 4283 ἐπαγγελλόμενοι
868 4215 916 4265 καλ
941 4213 990 4272 τὰς
1009 4211 1180 4272 διαλεκτικὰς
1197 4211 1277 4282 ἐκφέ-

153 4323 249 4375 ροντες
277 4306 374 4374 τέχνας
402 4305 487 4365 οίτιυς
511 4307 582 4358 εἰσὶν
609 4306 704 4357 ἄθλιοι
731 4306 795 4373 περὶ
813 4303 871 4368 1τὴν
896 4303 1029 4354 σύνθεσιν
1052 4310 1106 4353 τῶν
1124 4301 1277 4372 ὀνομάτων,-

152 4389 223 4459 ὣστ’
242 4391 388 4446 αἰδεῖσθαι
412 4398 459 4446 καί
482 4395 577 4463 λέγειν.
615 4395 723 4466 ἀπόχρη
749 4392 781 4446 or
805 4395 940 4464 τεκμηρίῳ
960 4391 1124 4462 χρήσασθαι
1150 4391 1278 4460 τῷλόγῳ

154 4487 329 4556 Χρησίππου
349 4492 400 4536 τοῦ
417 4487 555 4536 Στωϊκοῦ·
575 4486 726 4557 περαιτέρω
746 4482 799 4554 γάρ
819 4481 868 4532 οὐκ
887 4482 922 4532 όν
941 4483 1084 4553 προβαίην.
1103 4481 1205 4532 τούτου
1222 4481 1277 4551 γὰρ
