3156 4988
678 341 797 408 Physica.
1248 339 1298 398 38!

181 500 299 565 ibidem
328 501 422 564 horno
447 502 576 578 acutus,
607 521 680 566 cum
703 501 782 565 illud
807 504 1002 578 occurreret,
1033 503 1059 565 si
1083 503 1189 566 omnia
1212 503 1302 567 deor-

183 625 237 670 sus
269 625 285 671 a
315 608 442 689 regione
474 607 633 672 ferrentur
671 611 703 672 et
733 611 770 671 ut
794 609 856 672 diri
885 609 925 672 ad
955 610 1089 686 lineam,
1123 629 1301 691 numquam

182 713 248 778 fore
271 716 309 776 nt
332 716 457 777 atomus
475 715 577 778 altera
601 716 735 778 alteram
751 717 860 798 posset
876 716 1041 796 attingere,
1064 717 1175 797 itaque
1192 719 1304 780 attulit

182 839 250 884 rem
273 821 544 886 commenticiam:
569 822 727 886 dcchnare
751 822 830 885 dixit
853 825 996 886 atomum
1017 825 1215 907 perpaulum,
1241 843 1304 905 quo

182 927 261 989 nihil
290 930 399 1009 posset
426 928 495 992 fieri
524 928 651 1004 minus3
691 929 737 992 ita
767 928 849 992 effici
878 930 1109 1011 complexiones
1142 933 1174 994 et
1209 950 1305 1013 oopu-

182 1033 318 1098 lationes
343 1035 375 1097 et
398 1034 603 1099 adhaesiones
629 1037 810 1098 atomorum
830 1036 915 1100 inter
939 1055 988 1112 se,
1019 1055 1056 1100 er
1080 1056 1142 1117 quo
1167 1037 1304 1102 efficere·

182 1142 236 1202 tur
259 1141 399 1204 mundus
424 1160 598 1223 omnesque
621 1144 728 1223 partes
752 1143 865 1205 mundi
890 1161 1035 1223 quaeque
1059 1145 1091 1206 in
1116 1163 1151 1208 eo
1169 1144 1304 1208 assensn

254 1311 283 1353 a.
303 1298 340 1353 Cf.
359 1305 402 1352 ΕΡ
422 1301 473 1353 147
484 1317 523 1370 sq.
550 1331 583 1338 -
609 1300 788 1354 Proficiscitur
813 1301 873 1354 inde
898 1301 967 1371 quod
991 1302 1058 1354 nihil
1082 1303 1138 1355 fieri
1164 1303 1249 1373 possit
1273 1320 1304 1356 ex

183 1385 265 1441 nihilo
283 1405 367 1458 naqne
386 1389 528 1459 quidquam
547 1389 655 1443 interire
673 1389 770 1460 possit,
795 1391 826 1443 cf.
846 1389 949 1460 Epicur.
969 1390 1016 1460 Ep.
1036 1391 1049 1443 Ι
1069 1409 1109 1461 ap.
1129 1392 1206 1460 Diog.
1225 1393 1250 1444 X
1269 1393 1305 1446 38

183 1493 208 1545 p.
227 1477 244 1530 5
262 1476 309 1530 Us.
347 1477 447 1531 Deinde
472 1477 539 1530 nihil
564 1479 615 1532 nisi
634 1495 742 1548 corpora
765 1482 793 1531 et
812 1479 927 1548 spatium
946 1496 1003 1532 esse
1021 1481 1189 1549 pronuntiat:
1215 1481 1249 1534 ib.
1269 1482 1305 1534 39

182 1582 208 1634 p.
224 1566 240 1618 6
254 1565 301 1618 Us.
321 1569 352 1620 τὸ
369 1577 429 1620 πᾶν
447 1570 506 1622 ἔστι
518 1570 659 1641 <σώματα
678 1573 725 1622 καὶ
739 1570 844 1632 τόπος>
857 1571 881 1608 ¹·
903 1571 1019 1641 σώματα
1038 1571 1159 1642 μὲνγὰρ
1173 1573 1208 1631 ὡς
1222 1571 1306 1632 ἔστιν,

185 1656 253 1721 αὐτὴ
277 1659 293 1722 ἡ
313 1661 443 1724 αἴσθησις
467 1659 514 1712 ἐπὶ
539 1662 652 1712 πάντων
669 1664 817 1732 μαρτυρεῖ,
843 1654 911 1712 καθ’
929 1659 961 1725 ἣν
981 1661 1133 1728 ἀναγκαῖον
1152 1663 1184 1712 τὸ
1203 1660 1308 1726 ἰλεληλον

185 1748 221 1813 τῷ
239 1749 366 1818 λογισμῷ
384 1751 589 1818 τεκμαίρεσθαι.
627 1749 712 1807 τόπος
731 1747 762 1800 δὲ
782 1751 806 1800 εἰ
823 1749 863 1820 μὴ
882 1746 921 1814 ἦν,
943 1748 973 1800 ὃν
991 1750 1070 1802 κενὸν
1087 1753 1134 1801 καὶ
1149 1751 1246 1822 χώραν
1258 1753 1306 1801 καὶ

185 1835 280 1906 ἀναφῆ
298 1838 385 1905 φύσιν
403 1837 591 1908 ὀνομάζομεν,
616 1839 665 1888 οὐκ
690 1839 724 1888 ἂν
749 1837 804 1906 εἶχε
824 1838 858 1888 τὰ
885 1839 1002 1908 σώματα
1028 1837 1101 1890 ὅπου
1125 1836 1158 1904 ἦν
1178 1837 1243 1892 οὐδὲ
1262 1834 1302 1890 δι’

186 1915 219 1976 οὗ
236 1925 356 1978 ἐκινεῖτο.
394 1923 507 1994 Corpora
532 1929 613 1992 negat
637 1925 664 1978 in
689 1924 823 1978 infinitum
842 1924 923 1977 dividi
948 1942 1038 1994 possa,
1063 1943 1123 1978 nam
1149 1926 1169 1978 si
1189 1929 1308 1994 possent,

184 2011 239 2064 fore
257 2015 289 2064 ut
307 2013 392 2066 omnia
409 2013 438 2066 in
455 2013 482 2066 id
501 2013 571 2082 qnod
588 2029 641 2066 non
659 2016 702 2066 est
720 2013 924 2082 dissiparentur:
943 2013 978 2066 ib.
997 2013 1032 2066 56
1050 2031 1075 2084 p.
1097 2015 1130 2067 16
1143 2013 1190 2066 Us.
1215 2013 1307 2067 Atomi

184 2099 361 2154 immutabiles
381 2105 459 2168 sunt,
485 2103 546 2172 qnia
563 2101 688 2154 mutabili
706 2117 811 2154 necessa
830 2104 872 2154 cst
890 2101 977 2154 subsit
1001 2102 1096 2157 stabile
1115 2101 1226 2172 aliquid3
1254 2105 1306 2156 est·

186 2206 236 2259 que
254 2191 288 2244 iis
306 2191 476 2245 tribuendum
493 2191 580 2260 figura
597 2191 700 2260 pondus
718 2190 882 2258 magnitudo,
901 2207 953 2243 non
972 2190 1095 2259 qualitas,
1124 2192 1219 2262 quippe
1239 2207 1308 2260 qnae

185 2279 354 2333 immutetur:
372 2281 407 2334 ib.
423 2280 459 2334 54
471 2298 497 2350 p.
514 2281 548 2334 14
560 2279 607 2333 Us.
635 2279 745 2333 Atomos
763 2280 884 2332 minimas
903 2296 959 2332 esse
978 2295 1009 2332 ex
1026 2296 1056 2333 co
1075 2280 1217 2348 colligitur,
1237 2281 1308 2350 quod

186 2369 301 2422 omnium
324 2370 412 2423 oculos
435 2371 555 2438 fugiunt:
578 2369 613 2423 ib.
639 2370 674 2423 56
692 2387 718 2439 p.
740 2369 772 2422 lb
791 2369 838 2422 Us.
875 2369 988 2421 Necesse
1011 2373 1053 2421 est
1077 2369 1226 2422 universum
1250 2386 1309 2422 esse

185 2457 333 2512 infinitum:
357 2459 392 2512 ib.
411 2459 445 2512 41
464 2477 489 2528 p.
510 2460 525 2512 7
544 2456 590 2512 Ua.
611 2461 680 2512 ἀλλὰ
698 2461 754 2532 μὴν
773 2463 819 2512 καὶ
838 2461 869 2511 τὸ
889 2469 947 2511 πᾶν
967 2461 1083 2530 ἄπειρόν
1101 2461 1172 2512 ἐστι’
1201 2461 1232 2511 τὸ
1251 2461 1308 2530 γὰρ

187 2553 398 2621 πεπερασμένον
422 2553 505 2622 ἄκρον
523 2549 592 2618 ἔχει,
619 2551 650 2602 τὸ
676 2549 707 2602 δὲ
727 2553 810 2622 ἄκρον
829 2545 901 2620 παρ’
917 2548 1009 2618 ἕτερόν
1033 2568 1060 2600 τι
1078 2555 1227 2618 θεωρεῖται.
1265 2548 1309 2600 Se·

186 2637 278 2706 quitur
295 2637 427 2691 infinitam
445 2637 644 2691 multitudinem
662 2654 719 2690 esse
738 2640 900 2703 atomorum,
925 2654 958 2689 ne
977 2653 1023 2706 per
1040 2635 1174 2689 infinitum
1193 2637 1308 2706 spatium

186 2727 263 2781 inane
288 2727 420 2797 dispersae
443 2729 612 2780 evanescant:
639 2727 674 2780 ib.
693 2727 728 2780 42
747 2743 772 2796 p.
792 2727 807 2779 7
827 2725 873 2778 Us.
911 2725 975 2778 Esse
994 2726 1071 2778 inane
1090 2741 1120 2778 ex
1138 2741 1168 2778 ec
1187 2725 1310 2791 efficitur,

188 2817 257 2886 quod
281 2819 323 2870 est
345 2819 434 2870 motus
459 2815 578 2886 quodque
597 2833 701 2870 necesse
719 2819 762 2868 est
780 2832 836 2868 esse
864 2831 914 2884 quo
933 2815 1015 2867 atomi
1033 2818 1200 2884 separentur:
1218 2815 1254 2868 ib.
1273 2815 1312 2868 to

187 2923 213 2975 p.
233 2907 263 2971 63
283 2905 319 2959 44
337 2923 362 2975 p.
382 2907 399 2960 8
416 2905 479 2971 Us.;
497 2905 631 2958 infinitum
649 2904 677 2958 id
696 2921 752 2958 csse
771 2905 905 2970 convenit,
931 2907 963 2956 ut
981 2904 1063 2956 atomi
1081 2904 1253 2957 multitudine
1271 2904 1309 2956 in·

188 2994 278 3048 finitae
296 2995 412 3048 habeant
431 3011 481 3064 quo
506 2994 703 3047 contineantur:
726 2994 762 3047 ib.
781 2994 817 3047 42
835 3011 860 3064 p.
881 2994 896 3046 7
915 2991 962 3046 Us.
992 3021 1026 3030 —
1054 2993 1144 3046 Motus
1163 2996 1309 3046 atomorum

189 3084 285 3154 duplex
303 3087 354 3150 est,
373 3101 434 3137 nam
452 3085 535 3136 altaro
553 3081 586 3136 fit
603 3087 636 3136 ut
654 3083 768 3154 pondere
787 3099 834 3136 suo
848 3082 969 3136 deorsum
987 3081 1113 3149 ferantur,
1132 3082 1215 3136 altaro
1234 3086 1266 3136 ut
1278 3082 1313 3135 de

188 3177 261 3226 recta
279 3173 322 3226 ria
340 3173 501 3226 dechnantes
519 3173 589 3226 inter
608 3189 636 3225 se
655 3171 794 3225 cclhdant:
813 3171 883 3224 Plac.
903 3171 979 3238 123,
998 3171 1016 3223 4
1033 3171 1108 3238 (Dor.
1128 3172 1198 3236 321).
1235 3171 1313 3224 Prior

189 3263 297 3332 abipso
315 3261 426 3332 Epicuro
451 3263 479 3314 in
497 3261 545 3332 Ep.
563 3261 577 3314 Ι
604 3279 646 3332 ap.
664 3261 740 3330 Diog.
759 3261 785 3313 X
803 3261 838 3315 43
862 3278 887 3330 p.
907 3261 924 3314 8
943 3247 990 3314 Usss
1015 3277 1068 3314 non
1086 3260 1230 3328 attingitur
1253 3260 1311 3327 (scd

148 3400 150 3403 ,
189 3352 247 3405 hiat
265 3352 374 3418 crahc),
403 3354 618 3405 commemoratur
641 3367 657 3404 a
679 3351 783 3404 Lueret.
802 3350 830 3402 11
847 3351 882 3404 83
893 3366 940 3419 sq,
959 3350 1089 3419 posterior
1114 3349 1192 3402 simul
1210 3349 1314 3402 ethicae

191 3441 364 3495 stabiliendae
388 3441 512 3507 inservit,
541 3458 593 3510 quo
617 3440 721 3494 arbitrii
744 3439 855 3493 libertas
880 3442 972 3492 contra
996 3455 1040 3492 eos
1059 3437 1104 3507 qui
1122 3437 1208 3490 omnia
1225 3453 1314 3491 neces-

191 3531 259 3584 saria
287 3547 343 3584 asse
372 3531 528 3584 statuebant
555 3529 724 3584 defendatur:
752 3528 856 3599 Epicur.
875 3527 959 3597 Epist.
985 3527 1026 3580 III
1054 3544 1095 3596 ap.
1120 3527 1196 3594 Diog.
1215 3527 1240 3579 X
1259 3527 1323 3580 133.

190 3637 215 3690 p.
235 3621 270 3676 65
283 3619 330 3674 Ua.
358 3626 481 3693 κρεῖττον
497 3618 531 3686 ἦν
549 3623 586 3689 τῷ
605 3623 668 3693 περὶ
686 3625 759 3672 θεῶν
776 3621 861 3691 μύθῳ
874 3619 1091 3670 κατακολουθεῖν
1109 3621 1124 3682 ἢ
1143 3619 1175 3688 τῇ
1190 3626 1243 3668 τῶν
1259 3637 1314 3687 φα·

192 3721 275 3764 σικῶν
293 3713 445 3782 εἱμαρμένῃ
464 3709 617 3763 δουλεύειν·
647 3709 732 3780 ὁμὲν
750 3710 804 3782 γὰρ
822 3707 924 3760 ἐλπίδα
944 3707 1134 3778 παραιτήσεως
1154 3707 1315 3777 ὑπογράφει

191 3807 263 3854 θεῶν
281 3797 330 3852 aad
349 3807 435 3871 τιμῆς,
454 3801 470 3865 ἡ
489 3799 521 3851 δὲ
540 3799 729 3870 ἀπαραίτητον
747 3799 803 3867 ἔχει
822 3798 870 3863 τὴν
889 3797 1019 3865 ἀνάγκην.
1056 3793 1094 3848 Cf.
1114 3799 1158 3846 BP
1176 3793 1238 3847 382.

262 3923 293 3978 b.
313 3922 365 3977 Cic.
385 3923 460 3976 Deor.
480 3921 542 3976 N.I
561 3923 595 3976 69
614 3921 757 3990 Epicuros
771 3937 833 3974 cam
846 3919 960 3986 videret,
980 3919 1005 3973 α’
1023 3918 1108 3972 αιοοιιΙ
1126 3915 1314 3982 sementaria
1349 3965 1351 3968 ,

192 4013 281 4066 locam
299 4011 459 4076 turbatorem
478 4017 572 4078 suapte
588 4011 720 4078 pondere,
738 4010 812 4063 nihil
829 4008 888 4074 fore
906 4010 938 4062 ic
958 4013 1054 4062 costra
1068 4011 1214 4076 potestate,
1239 4004 1313 4074 qaod

192 4105 258 4156 esset
276 4117 372 4154 earam
385 4105 474 4155 motas
492 4106 583 4154 certas
601 4105 628 4154 et
639 4100 819 4166 necessarias,
842 4099 948 4154 incenit
966 4115 1018 4166 qao
1036 4095 1116 4150 modo
1129 4094 1317 4150 memsttateaa

193 4189 333 4259 effecerat,
351 4190 425 4259 qaod
443 4189 569 4243 videlicet
588 4189 778 4244 Democritum
795 4187 924 4256 superat:
947 4187 991 4240 ait
1010 4192 1144 4251 ammam,
1165 4199 1227 4236 cam
1241 4199 1314 4250 poa-

194 4279 257 4333 dere
276 4284 301 4333 et
317 4279 456 4348 pravitate
475 4279 579 4333 directo
598 4279 710 4332 deorsus
728 4276 845 4342 factae,
866 4276 1005 4330 declimae
1019 4275 1179 4342 paulatum.

195 4407 409 4416 ffl—

268 4477 294 4540 1)
312 4476 422 4529 Hiatum
442 4477 574 4546 supplevit
590 4476 699 4530 Usener.
