3140 4990
621 343 795 406 Parmenides.

239 509 334 601 αἰδηρ
357 542 388 582 τε
412 513 500 591 ξυνὸς
516 509 601 600 1γάλα
623 510 649 580 τ’
675 510 816 599 οὐράνιον
838 517 886 579 καί
904 507 1062 596 Ὄλυμπος

239 624 365 708 ἔσχατος
387 618 436 708 ᾖδ’
461 616 584 709 άστροιν
607 621 724 708 θερμὸν
746 623 835 706 μίνος
858 614 1047 707 ὡρμήθησαν

240 736 377 815 γίνεσθαι
393 739 432 794 0.·

82 945 149 986 rouo
218 928 303 993 Stob.
326 927 391 991 Eol.
414 927 431 990 I
453 933 527 992 482.
572 929 769 1013 Παρμενίδης
798 919 952 1012 στεφάνας
974 923 1047 990 εἶναι
1071 930 1266 1011 περιπεπλεγ-

151 1039 241 1121 μένας
262 1029 456 1120 ἔπαλλῆλους,
480 1029 536 1119 την
558 1039 615 1118 μὲν
637 1039 669 1101 ίκ
691 1035 749 1100 τοῦ
771 1028 887 1121 οἷραιοῦ,
917 1032 972 1119 τὴν
1002 1034 1037 1099 δὲ
1065 1035 1096 1097 ἔκ
1123 1034 1181 1098 τοῦ
1207 1061 1266 1097 πυ-

151 1144 224 1208 κνοῦ
236 1161 243 1176 ·
265 1140 373 1226 μικτὰς
402 1144 436 1208 δὲ
463 1137 556 1216 ἄλλος
582 1145 614 1207 ἐκ
643 1135 746 1227 φατὸς
773 1146 821 1207 καί
845 1138 970 1218 σκότους
991 1133 1104 1224 μεταξδ
1126 1135 1265 1204 τούτων·

151 1247 257 1315 καὶτὸ
281 1245 440 1334 περιίχονῖ
467 1250 500 1312 δὲ
522 1246 623 1324 πάσας
645 1252 764 1330 τείχους
788 1251 873 1333 δίκην
896 1243 1015 1334 στερεὸν
1037 1240 1187 1334 δποίρχειν,
1210 1239 1264 1335 ὕφ’

153 1348 341 1446 ᾧπορῶδης
371 1352 525 1444 στεφάνη·
555 1359 602 1420 καί
631 1353 667 1420 τδ
696 1359 879 1438 μεσαίτατον
908 1355 1014 1420 πασῶν
1042 1360 1108 1441 περὶ
1139 1349 1267 1419 δπάλιν

152 1461 302 1548 πυρώδης.
336 1469 396 1527 τῶν
431 1466 466 1528 δὲ
500 1469 660 1546 συμμιγῶν
693 1461 751 1546 τὴν
784 1460 972 1546 μεσαιτάτην
1001 1455 1114 1527 ἅπασιν
1143 1463 1267 1527 αἰτίαν1

152 1569 252 1655 πάσης
280 1567 424 1654 κινήσεως
452 1573 501 1652 καὶ
531 1570 698 1652 γενέσεως2
728 1563 882 1655 ὑπάρχειν,
914 1562 1022 1654 ἥντινα
1044 1574 1092 1634 καὶ
1117 1572 1268 1651 δαίμοναῑς

152 1678 327 1762 κυβερνῆτιν
349 1680 397 1740 καὶ
420 1677 586 1762 κλῃδοῦχον
609 1672 793 1759 ἐπονομάζει,
819 1678 904 1760 δίκην
927 1702 959 1741 τε
982 1679 1031 1741 καί
1054 1672 1196 1760 ἀνάγκην.

224 1815 253 1857 u.
280 1800 319 1853 Ex
329 1799 433 1853 orbibus
443 1799 580 1854 oiroulisve
593 1802 673 1868 putat
686 1800 835 1854 universum
849 1801 1029 1869 compositum,
1048 1802 1188 1868 στεφάνας
1202 1815 1269 1868 quus

153 1889 226 1943 dicit.
262 1890 318 1943 Ησσ
335 1905 428 1942 nomen
445 1891 487 1942 est
505 1888 690 1958 supplendum3
709 1888 786 1958 plura
804 1889 879 1944 docet
897 1889 1024 1942 Stobueuo
1042 1895 1086 1942 R?
1106 1890 1155 1943 101
1174 1889 1207 1945 D.

224 1994 254 2049 b.
282 1994 314 2048 Id
338 2011 370 2048 ne
394 1994 429 2048 od
452 1997 549 2049 mixtos
571 1999 678 2048 tautum
701 1995 774 2048 orbes
799 1995 940 2049 referamus
963 1996 1005 2062 (ut
1029 1994 1101 2049 Stob.
1127 1995 1191 2050 feeit
1208 1997 1226 2050 l.
1246 2014 1268 2051 ο.

153 2089 196 2136 BP
217 2084 309 2138 1011)
333 2085 389 2136 τοῖν
414 2087 560 2152 σομμιγιιῖν
583 2083 632 2148 τη“ν
650 2081 827 2153 μεσαιτάτην)
852 2087 928 2138 cavet
953 2083 1044 2154 Simpl.
1065 2084 1143 2154 Phys.
1162 2087 1206 2139 81.
1225 2086 1269 2150 34,

154 2174 189 2226 14
201 2174 240 2226 D:
254 2171 303 2236 την
317 2171 479 2242 στοιχειώδη
491 2169 634 2224 tortosam
644 2173 832 2242 (Empedocles)
846 2168 883 2231 ὠς
895 2174 940 2223 καὶ
952 2172 1125 2242 Παρμενίδης
1137 2169 1269 2226 ἐθεάσατο

154 2262 199 2312 καὶ
217 2257 351 2323 ποιητικόν
369 2264 455 2314 αἴτιον
474 2259 576 2320 ἐκεῖνος
594 2267 646 2332 μὲν
665 2259 695 2313 ἓν
713 2260 812 2329 κοινόν,
835 2262 884 2325 τήν
902 2260 933 2314 ἐν
958 2263 1032 2335 με’σφ
1056 2259 1167 2315 πάντων
1192 2261 1271 2332 ἰδρυ-

153 2351 240 2419 μένην
257 2352 303 2401 καὶ
321 2349 408 2412 πάσης
426 2350 559 2418 γενέσεως
577 2354 669 2403 αἰτίαν
687 2349 815 2420 δαίμονα,
835 2354 951 2416 τίθησιν,
970 2336 1049 2410 οὗτος
1063 2350 1095 2404 δὲ
1109 2353 1155 2403 καὶ
1168 2349 1199 2404 ἐν
1213 2359 1270 2412 τοῖς

154 2446 299 2501 ποιητικοῖς
317 2441 409 2499 αἰτίοις
427 2438 475 2504 την
493 2436 637 2492 α’ντίθεσιν
656 2437 802 2493 ἐθεάσατο.
839 2440 880 2495 Cf.
900 2441 995 2494 Iambl.
1015 2441 1103 2496 Theol.
1118 2442 1233 2496 Arithm.
1243 2444 1269 2496 8.

155 2526 256 2580 ἐοίκασι
273 2528 306 2582 δὲ
324 2527 391 2580 κατά
410 2545 444 2598 ye
462 2532 545 2582 ταῦτα
563 2529 823 2592 κατηκολσυδηκέναι
837 2536 894 2589 τοῖς
905 2534 1105 2600 Πυθαγορείοις
1119 2533 1149 2582 σί
1158 2547 1189 2583 τε
1207 2534 1270 2598 περὶ

152 2617 334 2690 Ἐμπεδοκλέα
352 2621 397 2669 καὶ
414 2618 588 2689 Παρμενίδην
607 2660 613 2674 ,
634 2661 639 2673 ,
660 2663 665 2674 .
686 2619 807 2690 φάμενοι
830 2617 878 2681 την
900 2618 1054 2689 μοναδικην
1072 2618 1154 2689 φύσιν
1169 2621 1270 2679 Ἑστίας

154 2706 257 2777 τρόπον
276 2707 399 2780 ἐνμέσῳ
423 2705 564 2779 ἱδρῦσθαι,

226 2811 252 2851 o.
281 2780 367 2862 Quare
392 2813 443 2850 nou
468 2797 561 2850 mirum
577 2797 644 2866 quod
663 2796 823 2852 Plutarchus
842 2797 959 2852 Amator.
981 2799 1013 2852 13
1036 2814 1093 2852 eum
1112 2793 1271 2867 Ἀφροδίτην

156 2885 281 2955 appellet.

226 2975 256 3029 ol.
284 2975 322 3028 De
340 2974 434 3028 Amore
453 2974 622 3028 Parmenideo
641 2976 722 3030 Arist.
741 2975 804 3030 met.
824 2976 838 3029 Ι
856 2977 881 3030 4.
901 2975 1033 3031 984125.
1062 2972 1271 3037 κατασκευάζον

156 3062 208 3126 τη“ν
226 3067 274 3114 τοῦ
292 3061 393 3122 παντός
414 3063 521 3131 γένεσιν
546 3061 703 3132 πρώτιστον
727 3065 788 3134 μέν,
813 3069 904 3135 φησίν,
932 3061 1021 3132 ἔρωτα
1046 3070 1121 3118 θεῶν
1142 3071 1271 3135 μητίσατο

155 3153 276 3206 πάντων.
313 3153 354 3206 of.
374 3152 445 3207 Plot.
465 3153 552 3222 Symp.
574 3154 624 3209 178
643 3154 672 3209 Β,
710 3153 834 3208 Genereti
852 3157 916 3208 nunt
934 3154 1054 3224 deinceps
1073 3157 1152 3211 ceteri
1170 3156 1219 3220 dei,
1239 3155 1270 3210 do

156 3243 250 3312 quibus
269 3257 337 3296 more
356 3242 533 3310 antiquiorum
553 3245 687 3311 poetarum
706 3241 810 3294 παλαιοί
829 3235 981 3312 πράγματα
1001 3246 1134 3310 narravit,
1154 3261 1177 3298 v.
1197 3243 1268 3298 Plut.

156 3330 243 3400 Symp.
265 3330 315 3385 195
325 3330 354 3384 0.
391 3331 447 3385 Cio.
467 3332 498 3384 D.
518 3331 581 3385 Nat.
601 3332 667 3386 111
686 3337 730 3386 BP
750 3333 798 3386 101
807 3349 830 3386 ιι.

227 3451 253 3492 e.
291 3438 390 3492 Horum
408 3437 615 3506 fragmentorum
633 3440 696 3505 (133
707 3468 735 3476 -
746 3441 797 3494 139
816 3442 844 3492 et
864 3439 1027 3508 140—143)
1052 3441 1114 3508 quio
1132 3442 1271 3508 utrumque

156 3526 208 3580 fere
226 3527 313 3581 eodem
332 3528 359 3581 iu
378 3532 533 3595 argumento
552 3531 676 3593 versetur,
696 3527 770 3582 Stein
781 3546 805 3598 p.
818 3529 869 3582 797
884 3528 1061 3582 demonstrare
1079 3529 1235 3598 ingreditur,
1254 3546 1285 3584 a·

157 3617 291 3670 Clemente
315 3616 411 3671 salsum
436 3618 551 3672 auctoris
569 3634 662 3672 nomen
680 3617 826 3683 traditum,
855 3617 1035 3672 Parmeniden
1053 3635 1098 3687 pro
1118 3618 1271 3687 Empedoole

157 3706 321 3760 nominatum
334 3723 395 3760 esee.
425 3705 473 3760 Sed
493 3707 561 3760 enim
581 3707 659 3776 plone
677 3707 828 3776 ignoramus
848 3708 893 3776 qui
912 3707 993 3761 fuerit
1010 3710 1121 3776 utroque
1138 3707 1196 3762 loco
1214 3724 1271 3762 eeu-

157 3797 300 3848 teutiorum
314 3811 434 3860 conexus,
452 3794 520 3849 unde
538 3811 569 3848 ee
586 3795 737 3864 fragmento
755 3795 869 3865 abrupto
887 3799 957 3850 suut.
995 3795 1078 3860 Quid,
1101 3797 1125 3848 ei
1143 3797 1271 3864 posterius

157 3883 225 3936 illud
244 3884 431 3952 interroganti·
450 3883 503 3938 fuit
530 3887 635 3952 poetae,
663 3884 691 3938 id
715 3889 818 3949 autem,
847 3883 916 3953 quod
943 3885 1015 3953 prius
1040 3887 1171 3938 numerari
1196 3884 1271 3950 solet,

158 3971 220 4025 deae
237 3970 436 4040 respondentis?

157 4119 369 4128 ..μ-...Μ

231 4225 257 4292 1)
276 4223 338 4279 Cod.
357 4217 475 4282 άπάσαις
494 4238 524 4274 τε
542 4228 595 4278 καί.
633 4221 714 4276 Davis
733 4216 851 4282 άπάσαις
870 4224 948 4275 τοκέα
967 4223 1016 4291 (sio
1035 4223 1126 4290 Diels).
1162 4221 1272 4276 Krische

160 4305 274 4372 άπάσαις
293 4316 381 4366 αἰτίαν
395 4314 441 4380 (sic
451 4311 645 4380 Waohsmuth).
683 4311 756 4366 Stein
771 4307 859 4363 ι’ίπασι
873 4313 960 4364 τοκέα.
998 4311 1081 4365 Zeller
1094 4309 1180 4380 α’ρχὴν
1193 4311 1273 4364 τόκου

160 4419 190 4454 τε
208 4408 261 4455 κατ’.
299 4404 326 4470 2)
344 4403 384 4456 An
403 4401 453 4466 την
471 4400 638 4471 μεσαιτόίτην
657 4403 748 4453 αἰτίαν
768 4397 854 4452 ἅπασι
872 4399 951 4454 τόκου
976 4418 1005 4452 τε
1028 4405 1074 4453 καί
1098 4399 1185 4464 πάσης
1208 4399 1273 4465 κυή-

161 4507 228 4550 σεως
246 4493 291 4542 καὶ
309 4487 485 4558 γεννησειοςῖ
521 4489 561 4545 Of.
581 4507 617 4545 vs.
639 4491 698 4545 129.

213 4595 469 4639 mmmm
1046 4579 1061 4633 7
