3130 4980
306 349 360 412 240
822 353 908 408 Plato.

307 519 334 568 ei
351 515 380 568 in
399 531 450 583 quo
469 514 616 582 philosophi
632 530 675 566 ars
689 515 800 567 maxime
815 513 1001 581 conspiciatur,
1021 511 1054 566 el.
1064 511 1166 564 Philob.
1178 513 1212 565 16
1222 511 1243 565 O
1253 527 1291 580 sq.
1312 517 1355 563 ΒΡ
1366 511 1429 576 255,

306 604 370 672 Rep.
390 603 443 656 VII
462 603 546 657 634ss
567 597 624 675 Ἆρ’
653 599 702 656 οὖν
727 603 805 656 δοκεῖ
829 621 875 656 σοι
899 601 992 674 ὥσπερ
1017 603 1130 674 θριγκὸς
1149 606 1207 660 τοῖς
1223 603 1431 672 μαθήμασινὴ

306 693 460 758 διαλεκτικὴ
478 694 545 763 ἡμῖν
572 693 665 744 ἐπάνω
683 697 808 753 κεῖσθαι,
836 695 883 744 καὶ
902 687 990 744 οὐκέτ’
1013 693 1079 742 ἄλλο
1099 691 1199 742 τούτου
1216 693 1338 762 μάθημα
1357 691 1430 742 ἀνω-

306 786 373 854 τέρω
391 783 479 854 ὀρθῶς
499 784 533 833 (ἲν
551 782 738 842 ἐπιτίθεσθαι,
768 776 830 831 ἀλλ’
853 781 926 850 ἔχειν
945 779 996 846 ήδη
1016 783 1091 840 τέλος
1110 781 1144 831 τά
1163 789 1217 830 τῶν
1234 781 1429 850 μαθημάτων;

378 922 406 977 b.
426 923 464 976 De
483 922 543 975 idea
561 920 637 984 boni,
663 922 758 990 inqua
777 921 861 974 omnis
879 919 1047 989 philosophia
1066 919 1187 973 Platonis
1207 935 1266 974 oum
1285 918 1429 972 dialooiioa

304 1012 363 1064 ium
382 1010 489 1063 moralis
508 1011 626 1064 velutin
646 1008 750 1063 cardine
769 1025 816 1062 suo
835 1009 955 1072 vertitur,
975 1025 998 1062 v.
1018 1013 1061 1060 ΒΡ
1080 1007 1140 1062 257.

119 1258 278 1354 Βίῑθῗξῑὶᾓαζῑδ
372 1259 500 1340 Protag.
532 1267 595 1324 352
608 1262 645 1323 A.
687 1245 754 1323 Ἴθι
778 1259 816 1345 δή
846 1281 919 1340 μοι,
955 1254 981 1321 ολ
1005 1256 1228 1344 Πριοταγόρα,
1266 1254 1324 1320 καὶ
1353 1256 1477 1322 volem

304 1376 362 1451 της
384 1361 533 1440 διανοίας
555 1363 789 1448 άποκάλοψον·
820 1377 893 1440 πᾶς
917 1360 998 1444 ἐχεις
1022 1365 1105 1448 πρὸς
1128 1361 1327 1451 ἐπιστήμην,·
1362 1363 1428 1428 πό-

305 1493 397 1554 τερον
419 1469 477 1534 καλ
500 1471 595 1536 τοῦτό
618 1493 670 1535 σοι
695 1471 784 1536 δοκεῖ
807 1473 918 1557 ὥσπερ
942 1475 1013 1548 τοῖς
1036 1470 1176 1547 πολλοῖς
1199 1467 1429 1556 άνθρώποιςή

305 1575 427 1656 άλλως,·
460 1576 550 1641 δοκεῖ
579 1576 615 1642 δέ
645 1580 714 1654 τοῖς
737 1577 877 1654 πολλοῖς
908 1575 985 1663 περὶ
1008 1575 1192 1664 ἐπιστήμης
1214 1575 1359 1641 τοιοῦτόν
1382 1599 1427 1654 τε,

305 1681 363 1746 οὐκ
391 1678 518 1768 ίσχορδν
548 1671 619 1747 οὐδ’
653 1685 839 1770 ήγειιονικδν
868 1671 938 1748 οὐδ’
975 1682 1105 1768 ἀρχικὸν
1133 1675 1240 1766 εἶναι·
1275 1680 1350 1747 οόδέ
1384 1682 1429 1758 ὡς

305 1786 382 1872 περὶ
416 1789 562 1852 τοιοότοο
595 1787 692 1854 αὐτοῦ
715 1786 808 1866 ὄντος
832 1789 1053 1868 διανοοῦνται,
1088 1777 1164 1853 άλλ)
1190 1787 1319 1876 ἐνούσης
1342 1788 1428 1852 πολ-

305 1894 399 1971 λάκις
428 1894 598 1979 άνθρώπφ
629 1894 811 1983 ἐπιστήμης
842 1894 878 1960 οὐ
901 1897 957 1983 τήν
981 1894 1164 1983 ἐπιστήμην
1188 1893 1287 1960 αὐτοῦ
1309 1893 1427 1981 άρχειν,

304 1993 378 2067 ἀλλ’
396 2001 476 2067 άλλο
492 2027 533 2080 τι,
557 2000 632 2067 τοτέ
646 2000 705 2084 μέν
726 2001 844 2084 θομόν,
868 2001 942 2067 τοτὲ
965 2000 1002 2066 δέ
1018 2003 1138 2089 ἡδονήν,
1162 2000 1237 2066 τοτέ
1260 1999 1297 2065 δέ
1312 2001 1427 2088 λύπην,
1477 2031 1479 2040 ·

304 2106 404 2174 ἐνίοτε
433 2107 469 2174 δέ
499 2105 620 2195 ἐριοτα,
657 2109 820 2186 πολλάκις
843 2107 880 2174 δέ
902 2108 1021 2196 φόβον,
1045 2108 1181 2189 άτεχνᾶις
1205 2107 1428 2189 διανοούμενοι

304 2215 381 2302 περὶ
410 2227 467 2302 της
496 2213 678 2303 ἐπιστήμης
702 2217 812 2302 ὥσπερ
836 2213 913 2301 περὶ
936 2214 1143 2300 ἀνδραπόδου
1178 2211 1428 2300 περιελκομένης

304 2322 370 2386 ὑπὸ
393 2334 458 2386 τῶν
481 2319 587 2385 άλλων
611 2321 776 2386 ἁπάντων.
807 2310 863 2404 ἄρ’
890 2317 943 2385 οόν
967 2319 1023 2385 καὶ
1047 2319 1099 2386 σοὶ
1123 2320 1269 2386 τοιοῦτόν
1292 2344 1325 2385 τι
1348 2318 1428 2406 περὶ

305 2427 403 2516 αὐτῆς
432 2428 521 2492 δοκεῖ
551 2429 570 2516 ή
594 2428 693 2494 καλόν
722 2453 757 2493 τε
786 2421 868 2493 εῖναι
896 2427 1103 2516 ήέπιστήμη
1133 2427 1190 2492 καλ
1220 2417 1289 2492 οἷον
1314 2425 1428 2512 ’άρχειν

304 2545 362 2599 τοῦ
395 2534 589 2621 άνθρώποο,
626 2534 682 2600 καὶ
718 2534 836 2622 ἐάνπερ
872 2535 1030 2622 γιγνώσκῃ
1060 2559 1111 2612 τις
1139 2533 1273 2618 τάγαθὰ
1304 2531 1428 2597 καὶτὰ

304 2641 406 2721 κακά,
440 2644 484 2730 μή
522 2643 560 2706 δν
590 2648 797 2730 κρατηθῆναι
831 2643 897 2706 ὑπὸ
928 2641 1078 2728 μηδενός,
1113 2643 1196 2706 ὥστε
1230 2628 1308 2704 άλλ>
1341 2638 1427 2703 άττα

263 2745 266 2750 ’
304 2747 461 2834 πράττειν
491 2746 617 2836 ήθάν
640 2751 659 2835 ή
682 2747 846 2835 ἐπιστήμη
870 2747 993 2834 κελεόη,
1025 2736 1100 2811 ἀλλ’
1128 2743 1239 2834 ἱκανήν
1262 2737 1346 2810 εἶναι
1369 2746 1430 2832 τήν

304 2853 459 2941 φρόνησιν
482 2857 620 2941 βοηθεῖν
641 2855 689 2939 τηῖ
712 2853 898 2940 άνθρώπφ,·
922 2852 992 2918 Καὶ
1016 2853 1114 2932 δοκεῖ,
1145 2848 1217 2940 ἐφη,
1248 2854 1360 2938 ὥσπερ
1388 2853 1430 2916 σὺ

304 2957 420 3042 λέγεις,
454 2957 480 3023 ὦ
504 2961 690 3047 Σώκρατες,
724 2957 782 3024 καὶ
805 2961 874 3042 δι’μα
898 2955 990 3046 ε’ίπερ
1018 2983 1064 3044 τφ
1088 2957 1175 3044 άλληι
1199 2953 1332 3044 αἰσχρόν
1356 2955 1426 3022 ἐστι

305 3064 362 3130 καὶ
392 3063 466 3147 ἐμοὶ
496 3063 616 3153 σοφίαν
646 3065 704 3130 καὶ
727 3065 911 3153 ἐπιστήμην
933 3067 977 3152 μή
1001 3063 1070 3146 οόχλ
1094 3063 1228 3128 πάντων
1250 3063 1429 3150 κράτιστον

305 3170 409 3258 φάναι
433 3163 517 3236 εἶναι
547 3185 612 3236 τῶν
635 3169 851 3260 άνθρωπείοιν
874 3171 1084 3258 πραγμάτιον.
1133 3171 1254 3248 Καλῶς
1277 3193 1321 3254 γε,
1346 3165 1428 3258 ἐφην

91 3291 209 3336 insolentia
223 3306 292 3388 {ausa
308 3276 386 3362 ἐγώ,
429 3277 468 3342 (λθ
506 3277 606 3362 λόγων
640 3277 697 3343 καί
734 3278 852 3366 ἀληθῆ.
888 3316 929 3326 -
967 3285 1030 3344 357
1055 3279 1089 3343 C.
1127 3265 1274 3364 Ἥρεσίίε
1309 3275 1363 3356 (λε’,
1398 3273 1427 3341 ελ

144 3359 250 3400 peccans
304 3383 480 3472 μέμνησθε,
504 3381 598 3471 ήνίκα
622 3387 713 3471 ἡμεῖς
736 3384 887 3472 άλλήλοις
908 3384 1133 3468 ὡμολογοῦμεν
1156 3381 1340 3470 ἐπιστήμης
1362 3407 1426 3470 μη-

305 3489 359 3555 δέν
387 3483 469 3556 εἶναι
501 3494 662 3576 κρεῖττον,
701 3490 785 3554 άλλὰ
807 3501 903 3555 τοῦτο
928 3489 977 3554 άεί
1007 3493 1152 3577 κρατεῖν,
1188 3489 1273 3554 ὅπου
1296 3489 1336 3552 δν
1359 3487 1423 3576 ἐνῇ,

304 3595 361 3662 καὶ
384 3597 497 3684 ήδονής
519 3596 576 3662 καὶ
600 3610 664 3661 τῶν
686 3597 792 3661 ίίλλιον
815 3596 985 3660 ἁπάντων·
1009 3597 1100 3678 ὑμεῖς
1123 3593 1159 3660 δέ
1182 3595 1221 3682 δή
1244 3590 1346 3682 ἐφατε
1370 3596 1426 3681 τήν

305 3704 420 3791 ήδονήν
444 3703 606 3781 πολλάκις
630 3707 759 3789 κρατεῖν
789 3702 926 3768 καὶτοῦ
949 3699 1073 3779 εἰδότος
1096 3701 1286 3788 άνθριόποο,
1311 3699 1424 3787 ἐπειδή

304 3807 341 3875 δέ
363 3810 437 3892 ὑμῖν
461 3809 515 3891 οὐχ
532 3810 765 3894 ὡμολογοῦμεν,
788 3811 871 3891 μετά
894 3820 989 3874 τοῦτο
1005 3797 1121 3896 ήρεσθ’
1148 3810 1247 3895 ήμᾶς·
1268 3793 1309 3870 Ὦ
1324 3812 1423 3892 Πριο-

304 3916 426 4002 ταγόρα
450 3940 485 3981 τε
509 3915 565 3981 καὶ
590 3917 768 4001 Σώκρατες,
792 3912 887 4002 εἰμὴ
911 3911 981 3979 ἐστι
1004 3925 1098 3979 τοῦτο
1124 3915 1161 3979 τὸ
1185 3912 1333 4000 πάθημα
1349 3913 1422 3999 ήδο-

304 4036 358 4110 νής
381 4025 564 4111 ἡττᾶσθαι,
599 4021 683 4085 άλλᾶ
711 4018 746 4085 τί
775 4009 857 4086 ποτ’
884 4020 953 4086 ἐστὶ
983 4020 1040 4086 καὶ
1068 4018 1102 4084 τί
1125 4021 1215 4104 ὑμεῖς
1239 4018 1319 4084 αὐτό
1341 4042 1424 4108 φατε

304 4121 402 4208 εἶναι,
432 4123 541 4194 είπετε
571 4129 655 4216 ήμῖν.
691 4123 720 4192 εῖ
742 4126 802 4210 μέν
825 4124 878 4192 οὖν
900 4126 975 4193 τότε
997 4125 1094 4204 εὐθὺς
1116 4127 1191 4210 ὑμῖν
1212 4121 1349 4208 ελπομεν
1372 4126 1421 4191 ὅτι

304 4231 454 4315 ἀμαθία,
479 4235 668 4320 κατεγελᾶτο
697 4234 736 4299 δν
758 4236 863 4323 ήμῶν·
887 4245 940 4299 νῦν
963 4222 994 4299 δ’
1022 4232 1077 4299 ἐὰν
1100 4235 1189 4320 ήμῶν
1211 4233 1419 4318 καταγελᾶτε,

304 4339 362 4404 καὶ
384 4341 472 4422 ὑμῶν
495 4340 600 4406 αὐτῶν
623 4341 895 4427 καταγελάσεσθε.
924 4340 1058 4427 καὶγὰρ
1081 4340 1172 4422 ὑμεῖς
1195 4339 1423 4427 ὡμολογήκατε

305 4445 486 4534 ἐπιστήμης
509 4446 614 4536 ἐνδείᾳ
634 4448 868 4535 ἐξαμαρτάνειν
891 4447 969 4535 περὶ
991 4449 1048 4535 τήν
1070 4459 1134 4512 τῶν
1157 4445 1277 4533 ήδονῶν
1300 4447 1423 4533 αἵρεσιν
