3148 4984
678 323 805 376 Plotinae.
1247 321 1301 383 533

164 477 319 568 ἀνάγιης
343 477 379 546 ἀὲ
402 471 546 546 εἶναιτὸ
569 481 652 562 μετὰ
675 467 717 546 τό
737 493 877 568 πρῶτον,
902 484 985 548 ὥστε
1008 480 1065 547 καὶ
1088 483 1126 549 τὸ
1149 479 1298 565 ἔσχατον·

178 597 274 651 τοῦτο
298 585 334 652 ἀὲ
357 587 376 674 ή
398 586 457 674 όλη
480 584 580 674 μηδὲν
603 581 653 652 έτι
676 581 793 668 ἔχοντα
817 586 924 654 αὐτοῦ.
960 586 1017 654 καὶ
1040 589 1120 677 αὕτη
1143 589 1299 678 ήάνάγιη

177 702 235 757 τοῦ
256 703 367 758 κακοῦ.

249 831 277 870 a.
297 816 439 870 Materiam
463 817 541 870 nihili
564 833 621 870 esse
645 816 722 886 longe
744 818 925 874 vehementius
948 835 1026 889 quam
1051 818 1128 872 Plato
1152 819 1295 873 contendit.
1324 801 1416 845 mauri.

177 903 246 958 Nam
264 906 369 960 Plotina
387 909 430 960 est
447 907 494 960 illa
512 923 564 960 non
583 907 668 962 solum
686 910 718 962 τὸ
737 907 829 981 ἕτερον
847 920 897 962 τοῦ
915 913 1001 976 ὄντος,
1021 908 1067 962 aed
1085 908 1164 962 etiam
1183 907 1211 960 id
1230 907 1299 977 quod

177 995 244 1048 nihil
262 995 316 1048 veri
334 1011 364 1048 aa
382 995 444 1048 boni
462 995 556 1048 habet:
580 995 647 1048 Enn.
665 995 680 1048 I
698 997 724 1064 8,
749 997 765 1051 3
783 998 824 1070 μὴ
850 1001 881 1050 όν
901 998 933 1052 ἀὲ
952 1001 986 1052 οὔ
1009 1017 1036 1060 τι
1054 999 1085 1050 τό
1104 1000 1243 1058 παντελῶς
1260 999 1300 1069 μὴ

178 1087 217 1148 όν,
242 1079 302 1136 ἀλλ’
320 1083 413 1158 ἕτερον
438 1085 528 1156 μόνον
554 1094 605 1137 τοῦ
623 1088 717 1150 όντος,
744 1089 796 1157 οὐχ
821 1087 891 1139 οὕτω
910 1087 940 1140 ἀὲ
959 1088 999 1158 μή
1019 1089 1059 1151 όν,
1079 1088 1113 1147 ὡς
1131 1091 1235 1152 κίνησις
1253 1090 1299 1138 καὶ

178 1176 274 1234 στάσις
292 1175 309 1240 ἡ
327 1177 390 1246 περὶ
408 1175 440 1226 τὸ
459 1177 498 1237 όν,
518 1169 578 1226 ἀλλ’
597 1177 631 1235 ὡς
650 1175 729 1241 εἰκὼν
747 1185 797 1228 τοῦ
822 1178 902 1236 ὄντος
920 1179 936 1242 ἢ
953 1179 1000 1228 καὶ
1019 1176 1059 1229 ἔτι
1076 1177 1185 1247 μᾶλλον
1202 1176 1241 1246 μή
1260 1178 1297 1226 όν.

176 1257 215 1314 lb.
235 1261 252 1315 5
271 1265 302 1315 τὸ
321 1273 390 1331 γοῦν
408 1263 535 1316 ἐλλεῖπον
561 1265 656 1332 ὀλίγον
675 1273 725 1316 τοῦ
744 1265 858 1333 ἀγαθοῦ
877 1265 910 1316 οὐ
928 1265 1024 1317 κακόν·
1044 1264 1163 1317 δύναται
1181 1265 1234 1336 γάρ
1252 1267 1298 1316 καὶ

177 1353 279 1405 τέλειον
303 1351 374 1404 εἶναι
398 1353 434 1412 ὡς
459 1353 527 1425 πρὸς
552 1353 639 1422 φύσιν
664 1353 712 1418 τὴν
732 1355 824 1406 αὑτοῦ.
854 1350 915 1406 ἀλλ’
933 1353 1001 1406 όταν
1026 1355 1164 1412 παντελῶς
1181 1353 1297 1424 ἐλλείπη,

176 1439 245 1514 ὅπερ
264 1441 339 1493 ἐστὶν
358 1442 374 1506 ἦ
394 1441 448 1506 ὕλη,
469 1451 551 1494 τοῦτο
571 1443 602 1493 τὸ
616 1444 701 1501 όντως
715 1443 799 1494 κακὸν
812 1442 957 1514 μηάεμίαν
976 1443 1041 1512 έχον
1060 1443 1174 1510 ἀγαθοῦ
1185 1446 1297 1512 μοῖραν.

178 1529 243 1581 οὐδὲ
266 1530 321 1600 γάρ
345 1531 377 1582 τὸ
395 1529 467 1582 εἶναι
487 1531 545 1599 ἔχει
563 1531 579 1596 ἡ
600 1532 659 1596 ὕλη,
680 1533 725 1583 ἵνα
745 1531 858 1600 ἀγαθοῦ
876 1532 961 1602 ταότη
978 1536 1119 1603 μετεῖχεν,
1148 1525 1207 1582 ἀλλ’
1226 1531 1298 1601 ὁμώ-

175 1607 266 1689 νυμον
285 1619 352 1689 αὐτῇ
372 1619 403 1670 τό
425 1617 509 1680 εἶναι,
534 1621 569 1678 ὡς
593 1618 693 1685 ἀληθὲς
717 1607 788 1673 εἶναι
806 1623 901 1688 λέγειν
920 1621 988 1672 αὐτὸ
1005 1620 1045 1691 μή
1064 1619 1141 1672 εἶναι.
1178 1615 1219 1669 ΠΙ
1237 1618 1261 1684 6,
1281 1617 1297 1672 7

176 1709 238 1759 οὔτε
261 1707 381 1778 ἀάναμις
404 1708 432 1772 (ἡ
462 1707 508 1773 ὕλη
527 1707 620 1771 ἐστίν).
647 1734 681 1744 -
705 1709 746 1780 μὴ
765 1711 797 1761 όν
815 1705 844 1762 ‹5'
862 1711 897 1760 ἀν
923 1709 1031 1768 εἰκότως
1049 1711 1156 1776 λέγοιτο
1181 1709 1228 1760 καὶ
1247 1707 1298 1778 οὐχ

176 1793 267 1864 ὥσπερ
291 1801 396 1861 κίνησις
419 1797 459 1867 μή
485 1799 557 1862 (inii
576 1789 676 1857 στάσις
697 1798 737 1868 μὴ
756 1799 801 1862 όν,
828 1798 897 1850 ἀλλά
917 1793 1055 1862 ἀληθινῶς
1070 1795 1110 1868 μή
1129 1799 1167 1848 όν.
1205 1793 1297 1864 Sequa·

175 1885 249 1936 tetur
272 1883 341 1936 enim
366 1900 397 1936 ex
420 1883 556 1953 principiis
574 1883 674 1937 Plotini
693 1887 736 1950 ni,
764 1884 792 1938 in
811 1901 965 1954 quacunque
990 1901 1018 1937 re
1037 1887 1108 1938 esset
1126 1883 1225 1952 aliquid
1245 1884 1297 1937 eive

174 1988 226 2024 non
244 1988 290 2024 ene
309 1971 362 2024 eive
376 1971 506 2038 deficiam,
525 1971 549 2024 ei
568 1971 648 2025 etiam
666 1972 792 2025 materiae
806 1973 906 2042 aliquid
920 1972 1065 2026 admixtum
1083 1975 1167 2026 esset:
1186 1972 1214 2024 id
1228 1973 1297 2042 quod

174 2061 255 2113 etiam
281 2061 309 2113 in
333 2061 445 2114 animam
469 2063 549 2129 atque
567 2061 595 2113 in
613 2060 778 2119 intellectum
797 2061 1020 2114 cadera'videtur.
1058 2058 1133 2124 Quod
1152 2077 1211 2112 anm
1229 2061 1297 2114 nolit

174 2149 318 2216 concedere,
338 2149 459 2202 Plotinue
478 2149 576 2201 malum
594 2151 675 2218 negai
693 2149 721 2202 in
740 2149 842 2202 defectu
861 2149 1008 2218 ponendum
1027 2165 1097 2215 eaee;
1116 2165 1192 2218 peasa
1215 2149 1295 2201 etiam

174 2238 244 2306 quod
261 2237 403 2307 perfeetum
423 2237 460 2290 sit
478 2237 608 2290 defectum
626 2237 740 2306 aliquem
758 2237 861 2292 habere.
879 2221 881 2226 ¹
1194 2221 1197 2234 ὗ

172 2367 173 2374 ¹
244 2343 275 2400 1).
296 2343 333 2398 Cf.
353 2345 422 2398 Plat.
442 2343 549 2398 Theaei.
570 2345 621 2400 176
631 2343 663 2410 A,
682 2349 726 2396 BP
745 2345 806 2398 271.

123 2521 164 2562 eie
240 2506 319 2568 Enn.
342 2505 390 2569 IV
416 2515 443 2582 3,
469 2513 497 2570 9.
541 2493 640 2570 Ἐπεὶ
670 2501 727 2568 οὐκ
758 2501 794 2591 ήν
824 2503 877 2568 ὅτε
907 2501 964 2567 οὐκ
987 2500 1135 2587 ἕψόχωτο
1159 2495 1232 2568 τόόε
1255 2503 1292 2568 τὸ
1320 2502 1473 2606 ffiffim

174 2621 250 2690 πᾶν,
275 2609 349 2686 οάόὲ
371 2608 408 2698 ήν
431 2611 484 2676 ὅτε
506 2623 601 2693 σῶμα
625 2610 810 2698 ἀφειστήκει
835 2621 939 2696 ψυχῆς
962 2607 1118 2696 ἀπούσης,
1142 2601 1216 2674 οάόὲ
1230 2609 1288 2696 aaa
1330 2608 1458 2652 ⁰⁰¹²i¹¹¹¹⁰²³⁰

173 2715 257 2782 ποτὲ
280 2707 332 2781 ὅτ’
352 2716 535 2804 ἀτόσμητος
558 2714 630 2804 ήνθ·
670 2704 745 2780 ἀλλ’
764 2713 938 2802 ἐπινοῆσαι
966 2725 1070 2779 ταῦτα
1099 2711 1294 2800 χωρίζοντας

175 2821 257 2887 αὐτὰ
286 2813 349 2887 ἀπ’
376 2823 522 2912 ἀλλήλων
551 2821 599 2908 τῷ
627 2822 712 2918 λόγη)
743 2813 811 2887 οἷόν
840 2845 883 2886 τε.
930 2817 1035 2900 ἔξεστι
1061 2822 1125 2908 γάρ
1147 2820 1294 2887 ἀναλύειν

175 2927 223 3014 τῷ
246 2929 331 3015 λόγῳ
354 2928 412 2994 καὶ
435 2928 478 3018 τῇ
502 2926 631 3016 διανοίᾳ
655 2938 767 2993 πάσαν
790 2928 951 2992 σύνθεσιν.
999 2923 1073 2992 ἐπεὶ
1096 2921 1191 3010 τόγε
1214 2920 1293 3015 ἀλη-

173 3033 234 3112 θὲς
257 3031 320 3100 ὧόε
335 3031 414 3116 έχει·
437 3037 591 3118 σώματος
605 3033 665 3118 μὲν
679 3036 724 3122 μή
740 3030 830 3111 όντος
854 3021 927 3098 οάό>
946 3033 984 3097 ἀν
1009 3031 1182 3120 προέλθοι,
1196 3033 1291 3121 ψυχή,

169 3139 246 3213 ,ἐπεὶ
270 3140 343 3207 οὐδὲ
365 3141 469 3219 τόπος
492 3140 590 3218 ἀλλος
620 3137 708 3206 ἔστιν
731 3141 815 3206 ὅπου
840 3138 986 3226 πέφυκεν
1009 3131 1102 3204 εἶναι.
1141 3138 1292 3225 προϊέναι

171 3243 208 3312 ἀὲ
230 3244 259 3313 εὶ
281 3247 405 3330 μέλλοι,
430 3249 568 3336 γεννήσει
592 3244 693 3335 ἑαυτῇ
716 3245 826 3326 τόπον,
851 3243 1013 3310 ὥστεκαὶ
1037 3259 1141 3328 σῶμα.
1172 3257 1230 3332 τής
1253 3246 1291 3332 όή
1319 3270 1320 3273 ’

171 3353 315 3430 στάσεως
345 3352 445 3442 αάτής
473 3353 507 3418 ἐν
541 3353 624 3442 αὐτῇ
654 3353 696 3442 τῇ
727 3353 839 3418 στάσει
870 3349 969 3418 οἱονεὶ
999 3349 1196 3440 ῥαινομένης
1223 3343 1291 3418 οἷον

172 3460 257 3524 πολὺ
286 3472 357 3548 φῶς
388 3459 563 3548 ἐκλάμψαν
591 3449 651 3552 ἐπ’
676 3459 788 3548 ἀκροις
818 3462 888 3536 τοῖς
918 3457 1066 3539 ἐσχάτοις
1094 3469 1153 3524 τοῦ
1187 3459 1291 3543 πτρὸς
1370 3479 1371 3482 ’

171 3565 304 3644 σκότοςῑ)
320 3563 473 3652 ἐγίγνετο·
498 3567 578 3653 όπερ
595 3563 709 3640 ἶόοῦσα
725 3569 745 3654 ή
762 3566 858 3655 ψυχή,
882 3562 1019 3651 ἐπείπερ
1035 3550 1168 3652 ὑπέστη,
1193 3560 1290 3652 ἐμόρ-

171 3679 278 3760 φιοσεν
312 3671 401 3738 αάτό.
444 3671 480 3736 οά
515 3673 576 3758 γάρ
611 3670 648 3760 ήν
682 3673 819 3756 θεμιτὸν
855 3659 1046 3756 γειτονοῦντι
1082 3669 1165 3759 αὐτῇ
1195 3670 1289 3754 λόγου

170 3777 306 3866 ἀμοιρον
328 3771 421 3872 εἶναι,
446 3770 514 3844 οἷον
537 3775 661 3859 ἐδέχετο
684 3765 906 3862 τὸλεγόμενον
926 3777 1067 3864 ἀμυδρὸν
1090 3775 1124 3842 ἐν
1147 3775 1289 3867 ἀμυδρῷ,

166 3885 218 3970 τῷ
241 3883 425 3971 γενομένῳθ,
471 3885 637 3969 γενόμενος
660 3885 699 3972 δή
723 3875 792 3950 οἷον
815 3877 904 3962 οἶκός
927 3908 978 3961 τις
995 3883 1100 3960 Ικαλὸς
1130 3880 1186 3946 καὶ
1210 3905 1289 3947 ποι-

169 3987 260 4068 κίλος
294 3989 351 4056 οὐκ
386 3991 564 4080 ἀπετμήθη
599 4002 657 4056 τοῦ
690 3991 913 4080 πεποιηκότος
947 3977 1018 4055 οὐδ’
1046 3986 1088 4053 αὖ
1122 3985 1289 4054 ἑκοένωσεν

170 4098 267 4178 αὑτὸν
291 4097 389 4184 αὐτῷ,
413 4097 497 4162 ἀλλά
520 4108 690 4179 πανταχοῦ
705 4108 774 4174 πᾶς
797 4097 888 4175 ἀξιος
904 4092 1093 4178 ἐπιμελείας
1108 4092 1287 4177 νομισθείς,

170 4199 335 4290 ὠφελίμου
364 4202 423 4288 μὲν
454 4201 559 4289 ἑαυτῷ
589 4202 638 4290 τῷ
666 4196 749 4269 εἶναι
773 4202 830 4268 καὶ
853 4201 901 4288 τῷ
924 4200 1031 4286 καλῷ,
1064 4200 1138 4286 ὅσον
1169 4200 1289 4287 δήτοῦ

169 4300 251 4374 εἶναι
275 4294 410 4380 όννατόν
433 4307 470 4398 ήν
494 4307 583 4395 αὐτῷ
605 4309 872 4392 μεταλαμβάνειν,
889 4308 1060 4392 ,ἀβλαβοῦς
1083 4304 1120 4372 δὲ
1142 4305 1189 4400 τῷ
1213 4303 1288 4394 ἐφε-

162 4415 319 4503 στηκότι·
340 4462 341 4466 ,
365 4415 431 4480 ἀνω
454 4417 515 4502 γάρ
538 4413 641 4498 μένων
663 4415 871 4500 ε’πιστατεῖᾱ·
912 4409 1057 4506 ἔμψυχος
1080 4411 1288 4508 τῷτοιοότηι

222 4539 278 4579 nat.
294 4539 354 4580 een.
383 4540 424 4580 ne.
439 4538 487 4580 vn.
1039 4519 1073 4572 35
