<?xml version="1.0" encoding="UTF-8"?>
<!DOCTYPE html PUBLIC "-//W3C//DTD XHTML 1.0 Transitional//EN"
    "http://www.w3.org/TR/xhtml1/DTD/xhtml1-transitional.dtd">
<html xmlns="http://www.w3.org/1999/xhtml" xml:lang="en" lang="en">
 <head>
  <title>
</title>
<meta http-equiv="Content-Type" content="text/html;charset=utf-8" />
  <meta name='ocr-system' content='tesseract 3.04.00' />
  <meta name='ocr-capabilities' content='ocr_page ocr_carea ocr_par ocr_line ocrx_word'/>
</head>
<body>
  <div class='ocr_page' id='page_1' title='image "./historiaphiloso00rittgoog_0522.png"; bbox 0 0 3148 4984; ppageno 0'>
   <div class='ocr_carea' id='block_1_1' title="bbox 295 337 1131 408">
    <p class='ocr_par' dir='ltr' id='par_1_1' title="bbox 295 337 1131 408">
     <span class='ocr_line' id='line_1_1' title="bbox 295 337 1131 408; baseline -0.007 -10"><span class='ocrx_word' id='word_1_1' title='bbox 295 337 349 398; x_wconf 71' lang='lat' dir='ltr'><em>eu</em></span> <span class='ocrx_word' id='word_1_2' title='bbox 588 340 716 394; x_wconf 79' lang='lat' dir='ltr'>Platonici</span> <span class='ocrx_word' id='word_1_3' title='bbox 735 343 763 392; x_wconf 74' lang='lat' dir='ltr'><em>et</em></span> <span class='ocrx_word' id='word_1_4' title='bbox 780 339 948 408; x_wconf 75' lang='lat' dir='ltr'><strong>Pythagorici</strong></span> <span class='ocrx_word' id='word_1_5' title='bbox 966 339 1131 393; x_wconf 76' lang='lat' dir='ltr'><strong>recentiores.</strong></span> 
     </span>
    </p>
   </div>
   <div class='ocr_carea' id='block_1_2' title="bbox 295 491 1419 2714">
    <p class='ocr_par' dir='ltr' id='par_1_2' title="bbox 295 491 1419 2714">
     <span class='ocr_line' id='line_1_2' title="bbox 296 491 1419 588; baseline -0.002 -22"><span class='ocrx_word' id='word_1_6' title='bbox 296 500 519 586; x_wconf 71' lang='grc' dir='ltr'><em>συγγινόμενος</em></span> <span class='ocrx_word' id='word_1_7' title='bbox 541 499 651 568; x_wconf 81' lang='grc' dir='ltr'><em>διόλου</em></span> <span class='ocrx_word' id='word_1_8' title='bbox 673 500 718 588; x_wconf 90' lang='grc' dir='ltr'><em>μή</em></span> <span class='ocrx_word' id='word_1_9' title='bbox 742 522 824 564; x_wconf 89' lang='grc' dir='ltr'><em>ποτε</em></span> <span class='ocrx_word' id='word_1_10' title='bbox 846 491 930 566; x_wconf 80' lang='grc' dir='ltr'><em>εῖναι</em></span> <span class='ocrx_word' id='word_1_11' title='bbox 953 498 1130 586; x_wconf 89' lang='grc' dir='ltr'><em>διαιρετός·</em></span> <span class='ocrx_word' id='word_1_12' title='bbox 1165 499 1184 564; x_wconf 87' lang='grc' dir='ltr'><em>δ</em></span> <span class='ocrx_word' id='word_1_13' title='bbox 1206 499 1285 577; x_wconf 87' lang='grc' dir='ltr'><em>θεὸς</em></span> <span class='ocrx_word' id='word_1_14' title='bbox 1306 497 1419 581; x_wconf 88' lang='grc' dir='ltr'><em>μέντοι</em></span> 
     </span>
     <span class='ocr_line' id='line_1_3' title="bbox 297 595 1418 694; baseline -0.002 -20"><span class='ocrx_word' id='word_1_15' title='bbox 297 608 314 674; x_wconf 87' lang='grc' dir='ltr'><em>δ</em></span> <span class='ocrx_word' id='word_1_16' title='bbox 338 607 483 693; x_wconf 80' lang='grc' dir='ltr'><em>δεύτερος</em></span> <span class='ocrx_word' id='word_1_17' title='bbox 513 605 571 674; x_wconf 86' lang='grc' dir='ltr'><em>καί</em></span> <span class='ocrx_word' id='word_1_18' title='bbox 599 603 711 693; x_wconf 77' lang='grc' dir='ltr'><strong><em>τρίτος</em></strong></span> <span class='ocrx_word' id='word_1_19' title='bbox 742 603 830 674; x_wconf 85' lang='grc' dir='ltr'><em>ἐστίν</em></span> <span class='ocrx_word' id='word_1_20' title='bbox 859 595 921 684; x_wconf 81' lang='grc' dir='ltr'><em>εἷς·</em></span> <span class='ocrx_word' id='word_1_21' title='bbox 959 605 1199 694; x_wconf 79' lang='grc' dir='ltr'><strong><em>συμφερόμενος</em></strong></span> <span class='ocrx_word' id='word_1_22' title='bbox 1229 605 1265 672; x_wconf 83' lang='grc' dir='ltr'><em>δέ</em></span> <span class='ocrx_word' id='word_1_23' title='bbox 1294 605 1338 694; x_wconf 72' lang='grc' dir='ltr'><em>τῇ</em></span> <span class='ocrx_word' id='word_1_24' title='bbox 1360 606 1418 693; x_wconf 77' lang='grc' dir='ltr'><em>ῦλη</em></span> 
     </span>
     <span class='ocr_line' id='line_1_4' title="bbox 296 699 1418 801; baseline -0.001 -21"><span class='ocrx_word' id='word_1_25' title='bbox 296 713 393 780; x_wconf 91' lang='grc' dir='ltr'><em>δυάδι</em></span> <span class='ocrx_word' id='word_1_26' title='bbox 415 711 493 801; x_wconf 79' lang='grc' dir='ltr'><em>οίίση</em></span> <span class='ocrx_word' id='word_1_27' title='bbox 517 709 584 778; x_wconf 82' lang='grc' dir='ltr'><em>ἑνοῖ</em></span> <span class='ocrx_word' id='word_1_28' title='bbox 605 711 666 795; x_wconf 79' lang='grc' dir='ltr'><em>μὲν</em></span> <span class='ocrx_word' id='word_1_29' title='bbox 688 709 796 800; x_wconf 86' lang='grc' dir='ltr'><em>αάιήν,</em></span> <span class='ocrx_word' id='word_1_30' title='bbox 819 708 963 793; x_wconf 78' lang='grc' dir='ltr'><strong><em>σχίζεται</em></strong></span> <span class='ocrx_word' id='word_1_31' title='bbox 986 709 1023 778; x_wconf 87' lang='grc' dir='ltr'><em>δέ</em></span> <span class='ocrx_word' id='word_1_32' title='bbox 1044 699 1107 778; x_wconf 77' lang='grc' dir='ltr'><em>ὑπ’</em></span> <span class='ocrx_word' id='word_1_33' title='bbox 1126 711 1225 800; x_wconf 80' lang='grc' dir='ltr'><em>αάτης</em></span> <span class='ocrx_word' id='word_1_34' title='bbox 1247 711 1418 800; x_wconf 85' lang='grc' dir='ltr'><em>ἐπιθυμη-</em></span> 
     </span>
     <span class='ocr_line' id='line_1_5' title="bbox 295 810 1418 907; baseline -0.003 -22"><span class='ocrx_word' id='word_1_35' title='bbox 295 821 387 886; x_wconf 90' lang='grc' dir='ltr'><em>τικδν</em></span> <span class='ocrx_word' id='word_1_36' title='bbox 420 817 505 907; x_wconf 71' lang='grc' dir='ltr'><em>ἦθος</em></span> <span class='ocrx_word' id='word_1_37' title='bbox 534 814 666 906; x_wconf 76' lang='grc' dir='ltr'><em>ἐχούσης</em></span> <span class='ocrx_word' id='word_1_38' title='bbox 688 817 747 884; x_wconf 82' lang='grc' dir='ltr'><em>καί</em></span> <span class='ocrx_word' id='word_1_39' title='bbox 770 818 910 906; x_wconf 78' lang='grc' dir='ltr'><em>ῥεούσης.</em></span> <span class='ocrx_word' id='word_1_40' title='bbox 956 827 986 886; x_wconf 82' lang='grc'><em>4.</em></span> <span class='ocrx_word' id='word_1_41' title='bbox 1008 817 1057 905; x_wconf 80' lang='grc' dir='ltr'><em>τῷ</em></span> <span class='ocrx_word' id='word_1_42' title='bbox 1079 814 1134 885; x_wconf 78' lang='grc' dir='ltr'><em>οὖν</em></span> <span class='ocrx_word' id='word_1_43' title='bbox 1156 821 1201 907; x_wconf 88' lang='grc' dir='ltr'><em>μή</em></span> <span class='ocrx_word' id='word_1_44' title='bbox 1225 810 1310 886; x_wconf 84' lang='grc' dir='ltr'><em>εἶναι</em></span> <span class='ocrx_word' id='word_1_45' title='bbox 1334 820 1418 904; x_wconf 84' lang='grc' dir='ltr'><em>πρὸς</em></span> 
     </span>
     <span class='ocr_line' id='line_1_6' title="bbox 295 921 1418 1014; baseline -0.002 -22"><span class='ocrx_word' id='word_1_46' title='bbox 295 926 343 1013; x_wconf 77' lang='grc' dir='ltr'><em>τῷ</em></span> <span class='ocrx_word' id='word_1_47' title='bbox 365 925 470 1014; x_wconf 89' lang='grc' dir='ltr'><em>νοητῷ</em></span> <span class='ocrx_word' id='word_1_48' title='bbox 499 923 549 1013; x_wconf 76' lang='grc' dir='ltr'><em>(ἦν</em></span> <span class='ocrx_word' id='word_1_49' title='bbox 571 927 632 1012; x_wconf 90' lang='grc' dir='ltr'><em>γάρ</em></span> <span class='ocrx_word' id='word_1_50' title='bbox 656 925 695 990; x_wconf 79' lang='grc' dir='ltr'><em>ἀν</em></span> <span class='ocrx_word' id='word_1_51' title='bbox 717 926 802 1012; x_wconf 86' lang='grc' dir='ltr'><em>πρὸς</em></span> <span class='ocrx_word' id='word_1_52' title='bbox 817 921 936 1011; x_wconf 80' lang='grc' dir='ltr'><em>ἐαυτῷ)</em></span> <span class='ocrx_word' id='word_1_53' title='bbox 966 925 1023 992; x_wconf 83' lang='grc' dir='ltr'><em>διὰ</em></span> <span class='ocrx_word' id='word_1_54' title='bbox 1045 927 1084 992; x_wconf 84' lang='grc' dir='ltr'><em>τὸ</em></span> <span class='ocrx_word' id='word_1_55' title='bbox 1106 927 1163 1013; x_wconf 83' lang='grc' dir='ltr'><em>τήν</em></span> <span class='ocrx_word' id='word_1_56' title='bbox 1185 925 1262 1012; x_wconf 81' lang='grc' dir='ltr'><em>όλην</em></span> <span class='ocrx_word' id='word_1_57' title='bbox 1283 923 1418 1009; x_wconf 75' lang='grc' dir='ltr'><strong><em>βλέπειν</em></strong></span> 
     </span>
     <span class='ocr_line' id='line_1_7' title="bbox 295 1027 1418 1121; baseline -0.004 -21"><span class='ocrx_word' id='word_1_58' title='bbox 295 1034 416 1121; x_wconf 76' lang='grc' dir='ltr'><em>ταύτης</em></span> <span class='ocrx_word' id='word_1_59' title='bbox 453 1031 704 1115; x_wconf 79' lang='grc' dir='ltr'><em>ἐπιμελούμενος</em></span> <span class='ocrx_word' id='word_1_60' title='bbox 742 1027 946 1118; x_wconf 77' lang='grc' dir='ltr'><em>ἀπερίοπτος</em></span> <span class='ocrx_word' id='word_1_61' title='bbox 981 1027 1099 1098; x_wconf 76' lang='grc' dir='ltr'><em>ἑαυτοῦ</em></span> <span class='ocrx_word' id='word_1_62' title='bbox 1132 1028 1256 1116; x_wconf 88' lang='grc' dir='ltr'><em>γίνεται</em></span> <span class='ocrx_word' id='word_1_63' title='bbox 1293 1041 1322 1100; x_wconf 81' lang='grc'><em>5.</em></span> <span class='ocrx_word' id='word_1_64' title='bbox 1360 1030 1418 1096; x_wconf 86' lang='grc' dir='ltr'><em>καί</em></span> 
     </span>
     <span class='ocr_line' id='line_1_8' title="bbox 296 1133 1418 1226; baseline -0.002 -21"><span class='ocrx_word' id='word_1_65' title='bbox 296 1143 439 1205; x_wconf 75' lang='grc' dir='ltr'><em>ἅπτεται</em></span> <span class='ocrx_word' id='word_1_66' title='bbox 473 1148 531 1204; x_wconf 89' lang='grc' dir='ltr'><em>τοῦ</em></span> <span class='ocrx_word' id='word_1_67' title='bbox 560 1135 723 1226; x_wconf 77' lang='grc' dir='ltr'><em>αἰσθητοῦ</em></span> <span class='ocrx_word' id='word_1_68' title='bbox 751 1136 809 1202; x_wconf 89' lang='grc' dir='ltr'><em>καί</em></span> <span class='ocrx_word' id='word_1_69' title='bbox 838 1134 991 1225; x_wconf 83' lang='grc' dir='ltr'><em>περιέπει</em></span> <span class='ocrx_word' id='word_1_70' title='bbox 1026 1137 1138 1223; x_wconf 78' lang='grc' dir='ltr'><em>ἀνάγει</em></span> <span class='ocrx_word' id='word_1_71' title='bbox 1166 1161 1202 1204; x_wconf 91' lang='grc' dir='ltr'><em>τε</em></span> <span class='ocrx_word' id='word_1_72' title='bbox 1231 1133 1281 1203; x_wconf 79' lang='grc' dir='ltr'><em>ἐτι</em></span> <span class='ocrx_word' id='word_1_73' title='bbox 1303 1134 1350 1216; x_wconf 83' lang='grc' dir='ltr'><em>εἰς</em></span> <span class='ocrx_word' id='word_1_74' title='bbox 1379 1139 1418 1203; x_wconf 86' lang='grc' dir='ltr'><em>τό</em></span> 
     </span>
     <span class='ocr_line' id='line_1_9' title="bbox 295 1241 1416 1334; baseline -0.004 -22"><span class='ocrx_word' id='word_1_75' title='bbox 295 1241 380 1312; x_wconf 74' lang='grc' dir='ltr'><em>ἴδιον</em></span> <span class='ocrx_word' id='word_1_76' title='bbox 401 1243 486 1334; x_wconf 76' lang='grc' dir='ltr'><em>ἦθος</em></span> <span class='ocrx_word' id='word_1_77' title='bbox 509 1243 745 1331; x_wconf 76' lang='grc' dir='ltr'><em>ἐπορεξάμενος</em></span> <span class='ocrx_word' id='word_1_78' title='bbox 767 1256 825 1332; x_wconf 80' lang='grc' dir='ltr'><em>της</em></span> <span class='ocrx_word' id='word_1_79' title='bbox 847 1244 952 1332; x_wconf 73' lang='grc' dir='ltr'><em>ίίλης·.</em></span> <span class='ocrx_word' id='word_1_80' title='bbox 976 1279 1020 1291; x_wconf 91' lang='lat'>-</span> <span class='ocrx_word' id='word_1_81' title='bbox 1048 1245 1099 1329; x_wconf 81' lang='lat' dir='ltr'><strong>(fr.</strong></span> <span class='ocrx_word' id='word_1_82' title='bbox 1125 1245 1180 1328; x_wconf 78' lang='lat'><em>27)</em></span> <span class='ocrx_word' id='word_1_83' title='bbox 1217 1255 1245 1312; x_wconf 89' lang='grc'><em>6.</em></span> <span class='ocrx_word' id='word_1_84' title='bbox 1275 1243 1416 1331; x_wconf 82' lang='grc' dir='ltr'><em>καὶγὰρ</em></span> 
     </span>
     <span class='ocr_line' id='line_1_10' title="bbox 296 1349 1416 1442; baseline -0.003 -23"><span class='ocrx_word' id='word_1_85' title='bbox 296 1351 368 1420; x_wconf 80' lang='grc' dir='ltr'><em>οίίτε</em></span> <span class='ocrx_word' id='word_1_86' title='bbox 390 1353 593 1442; x_wconf 85' lang='grc' dir='ltr'><em>δημιουργεῖν</em></span> <span class='ocrx_word' id='word_1_87' title='bbox 623 1350 694 1417; x_wconf 89' lang='grc' dir='ltr'><em>ἐστι</em></span> <span class='ocrx_word' id='word_1_88' title='bbox 722 1351 822 1438; x_wconf 84' lang='grc' dir='ltr'><em>χρεὼν</em></span> <span class='ocrx_word' id='word_1_89' title='bbox 850 1351 906 1416; x_wconf 88' lang='grc' dir='ltr'><em>τὸν</em></span> <span class='ocrx_word' id='word_1_90' title='bbox 929 1363 1076 1440; x_wconf 81' lang='grc' dir='ltr'><em>πρῶτον,</em></span> <span class='ocrx_word' id='word_1_91' title='bbox 1100 1349 1158 1416; x_wconf 85' lang='grc' dir='ltr'><em>καὶ</em></span> <span class='ocrx_word' id='word_1_92' title='bbox 1180 1361 1238 1416; x_wconf 91' lang='grc' dir='ltr'><em>τοῦ</em></span> <span class='ocrx_word' id='word_1_93' title='bbox 1260 1351 1416 1439; x_wconf 87' lang='grc' dir='ltr'><em>δημιουρ-</em></span> 
     </span>
     <span class='ocr_line' id='line_1_11' title="bbox 296 1449 1418 1546; baseline -0.004 -19"><span class='ocrx_word' id='word_1_94' title='bbox 296 1471 427 1545; x_wconf 87' lang='grc' dir='ltr'><em>γοῦντες</em></span> <span class='ocrx_word' id='word_1_95' title='bbox 463 1463 544 1524; x_wconf 85' lang='grc' dir='ltr'><em>θεοῦ</em></span> <span class='ocrx_word' id='word_1_96' title='bbox 574 1459 634 1545; x_wconf 82' lang='grc' dir='ltr'><em>χρή</em></span> <span class='ocrx_word' id='word_1_97' title='bbox 675 1449 758 1523; x_wconf 84' lang='grc' dir='ltr'><em>εἶναι</em></span> <span class='ocrx_word' id='word_1_98' title='bbox 793 1453 988 1540; x_wconf 73' lang='grc' dir='ltr'><em>νομίζεσθαι</em></span> <span class='ocrx_word' id='word_1_99' title='bbox 1023 1456 1155 1546; x_wconf 82' lang='grc' dir='ltr'><em>πατέρα</em></span> <span class='ocrx_word' id='word_1_100' title='bbox 1196 1458 1253 1524; x_wconf 87' lang='grc' dir='ltr'><em>τὸν</em></span> <span class='ocrx_word' id='word_1_101' title='bbox 1285 1471 1418 1542; x_wconf 81' lang='grc' dir='ltr'><em>πρῶτον</em></span> 
     </span>
     <span class='ocr_line' id='line_1_12' title="bbox 296 1562 1417 1653; baseline -0.002 -21"><span class='ocrx_word' id='word_1_102' title='bbox 296 1566 382 1633; x_wconf 91' lang='grc' dir='ltr'><em>θεόν.</em></span> <span class='ocrx_word' id='word_1_103' title='bbox 414 1603 456 1614; x_wconf 83' lang='lat'><em>-</em></span> <span class='ocrx_word' id='word_1_104' title='bbox 489 1575 518 1631; x_wconf 90' lang='lat'><em>8.</em></span> <span class='ocrx_word' id='word_1_105' title='bbox 542 1566 609 1650; x_wconf 89' lang='grc' dir='ltr'><em>πρὸ</em></span> <span class='ocrx_word' id='word_1_106' title='bbox 631 1562 742 1647; x_wconf 84' lang='grc' dir='ltr'><em>μέντοι</em></span> <span class='ocrx_word' id='word_1_107' title='bbox 765 1573 824 1630; x_wconf 92' lang='grc' dir='ltr'><em>τοῦ</em></span> <span class='ocrx_word' id='word_1_108' title='bbox 845 1563 941 1649; x_wconf 83' lang='grc' dir='ltr'><em>λόγου</em></span> <span class='ocrx_word' id='word_1_109' title='bbox 971 1576 1028 1652; x_wconf 76' lang='grc' dir='ltr'><em>τῆς</em></span> <span class='ocrx_word' id='word_1_110' title='bbox 1052 1565 1201 1642; x_wconf 80' lang='grc' dir='ltr'><em>ἁλώσεως</em></span> <span class='ocrx_word' id='word_1_111' title='bbox 1224 1565 1417 1653; x_wconf 91' lang='grc' dir='ltr'><em>διομολογη-</em></span> 
     </span>
     <span class='ocr_line' id='line_1_13' title="bbox 296 1667 1416 1760; baseline -0.002 -22"><span class='ocrx_word' id='word_1_112' title='bbox 296 1673 434 1756; x_wconf 87' lang='grc' dir='ltr'><em>σώμεθα</em></span> <span class='ocrx_word' id='word_1_113' title='bbox 457 1672 534 1758; x_wconf 80' lang='grc' dir='ltr'><em>ἡμῖν</em></span> <span class='ocrx_word' id='word_1_114' title='bbox 557 1668 668 1748; x_wconf 79' lang='grc' dir='ltr'><em>αὐτοῖς</em></span> <span class='ocrx_word' id='word_1_115' title='bbox 690 1667 866 1755; x_wconf 83' lang='grc' dir='ltr'><em>ὁμολογίαν</em></span> <span class='ocrx_word' id='word_1_116' title='bbox 888 1669 945 1736; x_wconf 86' lang='grc' dir='ltr'><em>οάκ</em></span> <span class='ocrx_word' id='word_1_117' title='bbox 968 1669 1254 1760; x_wconf 79' lang='grc' dir='ltr'><em>ἀμφισβητήσιμον</em></span> <span class='ocrx_word' id='word_1_118' title='bbox 1270 1669 1416 1751; x_wconf 87' lang='grc' dir='ltr'><em>ἀκοῦσαι,</em></span> 
     </span>
     <span class='ocr_line' id='line_1_14' title="bbox 296 1767 1417 1865; baseline -0.004 -20"><span class='ocrx_word' id='word_1_119' title='bbox 296 1780 351 1845; x_wconf 87' lang='grc' dir='ltr'><em>τόν</em></span> <span class='ocrx_word' id='word_1_120' title='bbox 379 1776 439 1861; x_wconf 80' lang='grc' dir='ltr'><em>μέν</em></span> <span class='ocrx_word' id='word_1_121' title='bbox 468 1789 602 1863; x_wconf 79' lang='grc' dir='ltr'><em>πρῶτον</em></span> <span class='ocrx_word' id='word_1_122' title='bbox 631 1777 709 1842; x_wconf 87' lang='grc' dir='ltr'><em>θεὸν</em></span> <span class='ocrx_word' id='word_1_123' title='bbox 743 1776 841 1864; x_wconf 88' lang='grc' dir='ltr'><em>ἀργὸν</em></span> <span class='ocrx_word' id='word_1_124' title='bbox 870 1767 955 1842; x_wconf 81' lang='grc' dir='ltr'><em>εῖναι</em></span> <span class='ocrx_word' id='word_1_125' title='bbox 990 1773 1090 1865; x_wconf 73' lang='grc' dir='ltr'><em>ἔργων</em></span> <span class='ocrx_word' id='word_1_126' title='bbox 1121 1775 1336 1860; x_wconf 61' lang='grc' dir='ltr'><em>ξυμπινόντωνδ</em></span> <span class='ocrx_word' id='word_1_127' title='bbox 1358 1775 1417 1842; x_wconf 86' lang='grc' dir='ltr'><em>καί</em></span> 
     </span>
     <span class='ocr_line' id='line_1_15' title="bbox 295 1871 1417 1970; baseline -0.002 -20"><span class='ocrx_word' id='word_1_128' title='bbox 295 1883 451 1968; x_wconf 78' lang='grc' dir='ltr'><em>βασιλέα,</em></span> <span class='ocrx_word' id='word_1_129' title='bbox 486 1884 541 1950; x_wconf 89' lang='grc' dir='ltr'><em>τὸν</em></span> <span class='ocrx_word' id='word_1_130' title='bbox 575 1883 803 1970; x_wconf 86' lang='grc' dir='ltr'><em>δημιουργικὸν</em></span> <span class='ocrx_word' id='word_1_131' title='bbox 838 1881 875 1948; x_wconf 85' lang='grc' dir='ltr'><em>δέ</em></span> <span class='ocrx_word' id='word_1_132' title='bbox 908 1884 987 1948; x_wconf 86' lang='grc' dir='ltr'><em>θεὸν</em></span> <span class='ocrx_word' id='word_1_133' title='bbox 1021 1885 1184 1970; x_wconf 83' lang='grc' dir='ltr'><em>ήγεμονεῖν</em></span> <span class='ocrx_word' id='word_1_134' title='bbox 1214 1871 1261 1948; x_wconf 72' lang='grc' dir='ltr'><em>δι’</em></span> <span class='ocrx_word' id='word_1_135' title='bbox 1281 1881 1417 1969; x_wconf 80' lang='grc' dir='ltr'><em>οὐρανοῦ</em></span> 
     </span>
     <span class='ocr_line' id='line_1_16' title="bbox 296 1987 1418 2077; baseline -0.003 -21"><span class='ocrx_word' id='word_1_136' title='bbox 296 1989 397 2057; x_wconf 87' lang='grc' dir='ltr'><em>ίόντα.</em></span> <span class='ocrx_word' id='word_1_137' title='bbox 445 2001 473 2056; x_wconf 90' lang='grc'><em>9.</em></span> <span class='ocrx_word' id='word_1_138' title='bbox 496 1989 552 2054; x_wconf 85' lang='grc' dir='ltr'><em>διὰ</em></span> <span class='ocrx_word' id='word_1_139' title='bbox 575 1987 612 2054; x_wconf 85' lang='grc' dir='ltr'><em>δέ</em></span> <span class='ocrx_word' id='word_1_140' title='bbox 634 1989 748 2054; x_wconf 80' lang='grc' dir='ltr'><em>τούτου</em></span> <span class='ocrx_word' id='word_1_141' title='bbox 771 1987 830 2057; x_wconf 85' lang='grc' dir='ltr'><em>καί</em></span> <span class='ocrx_word' id='word_1_142' title='bbox 854 1989 871 2054; x_wconf 87' lang='grc' dir='ltr'><em>ό</em></span> <span class='ocrx_word' id='word_1_143' title='bbox 894 1989 1008 2067; x_wconf 90' lang='grc' dir='ltr'><em>στόλος</em></span> <span class='ocrx_word' id='word_1_144' title='bbox 1030 1991 1107 2077; x_wconf 77' lang='grc' dir='ltr'><em>ἡμῖν</em></span> <span class='ocrx_word' id='word_1_145' title='bbox 1130 1988 1216 2070; x_wconf 90' lang='grc' dir='ltr'><em>ἐστι,</em></span> <span class='ocrx_word' id='word_1_146' title='bbox 1247 1988 1337 2054; x_wconf 87' lang='grc' dir='ltr'><em>κάτω</em></span> <span class='ocrx_word' id='word_1_147' title='bbox 1360 1998 1418 2054; x_wconf 91' lang='grc' dir='ltr'><em>τοῦ</em></span> 
     </span>
     <span class='ocr_line' id='line_1_17' title="bbox 296 2093 1416 2183; baseline -0.004 -20"><span class='ocrx_word' id='word_1_148' title='bbox 296 2109 350 2164; x_wconf 91' lang='grc' dir='ltr'><em>νοῦ</em></span> <span class='ocrx_word' id='word_1_149' title='bbox 373 2094 584 2180; x_wconf 82' lang='grc' dir='ltr'><em>πεμπομένου</em></span> <span class='ocrx_word' id='word_1_150' title='bbox 607 2093 641 2160; x_wconf 91' lang='grc' dir='ltr'><em>ἐν</em></span> <span class='ocrx_word' id='word_1_151' title='bbox 664 2093 797 2181; x_wconf 79' lang='grc' dir='ltr'><em>διεξόδῳ</em></span> <span class='ocrx_word' id='word_1_152' title='bbox 821 2105 907 2160; x_wconf 80' lang='grc' dir='ltr'><em>πᾶσι</em></span> <span class='ocrx_word' id='word_1_153' title='bbox 929 2098 1000 2174; x_wconf 90' lang='grc' dir='ltr'><em>τοῖς</em></span> <span class='ocrx_word' id='word_1_154' title='bbox 1027 2108 1220 2183; x_wconf 80' lang='grc' dir='ltr'><em>κοινωνῆσαι</em></span> <span class='ocrx_word' id='word_1_155' title='bbox 1243 2117 1416 2180; x_wconf 90' lang='grc' dir='ltr'><em>συντεταγ-</em></span> 
     </span>
     <span class='ocr_line' id='line_1_18' title="bbox 295 2197 1417 2288; baseline -0.001 -19"><span class='ocrx_word' id='word_1_156' title='bbox 295 2202 430 2287; x_wconf 57' lang='grc' dir='ltr'><em>μένοιςΰ.</em></span> <span class='ocrx_word' id='word_1_157' title='bbox 479 2211 529 2268; x_wconf 90' lang='grc'><em>10.</em></span> <span class='ocrx_word' id='word_1_158' title='bbox 561 2199 739 2284; x_wconf 86' lang='grc' dir='ltr'><em>βλέποντος</em></span> <span class='ocrx_word' id='word_1_159' title='bbox 768 2199 828 2284; x_wconf 80' lang='grc' dir='ltr'><em>μέν</em></span> <span class='ocrx_word' id='word_1_160' title='bbox 862 2197 916 2268; x_wconf 80' lang='grc' dir='ltr'><em>οὖν</em></span> <span class='ocrx_word' id='word_1_161' title='bbox 945 2200 1003 2266; x_wconf 86' lang='grc' dir='ltr'><em>καί</em></span> <span class='ocrx_word' id='word_1_162' title='bbox 1033 2200 1297 2288; x_wconf 82' lang='grc' dir='ltr'><em>ἐπεστραμμένου</em></span> <span class='ocrx_word' id='word_1_163' title='bbox 1332 2203 1417 2288; x_wconf 87' lang='grc' dir='ltr'><em>πρὸς</em></span> 
     </span>
     <span class='ocr_line' id='line_1_19' title="bbox 295 2304 1417 2398; baseline 0 -24"><span class='ocrx_word' id='word_1_164' title='bbox 295 2313 385 2398; x_wconf 77' lang='grc' dir='ltr'><em>ἡμῶν</em></span> <span class='ocrx_word' id='word_1_165' title='bbox 414 2307 551 2374; x_wconf 69' lang='grc' dir='ltr'><em>ἕκαστον</em></span> <span class='ocrx_word' id='word_1_166' title='bbox 582 2317 640 2372; x_wconf 90' lang='grc' dir='ltr'><em>τοῦ</em></span> <span class='ocrx_word' id='word_1_167' title='bbox 668 2313 749 2372; x_wconf 90' lang='grc' dir='ltr'><em>θεοῦ</em></span> <span class='ocrx_word' id='word_1_168' title='bbox 778 2304 948 2391; x_wconf 75' lang='grc' dir='ltr'><em>συμβαίνει</em></span> <span class='ocrx_word' id='word_1_169' title='bbox 978 2307 1033 2395; x_wconf 81' lang='grc' dir='ltr'><em>ζῆν</em></span> <span class='ocrx_word' id='word_1_170' title='bbox 1061 2331 1097 2374; x_wconf 91' lang='grc' dir='ltr'><em>τε</em></span> <span class='ocrx_word' id='word_1_171' title='bbox 1127 2306 1185 2374; x_wconf 84' lang='grc' dir='ltr'><em>καί</em></span> <span class='ocrx_word' id='word_1_172' title='bbox 1210 2309 1417 2392; x_wconf 72' lang='grc' dir='ltr'><em>βιώσκεσθαι</em></span> 
     </span>
     <span class='ocr_line' id='line_1_20' title="bbox 296 2413 1417 2502; baseline 0 -22"><span class='ocrx_word' id='word_1_173' title='bbox 296 2415 370 2480; x_wconf 90' lang='grc' dir='ltr'><em>τότε</em></span> <span class='ocrx_word' id='word_1_174' title='bbox 397 2416 440 2478; x_wconf 88' lang='grc' dir='ltr'><em>τὰ</em></span> <span class='ocrx_word' id='word_1_175' title='bbox 469 2415 624 2498; x_wconf 83' lang='grc' dir='ltr'><em>σώματα,</em></span> <span class='ocrx_word' id='word_1_176' title='bbox 660 2413 848 2501; x_wconf 83' lang='grc' dir='ltr'><em>κηδεύοντος</em></span> <span class='ocrx_word' id='word_1_177' title='bbox 871 2423 929 2480; x_wconf 86' lang='grc' dir='ltr'><em>τοῦ</em></span> <span class='ocrx_word' id='word_1_178' title='bbox 951 2419 1034 2480; x_wconf 87' lang='grc' dir='ltr'><em>θεοῦ</em></span> <span class='ocrx_word' id='word_1_179' title='bbox 1054 2418 1125 2492; x_wconf 86' lang='grc' dir='ltr'><em>τοῖς</em></span> <span class='ocrx_word' id='word_1_180' title='bbox 1148 2413 1417 2502; x_wconf 84' lang='grc' dir='ltr'><em>ἀκροβολισμοῖς·</em></span> 
     </span>
     <span class='ocr_line' id='line_1_21' title="bbox 296 2517 1417 2610; baseline 0 -24"><span class='ocrx_word' id='word_1_181' title='bbox 296 2518 576 2609; x_wconf 82' lang='grc' dir='ltr'><em>μεταστρέφοντος</em></span> <span class='ocrx_word' id='word_1_182' title='bbox 599 2519 635 2585; x_wconf 82' lang='grc' dir='ltr'><em>δέ</em></span> <span class='ocrx_word' id='word_1_183' title='bbox 657 2517 703 2598; x_wconf 88' lang='grc' dir='ltr'><em>είς</em></span> <span class='ocrx_word' id='word_1_184' title='bbox 725 2522 782 2608; x_wconf 83' lang='grc' dir='ltr'><em>τὴν</em></span> <span class='ocrx_word' id='word_1_185' title='bbox 806 2517 922 2586; x_wconf 82' lang='grc' dir='ltr'><em>ἐαυτοῦ</em></span> <span class='ocrx_word' id='word_1_186' title='bbox 945 2523 1116 2610; x_wconf 77' lang='grc' dir='ltr'><em>περιωπήν</em></span> <span class='ocrx_word' id='word_1_187' title='bbox 1138 2531 1197 2587; x_wconf 89' lang='grc' dir='ltr'><em>τοῦ</em></span> <span class='ocrx_word' id='word_1_188' title='bbox 1210 2525 1292 2588; x_wconf 87' lang='grc' dir='ltr'><em>θεοῦ</em></span> <span class='ocrx_word' id='word_1_189' title='bbox 1313 2531 1417 2586; x_wconf 86' lang='grc' dir='ltr'><em>ταῦτα</em></span> 
     </span>
     <span class='ocr_line' id='line_1_22' title="bbox 296 2623 1416 2714; baseline -0.002 -20"><span class='ocrx_word' id='word_1_190' title='bbox 296 2626 355 2712; x_wconf 77' lang='grc' dir='ltr'><em>μέν</em></span> <span class='ocrx_word' id='word_1_191' title='bbox 377 2625 653 2711; x_wconf 81' lang='grc' dir='ltr'><em>ἀποσβέννυσθαι,</em></span> <span class='ocrx_word' id='word_1_192' title='bbox 676 2627 732 2692; x_wconf 87' lang='grc' dir='ltr'><em>τὸν</em></span> <span class='ocrx_word' id='word_1_193' title='bbox 754 2625 792 2692; x_wconf 81' lang='grc' dir='ltr'><em>δέ</em></span> <span class='ocrx_word' id='word_1_194' title='bbox 813 2637 885 2692; x_wconf 83' lang='grc' dir='ltr'><em>νοῦν</em></span> <span class='ocrx_word' id='word_1_195' title='bbox 908 2625 963 2714; x_wconf 79' lang='grc' dir='ltr'><em>ζῆν</em></span> <span class='ocrx_word' id='word_1_196' title='bbox 977 2623 1052 2712; x_wconf 89' lang='grc' dir='ltr'><em>βίου</em></span> <span class='ocrx_word' id='word_1_197' title='bbox 1067 2626 1292 2713; x_wconf 88' lang='grc' dir='ltr'><em>ἀπαυρόμενον</em></span> <span class='ocrx_word' id='word_1_198' title='bbox 1306 2625 1416 2694; x_wconf 80' lang='grc' dir='ltr'><em>εὐδαί-</em></span> 
     </span>
    </p>
   </div>
   <div class='ocr_carea' id='block_1_3' title="bbox 164 2729 1418 2822">
    <p class='ocr_par' dir='ltr' id='par_1_3' title="bbox 164 2729 1418 2822">
     <span class='ocr_line' id='line_1_23' title="bbox 164 2729 1418 2822; baseline -0.005 -18"><span class='ocrx_word' id='word_1_199' title='bbox 164 2738 272 2822; x_wconf 55' lang='lat' dir='ltr'><em>„ffus</em></span> <span class='ocrx_word' id='word_1_200' title='bbox 297 2758 404 2818; x_wconf 87' lang='grc' dir='ltr'><em>μενος.</em></span> <span class='ocrx_word' id='word_1_201' title='bbox 420 2771 461 2782; x_wconf 93' lang='lat'>-</span> <span class='ocrx_word' id='word_1_202' title='bbox 476 2735 522 2800; x_wconf 91' lang='lat' dir='ltr'><em>Ib.</em></span> <span class='ocrx_word' id='word_1_203' title='bbox 542 2741 592 2800; x_wconf 74' lang='lat'><em>15.</em></span> <span class='ocrx_word' id='word_1_204' title='bbox 615 2731 685 2798; x_wconf 84' lang='grc' dir='ltr'><em>Καὶ</em></span> <span class='ocrx_word' id='word_1_205' title='bbox 710 2729 782 2821; x_wconf 77' lang='grc' dir='ltr'><em>ἑξῆς</em></span> <span class='ocrx_word' id='word_1_206' title='bbox 804 2731 841 2798; x_wconf 88' lang='grc' dir='ltr'><em>δέ</em></span> <span class='ocrx_word' id='word_1_207' title='bbox 862 2733 965 2800; x_wconf 87' lang='grc' dir='ltr'><em>πάλιν</em></span> <span class='ocrx_word' id='word_1_208' title='bbox 987 2732 1065 2820; x_wconf 87' lang='grc' dir='ltr'><em>περὶ</em></span> <span class='ocrx_word' id='word_1_209' title='bbox 1092 2743 1151 2800; x_wconf 88' lang='grc' dir='ltr'><em>τοῦ</em></span> <span class='ocrx_word' id='word_1_210' title='bbox 1172 2747 1245 2812; x_wconf 82' lang='grc' dir='ltr'><em>πῶς</em></span> <span class='ocrx_word' id='word_1_211' title='bbox 1268 2733 1337 2800; x_wconf 87' lang='grc' dir='ltr'><em>ἀπὸ</em></span> <span class='ocrx_word' id='word_1_212' title='bbox 1360 2745 1418 2800; x_wconf 90' lang='grc' dir='ltr'><em>τοῦ</em></span> 
     </span>
    </p>
   </div>
   <div class='ocr_carea' id='block_1_4' title="bbox 221 2835 1417 4520">
    <p class='ocr_par' dir='ltr' id='par_1_4' title="bbox 221 2835 1417 4520">
     <span class='ocr_line' id='line_1_24' title="bbox 296 2835 1416 2928; baseline -0.001 -23"><span class='ocrx_word' id='word_1_213' title='bbox 296 2841 428 2928; x_wconf 85' lang='grc' dir='ltr'><em>πρώτου</em></span> <span class='ocrx_word' id='word_1_214' title='bbox 453 2835 561 2905; x_wconf 84' lang='grc' dir='ltr'><em>αἰτίου</em></span> <span class='ocrx_word' id='word_1_215' title='bbox 584 2841 622 2904; x_wconf 87' lang='grc' dir='ltr'><em>τὸ</em></span> <span class='ocrx_word' id='word_1_216' title='bbox 645 2839 791 2927; x_wconf 78' lang='grc' dir='ltr'><em>δεύτερον</em></span> <span class='ocrx_word' id='word_1_217' title='bbox 812 2837 937 2927; x_wconf 81' lang='grc' dir='ltr'><em>ὑπέστη</em></span> <span class='ocrx_word' id='word_1_218' title='bbox 965 2839 1078 2905; x_wconf 86' lang='grc' dir='ltr'><em>τοιάδε</em></span> <span class='ocrx_word' id='word_1_219' title='bbox 1099 2837 1199 2928; x_wconf 80' lang='grc' dir='ltr'><em>φησίν</em></span> <span class='ocrx_word' id='word_1_220' title='bbox 1228 2840 1259 2924; x_wconf 88' lang='grc' dir='ltr'><em>(ό</em></span> <span class='ocrx_word' id='word_1_221' title='bbox 1282 2842 1416 2928; x_wconf 83' lang='grc' dir='ltr'><em>Νουμή-</em></span> 
     </span>
     <span class='ocr_line' id='line_1_25' title="bbox 295 2937 1417 3034; baseline 0.001 -24"><span class='ocrx_word' id='word_1_222' title='bbox 295 2969 378 3026; x_wconf 85' lang='grc' dir='ltr'><em>νιος,</em></span> <span class='ocrx_word' id='word_1_223' title='bbox 407 2947 446 3010; x_wconf 77' lang='lat' dir='ltr'><em>fr.</em></span> <span class='ocrx_word' id='word_1_224' title='bbox 477 2955 518 3012; x_wconf 76' lang='lat'><em>29</em></span> <span class='ocrx_word' id='word_1_225' title='bbox 542 2945 630 3032; x_wconf 80' lang='lat' dir='ltr'><strong>Th.)·</strong></span> <span class='ocrx_word' id='word_1_226' title='bbox 672 2937 803 3011; x_wconf 84' lang='grc' dir='ltr'><em>Ὁπόσα</em></span> <span class='ocrx_word' id='word_1_227' title='bbox 832 2944 870 3011; x_wconf 83' lang='grc' dir='ltr'><em>δέ</em></span> <span class='ocrx_word' id='word_1_228' title='bbox 902 2944 1044 3011; x_wconf 79' lang='grc' dir='ltr'><em>δοθέντα</em></span> <span class='ocrx_word' id='word_1_229' title='bbox 1078 2945 1204 3029; x_wconf 77' lang='grc' dir='ltr'><em>μέτεισι</em></span> <span class='ocrx_word' id='word_1_230' title='bbox 1244 2948 1329 3034; x_wconf 85' lang='grc' dir='ltr'><em>πρὸς</em></span> <span class='ocrx_word' id='word_1_231' title='bbox 1361 2949 1417 3013; x_wconf 85' lang='grc' dir='ltr'><em>τόν</em></span> 
     </span>
     <span class='ocr_line' id='line_1_26' title="bbox 296 3049 1414 3139; baseline 0.002 -23"><span class='ocrx_word' id='word_1_232' title='bbox 296 3051 521 3135; x_wconf 87' lang='grc' dir='ltr'><em>λαμβάνοντα,</em></span> <span class='ocrx_word' id='word_1_233' title='bbox 553 3050 746 3117; x_wconf 86' lang='grc' dir='ltr'><em>ἀπελθόντα</em></span> <span class='ocrx_word' id='word_1_234' title='bbox 775 3049 812 3116; x_wconf 85' lang='grc' dir='ltr'><em>ἐκ</em></span> <span class='ocrx_word' id='word_1_235' title='bbox 840 3061 898 3117; x_wconf 83' lang='grc' dir='ltr'><em>τοῦ</em></span> <span class='ocrx_word' id='word_1_236' title='bbox 920 3052 1114 3133; x_wconf 89' lang='grc' dir='ltr'><em>δεδωκότος,</em></span> <span class='ocrx_word' id='word_1_237' title='bbox 1145 3051 1216 3118; x_wconf 85' lang='grc' dir='ltr'><em>ἐστί</em></span> <span class='ocrx_word' id='word_1_238' title='bbox 1238 3050 1414 3139; x_wconf 89' lang='grc' dir='ltr'><em>θεραπεία,</em></span> 
     </span>
     <span class='ocr_line' id='line_1_27' title="bbox 221 3153 1415 3248; baseline 0.003 -27"><span class='ocrx_word' id='word_1_239' title='bbox 221 3244 222 3248; x_wconf 8' lang='lat'>¹</span> <span class='ocrx_word' id='word_1_240' title='bbox 294 3159 460 3246; x_wconf 86' lang='grc' dir='ltr'><em>χρήματα,</em></span> <span class='ocrx_word' id='word_1_241' title='bbox 497 3155 640 3240; x_wconf 89' lang='grc' dir='ltr'><em>νόμισμα</em></span> <span class='ocrx_word' id='word_1_242' title='bbox 675 3157 800 3238; x_wconf 90' lang='grc' dir='ltr'><em>κοῖλον,</em></span> <span class='ocrx_word' id='word_1_243' title='bbox 835 3153 1006 3246; x_wconf 89' lang='grc' dir='ltr'><em>ἐπίσημον.</em></span> <span class='ocrx_word' id='word_1_244' title='bbox 1042 3157 1138 3223; x_wconf 86' lang='grc' dir='ltr'><em>ταυτί</em></span> <span class='ocrx_word' id='word_1_245' title='bbox 1167 3157 1227 3242; x_wconf 88' lang='grc' dir='ltr'><em>μέν</em></span> <span class='ocrx_word' id='word_1_246' title='bbox 1257 3155 1311 3224; x_wconf 82' lang='grc' dir='ltr'><em>οὖν</em></span> <span class='ocrx_word' id='word_1_247' title='bbox 1345 3159 1415 3225; x_wconf 89' lang='grc' dir='ltr'><em>ἐστι</em></span> 
     </span>
     <span class='ocr_line' id='line_1_28' title="bbox 295 3255 1415 3351; baseline 0.003 -24"><span class='ocrx_word' id='word_1_248' title='bbox 295 3263 403 3351; x_wconf 85' lang='grc' dir='ltr'><em>θνητὰ</em></span> <span class='ocrx_word' id='word_1_249' title='bbox 432 3260 490 3328; x_wconf 83' lang='grc' dir='ltr'><em>καὶ</em></span> <span class='ocrx_word' id='word_1_250' title='bbox 517 3261 730 3347; x_wconf 85' lang='grc' dir='ltr'><em>ἀνθρώπινα·</em></span> <span class='ocrx_word' id='word_1_251' title='bbox 764 3263 807 3328; x_wconf 89' lang='grc' dir='ltr'><em>τά</em></span> <span class='ocrx_word' id='word_1_252' title='bbox 830 3262 867 3328; x_wconf 89' lang='grc' dir='ltr'><em>δέ</em></span> <span class='ocrx_word' id='word_1_253' title='bbox 888 3263 969 3330; x_wconf 87' lang='grc' dir='ltr'><em>θεῖά</em></span> <span class='ocrx_word' id='word_1_254' title='bbox 992 3259 1080 3330; x_wconf 87' lang='grc' dir='ltr'><em>ἐστιν</em></span> <span class='ocrx_word' id='word_1_255' title='bbox 1103 3255 1158 3330; x_wconf 87' lang='grc' dir='ltr'><em>οἷα</em></span> <span class='ocrx_word' id='word_1_256' title='bbox 1179 3264 1415 3348; x_wconf 85' lang='grc' dir='ltr'><em>μεταδοθέντα,</em></span> 
     </span>
     <span class='ocr_line' id='line_1_29' title="bbox 295 3357 1416 3459; baseline 0 -23"><span class='ocrx_word' id='word_1_257' title='bbox 295 3357 423 3436; x_wconf 72' lang='grc' dir='ltr'><em>ἐνθένδ’</em></span> <span class='ocrx_word' id='word_1_258' title='bbox 441 3367 550 3434; x_wconf 86' lang='grc' dir='ltr'><em>ἐκεῖθι</em></span> <span class='ocrx_word' id='word_1_259' title='bbox 566 3367 763 3457; x_wconf 75' lang='grc' dir='ltr'><em>γεγενημένα,</em></span> <span class='ocrx_word' id='word_1_260' title='bbox 787 3367 918 3436; x_wconf 83' lang='grc' dir='ltr'><em>ἐνθένδε</em></span> <span class='ocrx_word' id='word_1_261' title='bbox 940 3393 976 3436; x_wconf 88' lang='grc' dir='ltr'><em>τε</em></span> <span class='ocrx_word' id='word_1_262' title='bbox 991 3369 1048 3436; x_wconf 78' lang='grc' dir='ltr'><em>οὐκ</em></span> <span class='ocrx_word' id='word_1_263' title='bbox 1064 3370 1261 3459; x_wconf 75' lang='grc' dir='ltr'><em>ἀπελήλυθε,</em></span> <span class='ocrx_word' id='word_1_264' title='bbox 1279 3371 1416 3438; x_wconf 84' lang='grc' dir='ltr'><em>κάκεῖθι</em></span> 
     </span>
     <span class='ocr_line' id='line_1_30' title="bbox 295 3464 1416 3566; baseline 0.002 -25"><span class='ocrx_word' id='word_1_265' title='bbox 295 3476 446 3562; x_wconf 86' lang='grc' dir='ltr'><em>γενόμενα</em></span> <span class='ocrx_word' id='word_1_266' title='bbox 475 3476 531 3540; x_wconf 86' lang='grc' dir='ltr'><em>τὸν</em></span> <span class='ocrx_word' id='word_1_267' title='bbox 558 3473 619 3558; x_wconf 80' lang='grc' dir='ltr'><em>μέν</em></span> <span class='ocrx_word' id='word_1_268' title='bbox 648 3473 750 3564; x_wconf 82' lang='grc' dir='ltr'><em>ὤνησε</em></span> <span class='ocrx_word' id='word_1_269' title='bbox 772 3477 828 3540; x_wconf 86' lang='grc' dir='ltr'><em>τὸν</em></span> <span class='ocrx_word' id='word_1_270' title='bbox 849 3464 884 3540; x_wconf 72' lang='grc' dir='ltr'><em>δ’</em></span> <span class='ocrx_word' id='word_1_271' title='bbox 905 3475 962 3541; x_wconf 84' lang='grc' dir='ltr'><em>οάκ</em></span> <span class='ocrx_word' id='word_1_272' title='bbox 984 3473 1121 3564; x_wconf 71' lang='grc' dir='ltr'><em>ἔβλαψε,</em></span> <span class='ocrx_word' id='word_1_273' title='bbox 1145 3476 1203 3543; x_wconf 83' lang='grc' dir='ltr'><em>καί</em></span> <span class='ocrx_word' id='word_1_274' title='bbox 1225 3479 1416 3566; x_wconf 85' lang='grc' dir='ltr'><em>προσώνησε</em></span> 
     </span>
     <span class='ocr_line' id='line_1_31' title="bbox 294 3576 1415 3670; baseline 0.002 -24"><span class='ocrx_word' id='word_1_275' title='bbox 294 3582 337 3670; x_wconf 78' lang='grc' dir='ltr'><em>τῇ</em></span> <span class='ocrx_word' id='word_1_276' title='bbox 360 3579 438 3667; x_wconf 82' lang='grc' dir='ltr'><em>περὶ</em></span> <span class='ocrx_word' id='word_1_277' title='bbox 461 3576 504 3645; x_wconf 83' lang='grc' dir='ltr'><em>ὧν</em></span> <span class='ocrx_word' id='word_1_278' title='bbox 527 3577 692 3668; x_wconf 90' lang='grc' dir='ltr'><em>ήπίστατο</em></span> <span class='ocrx_word' id='word_1_279' title='bbox 715 3581 899 3669; x_wconf 75' lang='grc' dir='ltr'><em>ἀναμνήσει.</em></span> <span class='ocrx_word' id='word_1_280' title='bbox 948 3589 999 3648; x_wconf 88' lang='grc'><em>16.</em></span> <span class='ocrx_word' id='word_1_281' title='bbox 1023 3579 1095 3648; x_wconf 76' lang='grc' dir='ltr'><em>ἐστι</em></span> <span class='ocrx_word' id='word_1_282' title='bbox 1118 3583 1155 3650; x_wconf 81' lang='grc' dir='ltr'><em>δὲ</em></span> <span class='ocrx_word' id='word_1_283' title='bbox 1177 3593 1271 3650; x_wconf 89' lang='grc' dir='ltr'><em>τοῦτο</em></span> <span class='ocrx_word' id='word_1_284' title='bbox 1292 3585 1331 3650; x_wconf 91' lang='grc' dir='ltr'><em>τδ</em></span> <span class='ocrx_word' id='word_1_285' title='bbox 1353 3609 1415 3649; x_wconf 90' lang='grc' dir='ltr'><em>κα-</em></span> 
     </span>
     <span class='ocr_line' id='line_1_32' title="bbox 295 3683 1416 3776; baseline 0.002 -24"><span class='ocrx_word' id='word_1_286' title='bbox 295 3687 351 3752; x_wconf 87' lang='grc' dir='ltr'><em>λὸν</em></span> <span class='ocrx_word' id='word_1_287' title='bbox 377 3699 484 3774; x_wconf 75' lang='grc' dir='ltr'><em>χρῆμα</em></span> <span class='ocrx_word' id='word_1_288' title='bbox 517 3684 680 3774; x_wconf 80' lang='grc' dir='ltr'><em>ἐπιστήμη</em></span> <span class='ocrx_word' id='word_1_289' title='bbox 711 3685 852 3776; x_wconf 87' lang='grc' dir='ltr'><em>ήκαλή,</em></span> <span class='ocrx_word' id='word_1_290' title='bbox 887 3683 925 3776; x_wconf 82' lang='grc' dir='ltr'><em>ής</em></span> <span class='ocrx_word' id='word_1_291' title='bbox 947 3685 1052 3754; x_wconf 86' lang='grc' dir='ltr'><em>ἀίνατο</em></span> <span class='ocrx_word' id='word_1_292' title='bbox 1074 3689 1135 3773; x_wconf 86' lang='grc' dir='ltr'><em>μέν</em></span> <span class='ocrx_word' id='word_1_293' title='bbox 1157 3691 1175 3756; x_wconf 82' lang='grc' dir='ltr'>ὁ</span> <span class='ocrx_word' id='word_1_294' title='bbox 1197 3691 1323 3774; x_wconf 88' lang='grc' dir='ltr'><em>λαβών,</em></span> <span class='ocrx_word' id='word_1_295' title='bbox 1358 3688 1416 3755; x_wconf 81' lang='grc' dir='ltr'><em>οὐκ</em></span> 
     </span>
     <span class='ocr_line' id='line_1_33' title="bbox 294 3781 1414 3884; baseline 0.003 -26"><span class='ocrx_word' id='word_1_296' title='bbox 294 3789 515 3858; x_wconf 89' lang='grc' dir='ltr'><em>ἀπολείπεται</em></span> <span class='ocrx_word' id='word_1_297' title='bbox 538 3781 571 3858; x_wconf 78' lang='grc' dir='ltr'><em>δ’</em></span> <span class='ocrx_word' id='word_1_298' title='bbox 591 3791 689 3880; x_wconf 84' lang='grc' dir='ltr'><em>αάτής</em></span> <span class='ocrx_word' id='word_1_299' title='bbox 712 3793 730 3858; x_wconf 86' lang='grc' dir='ltr'><em>ό</em></span> <span class='ocrx_word' id='word_1_300' title='bbox 753 3793 910 3872; x_wconf 85' lang='grc' dir='ltr'><em>δεδωκώς.</em></span> <span class='ocrx_word' id='word_1_301' title='bbox 946 3784 1014 3860; x_wconf 85' lang='grc' dir='ltr'><em>οἷον</em></span> <span class='ocrx_word' id='word_1_302' title='bbox 1044 3795 1083 3862; x_wconf 76' lang='grc' dir='ltr'><em>ἀν</em></span> <span class='ocrx_word' id='word_1_303' title='bbox 1111 3792 1197 3874; x_wconf 80' lang='grc' dir='ltr'><em>ἴδοις</em></span> <span class='ocrx_word' id='word_1_304' title='bbox 1225 3794 1414 3884; x_wconf 80' lang='grc' dir='ltr'><em>ἐξαφθέντα</em></span> 
     </span>
     <span class='ocr_line' id='line_1_34' title="bbox 294 3889 1412 3989; baseline 0.003 -24"><span class='ocrx_word' id='word_1_305' title='bbox 294 3889 356 3987; x_wconf 75' lang='grc' dir='ltr'><em>ἀφ’</em></span> <span class='ocrx_word' id='word_1_306' title='bbox 376 3896 486 3985; x_wconf 79' lang='grc' dir='ltr'><em>ἐτέρου</em></span> <span class='ocrx_word' id='word_1_307' title='bbox 510 3898 621 3980; x_wconf 81' lang='grc' dir='ltr'><em>λόχνου</em></span> <span class='ocrx_word' id='word_1_308' title='bbox 644 3911 716 3987; x_wconf 78' lang='grc' dir='ltr'><em>φῶς</em></span> <span class='ocrx_word' id='word_1_309' title='bbox 738 3895 861 3980; x_wconf 66' lang='grc' dir='ltr'><em>ἐγοντα,</em></span> <span class='ocrx_word' id='word_1_310' title='bbox 886 3895 904 3965; x_wconf 82' lang='grc' dir='ltr'>ὃ</span> <span class='ocrx_word' id='word_1_311' title='bbox 925 3902 970 3988; x_wconf 87' lang='grc' dir='ltr'><em>μή</em></span> <span class='ocrx_word' id='word_1_312' title='bbox 993 3902 1048 3967; x_wconf 87' lang='grc' dir='ltr'><em>τὸν</em></span> <span class='ocrx_word' id='word_1_313' title='bbox 1070 3902 1229 3989; x_wconf 85' lang='grc' dir='ltr'><em>πρότερον</em></span> <span class='ocrx_word' id='word_1_314' title='bbox 1252 3899 1412 3989; x_wconf 87' lang='grc' dir='ltr'><em>ἀφείλετο,</em></span> 
     </span>
     <span class='ocr_line' id='line_1_35' title="bbox 294 4003 1412 4096; baseline 0.004 -26"><span class='ocrx_word' id='word_1_315' title='bbox 294 4005 377 4070; x_wconf 86' lang='grc' dir='ltr'><em>ἀλλὰ</em></span> <span class='ocrx_word' id='word_1_316' title='bbox 409 4017 467 4092; x_wconf 81' lang='grc' dir='ltr'><em>της</em></span> <span class='ocrx_word' id='word_1_317' title='bbox 496 4003 530 4070; x_wconf 90' lang='grc' dir='ltr'><em>ἐν</em></span> <span class='ocrx_word' id='word_1_318' title='bbox 559 4003 647 4090; x_wconf 76' lang='grc' dir='ltr'><em>αὐτῷ</em></span> <span class='ocrx_word' id='word_1_319' title='bbox 677 4004 754 4092; x_wconf 74' lang='grc' dir='ltr'><em>ὕλης</em></span> <span class='ocrx_word' id='word_1_320' title='bbox 784 4007 869 4093; x_wconf 88' lang='grc' dir='ltr'><em>πρὸς</em></span> <span class='ocrx_word' id='word_1_321' title='bbox 897 4007 936 4072; x_wconf 91' lang='grc' dir='ltr'><em>τδ</em></span> <span class='ocrx_word' id='word_1_322' title='bbox 959 4005 1081 4074; x_wconf 87' lang='grc' dir='ltr'><em>ἐκείνου</em></span> <span class='ocrx_word' id='word_1_323' title='bbox 1105 4018 1171 4096; x_wconf 92' lang='grc' dir='ltr'><em>πῦρ</em></span> <span class='ocrx_word' id='word_1_324' title='bbox 1194 4003 1412 4096; x_wconf 80' lang='grc' dir='ltr'><em>ἐξαφθείσης·</em></span> 
     </span>
     <span class='ocr_line' id='line_1_36' title="bbox 296 4109 1412 4203; baseline 0.002 -27"><span class='ocrx_word' id='word_1_325' title='bbox 296 4122 346 4176; x_wconf 81' lang='grc'><em>17.</em></span> <span class='ocrx_word' id='word_1_326' title='bbox 376 4121 525 4176; x_wconf 90' lang='grc' dir='ltr'><em>τοιοῦτον</em></span> <span class='ocrx_word' id='word_1_327' title='bbox 553 4111 592 4175; x_wconf 87' lang='grc' dir='ltr'><em>τὸ</em></span> <span class='ocrx_word' id='word_1_328' title='bbox 619 4110 728 4200; x_wconf 72' lang='grc' dir='ltr'><em>χρῆμά</em></span> <span class='ocrx_word' id='word_1_329' title='bbox 759 4109 829 4176; x_wconf 89' lang='grc' dir='ltr'><em>ἐστι</em></span> <span class='ocrx_word' id='word_1_330' title='bbox 858 4113 976 4200; x_wconf 78' lang='grc' dir='ltr'><em>τὸτῆς</em></span> <span class='ocrx_word' id='word_1_331' title='bbox 999 4112 1196 4203; x_wconf 83' lang='grc' dir='ltr'><em>ἐπιστήμης,</em></span> <span class='ocrx_word' id='word_1_332' title='bbox 1230 4112 1412 4203; x_wconf 79' lang='grc' dir='ltr'><em>ήδοθεῖσα</em></span> 
     </span>
     <span class='ocr_line' id='line_1_37' title="bbox 230 4213 1412 4306; baseline 0.006 -28"><span class='ocrx_word' id='word_1_333' title='bbox 230 4273 233 4278; x_wconf 94' lang='grc'><em>.</em></span> <span class='ocrx_word' id='word_1_334' title='bbox 294 4215 351 4282; x_wconf 85' lang='grc' dir='ltr'><em>καί</em></span> <span class='ocrx_word' id='word_1_335' title='bbox 380 4217 550 4306; x_wconf 84' lang='grc' dir='ltr'><em>ληφθεῖσα</em></span> <span class='ocrx_word' id='word_1_336' title='bbox 578 4213 761 4302; x_wconf 90' lang='grc' dir='ltr'><em>παραμένει</em></span> <span class='ocrx_word' id='word_1_337' title='bbox 789 4214 850 4300; x_wconf 79' lang='grc' dir='ltr'><em>μέν</em></span> <span class='ocrx_word' id='word_1_338' title='bbox 880 4215 928 4303; x_wconf 77' lang='grc' dir='ltr'><em>τῷ</em></span> <span class='ocrx_word' id='word_1_339' title='bbox 951 4219 1122 4300; x_wconf 90' lang='grc' dir='ltr'><em>δεδωκότι,</em></span> <span class='ocrx_word' id='word_1_340' title='bbox 1158 4221 1285 4285; x_wconf 83' lang='grc' dir='ltr'><em>σόνεστι</em></span> <span class='ocrx_word' id='word_1_341' title='bbox 1307 4219 1345 4285; x_wconf 87' lang='grc' dir='ltr'><em>δέ</em></span> <span class='ocrx_word' id='word_1_342' title='bbox 1366 4218 1412 4306; x_wconf 74' lang='grc' dir='ltr'><em>τη]</em></span> 
     </span>
     <span class='ocr_line' id='line_1_38' title="bbox 294 4319 1413 4409; baseline 0.004 -23"><span class='ocrx_word' id='word_1_343' title='bbox 294 4319 427 4406; x_wconf 87' lang='grc' dir='ltr'><em>λαβόντι</em></span> <span class='ocrx_word' id='word_1_344' title='bbox 456 4319 588 4409; x_wconf 85' lang='grc' dir='ltr'><em>ήαάτή.</em></span> <span class='ocrx_word' id='word_1_345' title='bbox 637 4331 688 4390; x_wconf 90' lang='grc'><em>18.</em></span> <span class='ocrx_word' id='word_1_346' title='bbox 722 4323 836 4388; x_wconf 85' lang='grc' dir='ltr'><em>τούτου</em></span> <span class='ocrx_word' id='word_1_347' title='bbox 865 4321 901 4388; x_wconf 86' lang='grc' dir='ltr'><em>δέ</em></span> <span class='ocrx_word' id='word_1_348' title='bbox 930 4325 968 4390; x_wconf 89' lang='grc' dir='ltr'><em>τὸ</em></span> <span class='ocrx_word' id='word_1_349' title='bbox 998 4319 1120 4406; x_wconf 78' lang='grc' dir='ltr'><em>αἴτιον,</em></span> <span class='ocrx_word' id='word_1_350' title='bbox 1150 4323 1177 4390; x_wconf 81' lang='grc' dir='ltr'><strong><em>ὦ</em></strong></span> <span class='ocrx_word' id='word_1_351' title='bbox 1206 4323 1290 4408; x_wconf 83' lang='grc' dir='ltr'><em>ξένε,</em></span> <span class='ocrx_word' id='word_1_352' title='bbox 1325 4322 1413 4392; x_wconf 81' lang='grc' dir='ltr'><em>οὐδέν</em></span> 
     </span>
     <span class='ocr_line' id='line_1_39' title="bbox 295 4425 1412 4520; baseline 0.006 -29"><span class='ocrx_word' id='word_1_353' title='bbox 295 4425 383 4492; x_wconf 90' lang='grc' dir='ltr'><em>ἐστιν</em></span> <span class='ocrx_word' id='word_1_354' title='bbox 405 4427 623 4514; x_wconf 80' lang='grc' dir='ltr'><em>ἀνθρώπινον,</em></span> <span class='ocrx_word' id='word_1_355' title='bbox 654 4425 727 4494; x_wconf 85' lang='grc' dir='ltr'><em>ἀλλ’</em></span> <span class='ocrx_word' id='word_1_356' title='bbox 749 4428 800 4496; x_wconf 84' lang='grc' dir='ltr'><em>δτι</em></span> <span class='ocrx_word' id='word_1_357' title='bbox 828 4427 896 4510; x_wconf 77' lang='grc' dir='ltr'><em>δ’ξις</em></span> <span class='ocrx_word' id='word_1_358' title='bbox 917 4455 953 4496; x_wconf 92' lang='grc' dir='ltr'><em>τε</em></span> <span class='ocrx_word' id='word_1_359' title='bbox 974 4430 1032 4498; x_wconf 88' lang='grc' dir='ltr'><em>καί</em></span> <span class='ocrx_word' id='word_1_360' title='bbox 1057 4429 1152 4500; x_wconf 78' lang='grc' dir='ltr'><em>ου’σία</em></span> <span class='ocrx_word' id='word_1_361' title='bbox 1175 4433 1195 4520; x_wconf 84' lang='grc' dir='ltr'><em>ή</em></span> <span class='ocrx_word' id='word_1_362' title='bbox 1218 4429 1335 4516; x_wconf 64' lang='grc' dir='ltr'><em>ἐγουσα</em></span> <span class='ocrx_word' id='word_1_363' title='bbox 1356 4434 1412 4520; x_wconf 85' lang='grc' dir='ltr'><em>τήν</em></span> 
     </span>
    </p>
   </div>
   <div class='ocr_carea' id='block_1_5' title="bbox 0 0 1578 4984">
    <p class='ocr_par' dir='ltr' id='par_1_5' title="bbox 0 0 1578 4984">
     <span class='ocr_line' id='line_1_40' title="bbox 0 0 1578 4984; baseline 0 0"><span class='ocrx_word' id='word_1_364' title='bbox 0 0 1578 4984; x_wconf 95' lang='lat' dir='ltr'><em> </em></span> 
     </span>
    </p>
   </div>
  </div>
 </body>
</html>
