3150 4996
672 287 867 356 Prolegomena.
1170 271 1173 276 ¹
1310 283 1329 343 b

282 447 357 502 Idem
381 449 571 517 persequuntur
595 446 716 501 Ammon.
741 447 829 501 Herm.
852 446 881 500 in
906 447 1001 515 Categ.
1025 444 1107 501 Arist.
1132 445 1327 502 infolio.

215 537 287 604 rlld.;
306 537 409 606 Philop.
429 539 456 590 et
474 536 561 590 David
579 537 608 590 in
627 535 712 590 Schol.
723 535 804 590 Arist.
815 536 873 590 341)
879 557 887 601 ;
907 535 972 590 aab
991 534 1111 589 Braudis.
1145 533 1236 589 Galen.
1256 534 1328 588 Hiat.

211 627 277 696 phil.
296 627 322 680 4.
341 627 404 680 Dor.
425 627 484 690 601,
505 627 547 680 19.

180 769 193 810 ν
279 751 368 834 Diog.
392 751 406 814 I
431 757 482 815 18.
539 749 631 834 Μέρη
664 752 698 815 δὲ
728 752 906 837 φιλοσοφίας
939 753 1026 836 τρία,
1063 744 1190 838 φυσικὸν
1220 744 1328 834 ἠθικὸν
1342 758 1424 808 partes.

1329 813 1433 862 tempora.

1292 855 1307 871 Ν

213 851 416 924 διαλεκτικόν·
442 855 571 943 φυσικὸν
600 857 656 939 μὲν
688 850 724 921 τὸ
754 861 818 942 περὶ
848 851 964 940 κόσμου
994 861 1042 922 καὶ
1070 856 1132 921 τῶν
1161 859 1192 920 ἓν
1224 851 1326 945 αιἰτῳ·

211 959 320 1030 loreto
344 969 378 1030 δὲ
400 959 435 1028 τὸ
459 969 523 1050 περὶ
553 966 624 1046 βίου
647 967 695 1026 καί
718 963 779 1027 τῶν
802 961 880 1050 πρὸς
901 956 1003 1048 ἡμᾶς·
1027 957 1213 1030 διαλεκτικὸν
1236 967 1270 1028 δὲ
1293 957 1328 1027 τὸ

94 1145 100 1155 ,
211 1066 393 1157 ἀμφοτέρων
422 1069 493 1147 τοὺς
521 1068 631 1154 λόγους
660 1069 836 1156 πρεσβεῦον.
881 1073 929 1134 καὶ
957 1073 1048 1156 μέχρι
1078 1073 1135 1152 μὲν
1161 1065 1327 1155 Ἀρχελάου

210 1174 247 1244 τὸ
277 1177 405 1267 φυσικὸν
434 1171 472 1262 ἦν
502 1175 600 1254 εἶδος·
625 1172 684 1241 άπὸ
716 1180 750 1243 δὲ
772 1173 968 1259 Σωκράτους,
1001 1168 1041 1252 ὥς
1070 1179 1257 1261 προείρηται,
1292 1174 1327 1240 τὸ

211 1281 342 1371 ἠθικάνῦ
358 1305 384 1320 ··
411 1281 471 1364 άπὸ
495 1288 529 1352 δὲ
551 1281 697 1368 Ζήνωνος
719 1284 776 1348 τοῦ
796 1279 938 1349 Ἐλεάτου
961 1281 997 1348 τὸ
1022 1277 1214 1348 διαλεκτικόν.

283 1421 310 1465 a.
339 1407 394 1462 Cio.
413 1409 489 1464 Tusa.
509 1408 533 1461 V
553 1409 595 1462 10.
631 1407 672 1462 Ab
697 1409 809 1477 antiqua
833 1407 1000 1478 philosophia
1022 1423 1104 1476 usque
1133 1405 1167 1461 ad
1186 1405 1328 1470 Socratem,

212 1497 256 1565 qui
275 1495 434 1552 Archelaum
452 1498 622 1567 Anaxagorae
640 1497 799 1566 discipulum
814 1497 942 1563 audierat,
961 1498 1062 1550 numeri
1075 1499 1214 1564 motusque
1227 1497 1329 1550 traota-

211 1585 309 1640 bantur
327 1589 354 1640 et
371 1585 439 1640 uude
458 1587 547 1641 omnia
565 1589 699 1640 orerentur
717 1602 799 1655 quove
817 1586 976 1653 recidereut3
1001 1585 1168 1654 studioseque
1187 1584 1221 1640 ab
1240 1585 1274 1638 iis
1293 1585 1329 1640 si-

212 1673 303 1730 derum
322 1675 528 1744 magnitudines,
547 1675 698 1741 intervalla,
718 1690 810 1730 cursus
824 1674 1031 1744 anquirebantur
1044 1677 1071 1727 et
1084 1676 1179 1730 ouncta
1193 1675 1327 1730 caelestia.

212 1763 331 1818 Socrates
359 1766 449 1818 autem
475 1765 575 1834 primus
602 1762 795 1834 philosophiam
823 1764 959 1818 devocarit
983 1764 1087 1819 eoaelo
1113 1765 1140 1816 et
1164 1765 1193 1817 in
1219 1763 1330 1818 urbibus

211 1853 359 1907 conlocavit
382 1855 409 1906 et
432 1854 460 1906 in
484 1854 576 1907 domus
599 1855 681 1908 etiam
704 1849 851 1907 introduxit
875 1855 901 1907 et
925 1853 1012 1922 coegit
1035 1847 1066 1906 de
1091 1853 1149 1908 vita
1168 1856 1194 1907 et
1212 1851 1329 1907 moribus

210 1939 336 2009 rebusque
355 1942 429 1995 bonis
447 1943 474 1996 et
492 1940 570 1996 malis
590 1955 718 2010 quaerere.
756 1943 798 1997 11.
824 1941 907 1995 Cuius
931 1942 1068 2010 multiplex
1086 1941 1155 1994 ratio
1174 1937 1328 2010 disputandi

194 2045 346 2098 *rerumque
364 2031 479 2084 varietas
502 2032 530 2084 et
553 2031 654 2099 ingenii
678 2029 848 2098 magnitudo,
876 2029 996 2083 Platonis
1023 2029 1148 2082 memoria
1175 2031 1203 2082 et
1229 2029 1329 2083 litteris

212 2121 370 2183 oonseorata,
388 2119 465 2186 plura
483 2133 577 2186 genera
596 2118 680 2171 effecit
698 2116 911 2170 dissentientium
929 2116 1150 2186 philosophorum.

181 2297 192 2336 7
280 2261 366 2342 Diog.
390 2261 473 2324 121.
513 2257 580 2323 Ἔτι
603 2263 638 2326 δὲ
660 2253 720 2344 πρὸ
743 2255 846 2344 ὀλίγου
860 2267 874 2296 ²
896 2264 944 2323 καὶ
967 2255 1114 2343 ἐκλεκτική
1147 2283 1194 2333 τις
1216 2263 1436 2362 αλρεσιςέῐῗίξζξν

213 2363 343 2452 εἰσήχθη
363 2360 423 2432 bul
437 2359 629 2449 Ποτάμωνος
651 2373 707 2431 τοῦ
726 2361 956 2448 Ἀλεξανδρέως,
980 2365 1174 2446 ε’κλεξαμίνου
1197 2362 1236 2431 τά
1258 2361 1327 2453 άρί-
1365 2385 1407 2416 ¹⁰⁸³

211 2490 307 2540 σαντα
329 2476 360 2550 ἐξ
382 2469 509 2556 ἑκάστης
530 2473 593 2538 τῶν
616 2463 788 2556 αῗρέσεωνί).

288 2609 317 2651 a.
344 2595 473 2665 Diogenes
501 2598 617 2668 auowris
645 2597 687 2650 sui
716 2595 742 2664 [?
761 2589 915 2672 Hippoboti,
945 2594 977 2650 ef.
1003 2595 1196 2661 Wilamowitz,
1226 2597 1326 2652 Pbo'lol.

216 2685 321 2742 Uetera.
340 2685 379 2738 IV
398 2683 487 2754 327⁸]
506 2688 624 2754 tempora
641 2685 791 2739 transtulit.
828 2685 868 2738 De
885 2684 1029 2738 Potamone
1048 2685 1130 2750 Diels,
1149 2686 1213 2739 Dox.
1233 2686 1295 2740 81⁴.

281 2789 313 2846 b.
341 2791 423 2845 Glem.
438 2791 534 2845 Strom.
548 2791 563 2844 I
576 2793 620 2862 37,
636 2809 661 2861 p.
672 2791 761 2847 3381).
797 2771 968 2860 φιλοσοφίαν
977 2789 1009 2842 δὲ
1019 2788 1054 2843 ου’
1062 2789 1110 2854 τήν
1123 2791 1242 2855 Στωικήν
1256 2791 1329 2860 λέγω

211 2873 277 2932 ου’δὲ
294 2877 346 2940 rob
363 2877 538 2942 Πλατωνικήν
556 2875 571 2941 ἢ
590 2877 640 2942 τήν
656 2873 838 2949 Ἐπικούρειον
857 2895 887 2930 τε
905 2877 950 2930 καὶ
969 2877 1183 2949 Ἀριστοτελικίν,
1202 2875 1261 2931 αλλ’
1275 2879 1330 2954 ὅσα

210 2969 313 3035 ε’ίρηται
330 2961 401 3036 παρ’
419 2965 519 3037 ἑκαστῃ
538 2971 594 3020 των
613 2967 743 3037 αἱρέσεων
760 2963 864 3020 τούτων
883 2968 990 3032 καλῶς,
1014 2966 1189 3030 δικαιοσύνην
1206 2967 1267 3040 μετ’
1285 2967 1327 3022 od-

210 3057 304 3123 σεβοῦς
322 3053 467 3126 ἐπιστήμης
485 3047 692 3120 ἐκδιδάσκονται,
711 3059 791 3108 τοῦτο
810 3055 924 3126 σύμπαν
943 3055 973 3107 td
992 3055 1142 3109 ἐκλεκτικδν
1160 3058 1329 3128 φιλοσοφίαν

210 3150 290 3214 φημί.
326 3145 438 3200 Numen.
458 3162 499 3214 ap.
519 3145 600 3202 Clam.
620 3145 715 3200 Strom.
734 3146 749 3199 I
768 3146 828 3210 150,
844 3164 869 3215 p.
879 3143 969 3200 411Ρ.
988 3151 1015 3196 τί
1033 3144 1088 3218 γάρ
1102 3143 1160 3199 ἐστι
1179 3144 1294 3200 Πλάτων
1313 3147 1330 3212 ἤ

210 3236 325 3296 Μωυσῆς
344 3232 501 3304 Arvalium
520 3233 554 3289 of.
573 3229 699 3304 Porphyr.
717 3233 795 3290 Antr.
814 3235 928 3304 Nymph.
950 3233 1025 3289 σ.10.

281 3323 318 3376 De
331 3323 534 3392 neoplatonioaa
549 3323 704 3394 disciplinae
718 3325 818 3392 origine
842 3324 908 3378 dioit
926 3323 1039 3378 Hierool.
1051 3340 1092 3394 ap.
1102 3324 1179 3380 Phot
1196 3323 1250 3378 ood.
1266 3325 1329 3390 251,

209 3427 234 3479 p.
253 3411 320 3464 461Β
334 3411 369 3464 24
378 3411 459 3466 Bell.
495 3411 593 3463 Πολλοὶ
611 3415 668 3464 τῶν
685 3407 740 3465 οἷπδ
758 3405 901 3471 Πλάτωνος
919 3413 964 3464 καί
982 3415 1039 3464 τῶν
1057 3407 1113 3466 dno*
1137 3409 1329 3483 Ἀριστοτέλους

210 3529 244 3537 -
262 3499 348 3570 μέχρι
366 3499 460 3552 τούτου
478 3499 643 3569 φιλονεικίας
668 3503 714 3552 καὶ
738 3499 841 3571 τόλμης
857 3485 976 3566 Ιἤλασαν,
995 3503 1032 3562 alc
1055 3503 1100 3554 καλ
1123 3499 1156 3553 τά
1179 3501 1328 3572 συγγράμ-

208 3605 283 3656 ματα
309 3591 364 3639 τῶν
388 3590 495 3640 οἰκείων
520 3593 653 3640 νοθεῦσαι
676 3587 852 3642 διδασκάλων
875 3593 912 3648 εἰς
936 3587 966 3642 ιδ
989 3589 1095 3661 μᾶλλον
1114 3587 1249 3651 ἐπιδεῖξαι
1266 3589 1330 3649 τούς

209 3671 313 3744 ἄνδρας
332 3671 455 3740 άλλήλοις
474 3679 664 3748 μαχομένους·
684 3681 729 3729 καὶ
755 3678 874 3748 διέμεινε
898 3683 978 3732 τοῦτο
1003 3679 1033 3732 td
1058 3678 1149 3738 πάθος
1174 3685 1235 3737 ταῖς
1254 3680 1330 3748 φιλο·

210 3762 305 3832 σόφοις
337 3763 488 3834 διατριβαῖς
521 3762 663 3832 ἐυσκῆψαν
695 3766 745 3824 ἕως
773 3763 955 3838 Ἀμμωνίου
979 3771 1031 3820 τοῦ
1057 3765 1257 3834 Ἀλεξανδρέως
1281 3765 1333 3819 τοῦ

209 3850 400 3906 δεοδιδάκτου.
437 3841 516 3912 οὗτος
539 3853 593 3924 γάρ
618 3858 727 3923 πρῶτος
753 3854 937 3916 ἐνθουσιάσας
960 3856 1029 3927 κρδς
1048 3856 1079 3910 ro*
1095 3861 1143 3920 τῆς
1162 3853 1336 3924 φιλοσοφίας

209 3935 340 4001 alaeam
366 3943 411 3991 καὶ
437 3939 484 4001 τδς
508 3946 563 3994 τῶν
588 3942 696 3995 πολλῶν
719 3941 803 4006 δόξας
828 3941 967 4013 δπεριδιὸν
986 3945 1034 4006 ταὶς
1053 3943 1160 4002 ὄνειδος
1180 3941 1340 4012 φιλοσοφίᾳ

208 4028 451 4099 προστριρομένας,
470 4016 529 4082 εἶδε
546 4031 633 4091 καλῶς
653 4028 688 4084 τά
706 4031 835 4102 ἑκατέρου
853 4035 897 4084 καὶ
916 4033 1072 4103 συνήγαγεν
1092 4034 1132 4090 σίς
1151 4029 1202 4082 ἕνα
1221 4031 1275 4082 καὶ
1294 4025 1346 4080 τὸν

209 4113 293 4170 αὐτδν
320 4122 393 4180 νοῦν,
420 4121 466 4170 καλ
491 4116 676 4174 α’στασίαστον
703 4119 752 4186 τὴν
778 4121 948 4192 φιλοσοφίαν
970 4119 1156 4193 παραδέδωκε
1182 4122 1260 4169 πᾶσι
1290 4117 1351 4169 τοῖς

209 4207 295 4259 αὑτοῦ
321 4207 483 4276 γνωρίμοις,
510 4207 630 4278 μάλιστα
654 4208 687 4263 δὲ
712 4215 769 4270 τοῖς
793 4206 913 4280 α’ρίστοις
936 4215 992 4264 τῶν
1010 4213 1085 4284 αιίτρῒ
1104 4205 1359 4276 συγγεγονότων,

194 4284 369 4367 ΙΠλωτίνφ
388 4299 433 4348 καὶ
451 4292 621 4367 Ὠριγέαει
639 4301 685 4351 καὶ
703 4307 760 4358 τοῖς
780 4297 839 4364 ἑξῆς
857 4295 913 4351 dud
931 4301 1039 4356 τούτων.
1298 4287 1300 4290 ,
