3156 4988
281 359 334 421 305
731 353 735 360 ’
757 362 922 418 Aristoteles.

283 523 421 610 φανερὸν
443 521 479 587 δὲ
501 532 596 589 τοῦτο
619 527 799 609 θεωροῦσιν
821 521 879 588 ἐπὶ
903 535 1038 589 πασῶν·
1084 523 1179 588 αἵτε
1202 525 1261 611 γὰρ
1284 527 1401 610 μαθη-

281 628 419 712 ματικαὶ
449 641 514 694 τῶν
548 625 740 718 ἐπιστημῶν
769 630 825 695 διδ
853 631 967 696 τοότου
1003 641 1061 695 τοῦ
1097 629 1221 716 τρόπου
1252 627 1399 715 παραγί-

282 759 410 821 γνονται
434 733 489 800 καὶ
514 749 579 799 τῶν
601 734 707 800 άλλων
724 731 843 825 ἑκάστη
867 749 992 818 τεχνῶν.
1038 733 1158 820 ὁμοίως
1181 735 1217 801 δὲ
1240 734 1297 800 καῖ
1321 734 1399 822 περὶ

281 843 356 920 τοὺς
385 841 498 926 λόγους
529 843 563 907 οἵ
593 865 628 906 τε
658 842 713 906 διὰ
743 843 965 927 συλλογισμῶν
995 840 1051 908 καί
1083 838 1113 909 οῖ
1145 831 1190 906 δι’
1210 841 1400 929 ἐπαγωγῆς·

281 947 460 1036 ἀμφότεροι
493 949 553 1035 γδρ
578 948 634 1014 διδ
657 947 985 1034 προγιγνωσκομένων
1014 959 1190 1015 ποιοῦνται
1220 950 1277 1035 τήν
1303 949 1400 1014 διδα-

282 1052 428 1135 σκαλίαν,
453 1051 484 1119 οῖ
507 1052 567 1137 μὲν
590 1054 808 1139 λαμβάνοντες
831 1057 875 1133 ώς
897 1057 992 1140 παρὰ
1015 1053 1194 1134 ξυνιέντων,
1219 1051 1249 1120 οῖ
1274 1054 1311 1121 δὲ
1333 1056 1401 1121 δει-

281 1162 407 1238 κνάντες
429 1161 468 1225 τδ
491 1161 638 1226 καθόλου
662 1161 718 1226 διὰ
741 1171 799 1227 τοῦ
822 1162 917 1247 δῆλον
940 1155 1023 1227 εῖναι
1046 1163 1084 1227 τδ
1107 1151 1192 1227 καθ’
1218 1160 1363 1226 ἕκαστον.

160 1367 255 1409 scientia
348 1356 394 1420 Ib.
419 1364 448 1420 2.
475 1355 535 1420 71b
561 1366 590 1421 9.
633 1344 859 1420 Ἐπίστασθαι
891 1355 928 1421 δὲ
958 1344 1091 1438 οἰόμεθ’
1116 1353 1252 1422 ἕκαστον
1275 1356 1450 1436 δπλῶς,311
1467 1373 1486 1411 B

282 1497 324 1507 -
349 1460 426 1525 ὅταν
447 1461 505 1548 τήν
527 1449 559 1525 τ’
579 1457 689 1525 αἰτίαν
711 1457 861 1543 οἰώμεθα
878 1463 1064 1547 γιγνώσκειν
1085 1452 1132 1528 δι’
1150 1460 1187 1550 ἣν
1210 1464 1247 1527 τὸ
1263 1463 1401 1548 πρᾶγμά

281 1565 387 1646 ἐστιν,
423 1567 474 1632 ότι
509 1563 629 1632 ἐκείνου
663 1564 756 1632 αἰτία
791 1565 877 1649 ἐστί,
913 1567 970 1633 καί
1004 1570 1049 1656 μή
1084 1567 1273 1650 ἐνδέχεσθαι
1307 1557 1398 1633 τοῦτ’

282 1670 389 1749 άλλως
412 1668 519 1753 istem.
543 1707 587 1718 -
610 1669 639 1737 εἰ
661 1671 721 1756 μὲν
744 1670 799 1740 οὖν
821 1671 879 1739 καὶ
897 1672 1005 1761 ἕτερός
1027 1672 1097 1738 ἐστι
1120 1683 1178 1740 τοῦ
1192 1671 1401 1740 ἐπίστασθαι

101 1795 257 1836 demonstratio
283 1777 423 1864 τρόπος,
462 1779 592 1864 ὓστερον
625 1776 781 1865 ἐροῦμενθ,
822 1778 930 1866 φαμὲν
964 1779 1000 1845 δὲ
1034 1779 1091 1845 καῖ
1125 1769 1171 1846 δι’
1203 1777 1402 1858 ἀποδείξεως

281 1880 410 1950 εἰδέναι.
474 1883 642 1963 ἀπόδειξιν
683 1883 720 1950 δὲ·
760 1883 842 1969 λέγω
886 1886 1101 1970 συλλογισμὸν
1138 1885 1399 1974 ἐπιστημονικόν.

282 1989 534 2079 ἐπιστημονικὸν
558 1987 698 2075 δὲλέγω
721 1981 804 2056 καθ’
823 1987 859 2056 ὃν
881 1990 929 2076 τηῖ
952 1987 1032 2072 &etv
1056 1990 1152 2056 αότδν
1175 1991 1399 2074 ἐπιστάμεθα.

281 2094 311 2163 εἰ
333 2095 439 2162 τοίνυν
462 2095 532 2162 ἐστὶ
562 2097 600 2162 τό
623 2093 831 2162 ἐπίστασθαι
864 2088 932 2162 οἷον
955 2093 1085 2180 ἔθεμεν,
1120 2097 1241 2186 άνάγκη
1264 2097 1321 2163 καί
1344 2101 1403 2186 τήν
1449 2107 1452 2112 “

281 2203 513 2291 άποδεικτικήν
536 2201 719 2292 ἐπιστήμην
741 2201 777 2282 ἐξ
799 2202 934 2291 ἀληθῶν
949 2193 983 2268 τ’
1001 2195 1084 2268 εἶναι
1107 2203 1164 2269 καὶ
1187 2206 1328 2290 πριότων
1343 2204 1401 2270 καὶ

190 2358 197 2368 .
281 2309 428 2393 άμέσων·1
457 2308 513 2374 καὶ
543 2307 792 2396 γνωριμωτέρων
820 2308 877 2374 καί
912 2307 1080 2397 προτέρων
1110 2309 1166 2375 καὶ
1197 2308 1310 2375 αἰτίων
1344 2321 1402 2376 τοῦ

281 2415 573 2502 συμπεράσματος·
619 2415 702 2481 οότω
726 2418 787 2503 γάρ
804 2411 933 2480 ἔσονται
956 2415 1013 2480 καὶ
1037 2413 1072 2480 αῖ
1089 2415 1186 2501 άργαὶ
1210 2414 1327 2482 οἰκεῖαι
1343 2429 1402 2482 τοῦ

282 2520 511 2604 δεικνυμένουθ.
558 2522 772 2606 συλλογισμός
803 2520 863 2604 μὲν
892 2524 953 2609 γάρ
976 2518 1069 2587 ἔσται
1093 2521 1150 2587 καὶ
1174 2521 1246 2588 άνευ
1270 2524 1401 2604 τοίτων,

281 2627 451 2708 ἀπόδειξις
474 2617 506 2692 δ’
525 2626 583 2693 οώκ
605 2623 714 2693 ἔσται·
761 2626 880 2712 οὐγὰρ
904 2629 1035 2716 ποιήσει
1053 2627 1244 2716 ἐπιστήμην.
1291 2630 1402 2717 άληθή

280 2733 339 2818 μὲν
363 2731 417 2800 οὖν
440 2735 490 2800 δεῖ
511 2727 610 2815 εῖναι,
646 2735 696 2799 ὅτι
721 2733 778 2800 οὐκ
801 2730 871 2799 ἔστι
895 2737 932 2801 τὸ
954 2737 999 2823 μή
1022 2736 1058 2800 όν
1081 2732 1304 2817 ἐπίστασθαι,
1333 2728 1402 2801 οἷον

281 2841 332 2906 ὅτι
362 2843 382 2928 ή
412 2840 585 2927 διάμετρος
615 2840 802 2926 σύμμετρος.
857 2839 893 2905 ἐκ
922 2842 1061 2924 πρώτων
1090 2830 1123 2906 δ’
1147 2839 1400 2922 ἀναποδείκτων,

281 2947 333 3013 ὅτι
357 2945 414 3012 οὐκ
437 2946 650 3034 ἐπιστήσεται
671 2948 717 3034 μή
733 2942 813 3027 ἓήηων
827 2945 997 3026 άπόδειξιν
1020 2946 1140 3012 αὐτῶν·
1185 2949 1223 3014 τὸ
1247 2949 1307 3034 γάρ
1324 2945 1402 3012 ἐπί·

269 3057 430 3119 ,στασθαι
465 3047 509 3116 ών
538 3049 707 3131 ἀπόδειξίς
734 3050 804 3118 ἐστι
833 3054 877 3141 μή
901 3054 1225 3140 κατὰσυμβεβηκός,
1259 3055 1297 3119 τὸ
1320 3049 1402 3135 ῖήειν

281 3155 451 3236 ἀπόδειξίν
473 3156 570 3222 ἐστιν.
617 3155 710 3224 αἴτιά
741 3182 777 3223 τε
805 3157 862 3223 καὶ
893 3160 1121 3246 γνωριμώτερα
1151 3160 1201 3225 δεῖ
1228 3152 1312 3224 εἶναι
1342 3159 1402 3225 καὶ

281 3264 441 3351 πρότερα,
478 3259 571 3329 αῖτια
600 3263 660 3348 μὲν
690 3265 741 3329 ότι
772 3263 846 3330 τότε
869 3260 1083 3348 ἐπιστάμεθα
1108 3266 1186 3331 όταν
1209 3267 1267 3353 τήν
1289 3263 1404 3332 αἰτίαν

281 3365 423 3453 εἰδῶμεν,
446 3368 504 3435 καὶ
526 3370 680 3457 πρότερα,
703 3366 795 3457 εῖπερ
819 3367 926 3451 αῖτια,
950 3370 1008 3436 καί
1031 3371 1339 3459 προγιγνωσκόμενα
1362 3371 1402 3438 οδ

279 3476 376 3559 μόνον
398 3476 454 3541 τὸν
476 3473 585 3562 ἕτερον
607 3475 730 3563 τρόπον
759 3475 807 3562 τῷ
830 3475 986 3557 ξυνιέναι,
1022 3477 1105 3542 άλλὰ
1128 3477 1184 3543 καί
1208 3479 1256 3564 τηῖ
1279 3475 1401 3544 εἰδέναι

240 3636 242 3640 .
281 3582 333 3647 ὅτι
367 3578 463 3648 ἔστιν.
510 3582 655 3670 πρότερα
691 3571 722 3647 δ’
749 3578 819 3648 ἐστὶ
853 3581 910 3649 καὶ
945 3585 1171 3671 γνιυριμώτερα
1206 3584 1319 3665 διχῶς·
1365 3584 1403 3650 οὐ

281 3689 342 3773 γὰρ
376 3686 492 3754 ταότδν
527 3689 686 3776 πρότερον
719 3688 759 3776 τῇ
793 3689 888 3777 φάσει
918 3689 975 3755 καὶ
1005 3691 1090 3777 πρός
1119 3693 1203 3776 ήμάς
1232 3690 1401 3777 πρότερον,

281 3793 355 3861 οὐδὲ
383 3796 624 3881 γνωριμώτερον
652 3794 709 3860 καὶ
739 3797 816 3882 ἡμῖν
846 3797 1097 3883 γνωριμώτερον.
1143 3794 1225 3880 λέγω
1256 3794 1294 3862 δὲ
1316 3799 1403 3884 πρὸς

280 3903 365 3989 ήμᾶς
386 3898 446 3984 μὲν
469 3900 613 3988 πρότερα
636 3900 693 3966 καῖ
716 3902 946 3988 γρωριμώτερα
968 3903 1009 3965 τὰ
1025 3899 1189 3988 ἐγγίτερον
1204 3913 1262 3988 τῆς
1278 3899 1402 3990 αἰσθή-

281 4029 376 4089 σεως,
408 4007 524 4083 άπλῶς
554 4005 591 4072 δὲ
613 4006 757 4094 πρότερα
788 4004 844 4072 καί
868 4007 1096 4094 γνωριμιότερα
1119 4010 1161 4072 τά
1184 4009 1402 4096 πορρώτερον.

281 4109 350 4178 ἔστι
381 4111 417 4178 δὲ
447 4113 652 4200 πορρωτάτω
680 4113 739 4197 μέν
763 4116 805 4178 τά
827 4113 974 4180 καθόλου
997 4113 1151 4196 μάλιστα,
1176 4113 1342 4199 ἐγγυτάτω
1364 4113 1401 4178 δὲ

281 4219 323 4282 τά
346 4215 431 4283 καθ’
449 4217 588 4284 ἕκαστα·
635 4218 691 4284 καὶ
714 4217 893 4284 άντίκειται
917 4209 1010 4284 ταῦτ’
1030 4218 1205 4307 άλλήλοιςί.

353 4391 381 4432 a.
407 4382 543 4445 Μάθησις
568 4380 726 4446 διανοητική
754 4378 893 4448 opponitur
918 4379 1106 4449 experientiae,
1135 4395 1201 4448 quae
1232 4395 1283 4431 usu
1308 4378 1403 4432 edocta

281 4464 382 4518 ratione
400 4481 453 4520 non
471 4466 584 4522 ducitur.
