3150 4996
272 311 308 372 46
636 314 802 384 Pythagoras
820 323 846 370 et
865 314 1032 385 Pythagorei.

153 490 225 584 παρτε
340 474 446 558 Polyb.
481 474 598 540 Hister.
627 475 659 540 ΙΙ
690 483 741 542 39.
799 472 893 542 Καθ’
928 474 981 552 οὓς
1016 471 1073 560 γὰρ
1107 472 1229 561 καιροδς
1262 477 1293 541 ἐν
1326 490 1390 556 τοῖς
1408 493 1440 534 ¹⁹

131 555 248 595 poppaea
272 575 349 648 κατὰ
371 577 427 666 τῆν
448 577 576 648 Ἰταλίαν
599 580 712 663 τόποις,
735 578 811 648 κατὰ
834 581 889 668 τῆν
902 578 1036 667 μεγάλην
1051 576 1180 650 Ἑλλάδα
1203 583 1269 650 τότε
1292 611 1389 670 προσ-

273 688 507 772 αγορευομένην,
542 690 736 775 ἐνέπρησαν·
776 683 815 755 τιλ
849 690 988 775 συνέδρια
1025 691 1087 756 τῶν
1123 694 1351 777 Πυθαγορείων
1365 690 1388 771 l,

272 789 349 878 μετὰ
370 796 466 860 ταῦτα
489 796 521 859 δὲ
544 797 702 879 γινομένου
718 793 880 880 κινήματος
897 790 1074 882 ὁλοσχεροῦς
1088 803 1155 882 περὶ
1172 795 1227 873 τὰς
1242 803 1390 876 πολιτείοις

273 899 357 986 (ὅπερ
387 899 479 981 εἰκός,
512 897 553 979 ὥς
580 895 616 967 ἂν
645 909 707 967 τῶν
736 899 867 988 πρώτων
897 899 1017 990 ἀνδρῶν
1053 907 1084 980 ἐξ
1116 901 1242 988 ἑκάστης
1276 899 1390 982 πόλεως

273 1006 352 1074 οὕτω
376 1002 551 1094 παραλόγως
574 1010 833 1096 διαφθαρέντων),
857 1011 969 1094 συνέβη
992 1008 1046 1085 τὰς
1073 1005 1144 1075 κατ’
1169 1013 1297 1088 ἐκείνους
1319 1010 1392 1088 τοὺς

271 1113 385 1189 τόπους
406 1107 580 1199 Ἑλληνικὰς
608 1113 708 1192 πόλεις
738 1111 970 1202 ἀναπλησθῆναι
994 1116 1090 1202 φόνου
1114 1123 1161 1182 καὶ
1186 1116 1320 1194 στάσεως
1342 1121 1390 1183 καὶ

273 1222 469 1306 παντοδαπῆς
499 1228 639 1308 ταραχῆς.
686 1225 717 1286 ἐν
747 1218 791 1296 οἷς
819 1234 931 1308 καιροῖς
954 1218 1012 1288 ἀπὸ
1035 1225 1096 1289 τῶν
1120 1227 1267 1290 πλείστων
1290 1224 1393 1311 μερῶν

273 1329 327 1413 τῆς
347 1321 491 1404 Ἑλλάδος
520 1324 748 1414 πρεσβευόντων
778 1331 823 1393 ἐπὶ
853 1325 908 1406 τὰς
935 1325 1087 1404 δίαλῦσεις
1112 1325 1244 1414 Ἀχαιοῖς
1272 1336 1320 1396 καὶ
1350 1331 1391 1417 τῆ

273 1429 393 1499 τούτων
426 1436 523 1499 πίστει
559 1429 781 1521 σονεχρῆσαντο
816 1430 893 1522 πρὸς
924 1430 978 1521 τῆν
1008 1444 1070 1502 τῶν
1099 1433 1257 1522 παρόντων
1292 1437 1392 1502 κακῶν

274 1535 434 1625 ε’ξαγωγῆν.

345 1677 375 1722 a.
404 1663 493 1718 Causa
511 1666 570 1718 erat
588 1662 656 1733 quod
674 1662 836 1734 Pythagorei
854 1682 913 1721 cum
932 1665 1106 1736 optimatibus
1120 1665 1269 1721 sentiebant
1282 1681 1393 1735 eamque

274 1751 416 1808 factionem
434 1751 568 1807 sodaliciis
582 1753 637 1806 suis
650 1753 823 1822 maximopere
837 1753 987 1809 firmabant.
1025 1754 1137 1825 Singula
1151 1771 1245 1824 parum
1258 1756 1390 1826 explorate

273 1844 423 1897 narrantur.
460 1841 530 1896 Nam
547 1841 637 1896 eadem
655 1841 782 1896 seditione
800 1845 827 1896 et
845 1841 1011 1912 Pythagoraa
1030 1860 1105 1898 senex
1118 1847 1145 1897 et
1158 1843 1296 1898 Philolaus
1310 1847 1393 1913 atque

274 1931 350 2000 Lysis
369 1933 472 1986 iuvenes
490 1931 570 2000 petiti
595 1946 649 1984 esse
672 1929 830 1995 traduntur,
858 1931 993 1986 Plutarch.
1013 1931 1044 1986 de
1064 1930 1145 1986 Genio
1164 1932 1234 1987 Socr.
1254 1934 1297 1988 13.
1334 1933 1391 1988 Alii

274 2021 453 2091 Pythagoram
471 2020 558 2088 Ipsum
576 2035 607 2073 ea
625 2017 699 2073 clade
717 2020 814 2088 perisse
832 2019 932 2084 dicunt,
951 2037 1011 2089 pars
1030 2012 1174 2076 crematum
1197 2022 1225 2076 in
1244 2020 1319 2076 domo
1338 2021 1390 2076 Mi·

275 2111 357 2176 lonis,
385 2126 446 2179 pars
473 2109 503 2162 iu
530 2109 596 2178 fuga
624 2109 811 2177 Interceptum3
843 2126 866 2163 v.
892 2108 964 2164 Plut.
996 2109 1027 2164 de
1054 2109 1134 2166 Stoie.
1158 2110 1276 2179 Repugn.
1302 2109 1345 2175 37,
1364 2111 1389 2165 3.

275 2199 406 2268 Athenag.
435 2197 551 2268 Supplic.
578 2213 600 2252 c.
625 2199 668 2253 31.
705 2198 809 2267 Hippol.
834 2197 922 2252 Refnt.
942 2199 956 2252 1
974 2199 991 2254 ‘2
1010 2201 1074 2253 extr.
1111 2198 1206 2254 Arnob.
1233 2198 1291 2255 adv.
1317 2202 1389 2271 gent.

275 2285 776 2356 140.s0h01.1n1>1at.p.420ssr.
800 2287 877 2357 Diog.
898 2287 965 2342 VIII
983 2289 1026 2342 39.
1063 2287 1118 2342 Alii
1145 2287 1288 2357 discipulos
1315 2304 1390 2358 prae·
1481 2352 1485 2358 .

275 2381 315 2431 ter
325 2376 485 2446 Archippum
504 2378 531 2429 et
548 2376 639 2446 Lysim
657 2379 772 2440 necatos,
786 2376 871 2445 ipsum
886 2378 1026 2441 servatum,
1045 2377 1100 2430 sive
1114 2376 1183 2446 quod
1196 2375 1293 2431 afuerIt
1307 2376 1389 2445 (Deli)

276 2469 330 2522 sive
349 2465 417 2534 quod
435 2465 579 2535 perfugerit
596 2465 789 2534 Metapontum.
825 2465 868 2519 Ibi
886 2468 1019 2519 mortuum
1038 2481 1092 2519 esse
1110 2467 1228 2530 narrant,
1247 2483 1307 2535 para
1321 2465 1390 2520 fame

275 2573 335 2627 pars
360 2558 506 2619 senectute;
535 2553 568 2608 cf.
587 2554 683 2608 IustIn.
703 2554 773 2607 Hist.
793 2553 842 2607 XX
861 2555 892 2620 43
921 2553 1111 2609 DIeaearchum
1134 2557 1161 2608 et
1179 2554 1328 2609 Neanthem
1347 2571 1389 2624 ap.

275 2645 370 2715 Porph.
389 2644 508 2713 54-5u;
529 2642 653 2711 Satyrum
672 2645 699 2695 et
717 2642 881 2696 Heraclidem
900 2659 941 2711 ap.
956 2642 1032 2711 Diog.
1049 2642 1118 2696 VIII
1132 2644 1180 2707 40;
1200 2643 1390 2700 Nicomachum

276 2753 316 2806 ap.
345 2732 441 2788 Iambl.
468 2734 529 2788 251.
566 2731 676 2785 Prorsus
710 2729 875 2785 incredibilia
903 2731 1060 2801 Hermippus
1087 2747 1129 2800 ap.
1157 2732 1233 2801 Diog.
1254 2733 1322 2788 VIII
1346 2734 1390 2788 40.

275 2825 393 2879 Poticres
420 2825 483 2876 aunt
509 2823 591 2874 testes
618 2819 787 2874 Aristoxenus
815 2823 842 2873 et
868 2821 1022 2890 Apollonius
1045 2837 1086 2889 ap.
1112 2820 1207 2875 Iambl.
1228 2821 1389 2876 248-262.

276 2913 350 2968 Unde
377 2913 441 2966 haec
469 2911 521 2964 fere
549 2907 672 2976 colligas:
701 2909 753 2977 ipsi
780 2910 833 2962 iarn
857 2908 1024 2979 Pythagorae
1049 2912 1151 2978 partem
1175 2910 1391 2966 crotoniatarum

277 3001 374 3071 Cylone
393 3001 456 3055 duce
481 2997 644 3051 vehementer
668 2997 834 3052 adversatam
858 3014 924 3065 esse;
953 3015 1032 3068 quare
1059 2999 1136 3052 illum
1158 3015 1185 3052 se
1207 3001 1390 3069 Metapontum

276 3089 459 3152 transtulisse,
484 3087 529 3141 ubi
553 3104 603 3140 non
621 3087 761 3141 lacessitus
785 3088 869 3140 vitam
894 3087 1001 3141 finierIt.
1037 3087 1102 3141 Inde
1125 3089 1205 3143 variis
1229 3089 1390 3158 temporibus

275 3195 320 3248 per
338 3177 433 3246 oppida
450 3177 564 3245 Magnae
582 3175 706 3230 Graeciae
725 3176 893 3244 perturbatas
911 3176 1077 3245 popularium
1095 3178 1209 3245 partium
1224 3177 1321 3232 studiis
1339 3194 1393 3232 res-

275 3267 404 3338 publicas.
441 3265 575 3320 Postremo
594 3281 618 3318 a.
637 3265 779 3320 440-430
806 3265 858 3319 lere
883 3265 1025 3335 συνέδριον
1043 3265 1111 3319 illud
1129 3282 1188 3321 eum
1207 3267 1273 3336 ipsis
1291 3265 1391 3336 Pytha·

277 3357 361 3426 goreis
380 3373 397 3410 a
415 3355 578 3409 crotoniatis
597 3370 651 3408 esse
676 3354 854 3424 combustum;
884 3371 934 3423 quo
961 3356 1037 3423 quasi
1064 3355 1140 3423 sIguo
1165 3354 1228 3408 dato
1251 3371 1297 3424 per
1321 3371 1393 3409 com-

276 3446 362 3516 plures
387 3444 502 3498 colonias
525 3460 633 3512 graecas
657 3444 790 3496 turnultus
813 3447 980 3512 propagatos.
1017 3444 1053 3497 Et
1076 3459 1131 3497 esse
1154 3443 1252 3497 multos
1277 3447 1390 3509 necatos,

277 3535 343 3588 allos
361 3534 456 3588 eiectos
474 3533 573 3586 venisse
592 3531 619 3584 in
638 3530 783 3586 Graeciam.
803 3559 836 3569 -
865 3531 919 3586 Nec
938 3548 996 3586 vero
1015 3535 1063 3586 aut
1081 3533 1185 3586 omniuo
1204 3535 1252 3586 aut
1271 3531 1391 3586 omnibus

276 3624 341 3678 locis
359 3625 418 3676 tum
436 3620 545 3675 extincti
563 3622 633 3674 sunt.
670 3620 709 3676 Ut
726 3619 848 3674 Platonis
872 3622 960 3674 aetate
983 3621 1091 3674 Tarenti
1114 3637 1157 3675 eos
1182 3621 1340 3675 auctorItate
1364 3623 1391 3674 et

277 3711 427 3766 litterarum
446 3709 534 3763 studio
553 3709 679 3774 floruisse,
698 3709 830 3779 Archytas
849 3711 876 3764 et
895 3709 1064 3763 Aristoxenus
1083 3713 1146 3764 sunt
1165 3709 1326 3765 documento.

348 3817 378 3872 b.
406 3816 502 3871 Iambl.
527 3817 581 3870 250
604 3816 664 3885 (sec.
690 3815 898 3882 Aristoxenum:
927 3818 982 3866 τοῖν
1008 3813 1060 3868 δύο
1087 3820 1143 3867 των
1170 3815 1391 3885 περισωθέντων,

277 3903 442 3978 α’μφοτέρων
455 3911 628 3973 Ταραντίνων
647 3904 744 3968 ὄντων,
763 3906 778 3956 d
792 3909 845 3974 μὲν
858 3903 1005 3975 Ἄρχιππος
1018 3901 1190 3975 ἀνεχώρησεν
1204 3905 1242 3962 εἰς
1258 3902 1391 3972 Τάραντα,

277 3998 292 4050 d
310 3996 343 4051 δὲ
361 3997 447 4056 Λύσις
464 3995 580 4067 μισήσας
599 3990 648 4058 τῆν
666 3989 811 4065 ὀλιγωρίαν
829 3990 932 4063 α’πῆρεν
950 3994 987 4052 εἰς
1005 3988 1055 4057 τῆν
1067 3990 1179 4045 Ἐλλάδα
1197 3995 1243 4044 καλ
1256 3990 1286 4044 ἐν
1304 3987 1392 4060 Ἀχαίρ

277 4086 393 4156 διέτριβε
412 4089 445 4154 τῇ
462 4084 703 4153 Πελοποννησιακῖγ,
722 4083 815 4136 ἔπειτα
834 4086 873 4142 εἰς
892 4082 977 4149 Θήβας
994 4085 1161 4154 μετῳκίσατο
1179 4079 1299 4144 σπονδῆς
1317 4098 1391 4140 τινος

275 4175 434 4246 γενομένης,
453 4163 539 4242 οὗπερ
558 4169 670 4240 ἐγένετο
686 4163 893 4241 Ἐπαμινώνδας
909 4168 1040 4240 α’κροατῆς
1059 4172 1104 4222 καὶ
1121 4168 1228 4238 πατέρα
1240 4161 1290 4220 τδν
1304 4166 1392 4220 Λύσιν

276 4261 412 4318 ἐκάλεσεν.
440 4263 481 4318 cf.
490 4262 593 4318 Comel.
604 4260 669 4331 Nep.
676 4261 797 4331 Epamin.
808 4277 830 4317 c.
841 4261 866 4318 2.
899 4259 1010 4315 Fabella
1024 4257 1055 4312 de
1063 4257 1159 4329 Lyside
1169 4274 1211 4328 ap.
1221 4255 1316 4313 Iambl.
1324 4257 1390 4327 185;

276 4352 340 4409 ibid.
360 4352 394 4407 75
412 4354 439 4406 et
456 4351 534 4420 Diog.
557 4349 625 4405 VIII
642 4350 678 4404 42
695 4350 809 4420 epistola
827 4365 880 4420 qua
897 4346 1002 4416 vulgari
1029 4345 1175 4402 doctrinam
1201 4347 1315 4402 vetuisse
1342 4345 1392 4400 fer-

276 4446 328 4497 tur.
365 4439 438 4495 Adde
457 4441 534 4509 Diog.
553 4438 622 4494 VIII
640 4438 655 4492 7
674 4437 704 4491 τδ
723 4437 756 4491 δὲ
775 4438 932 4510 φερόμενον
951 4434 987 4496 ὠς
1005 4427 1171 4506 Πυθαγόραο
1187 4433 1309 4494 Λύσιδός
1322 4433 1390 4488 ἐστι.
