3140 4990
636 319 808 374 Democritus.
1230 319 1283 382 169

158 471 178 562 ἦ
208 479 265 561 μὲν
295 471 443 564 γνησίηη
469 481 503 546 δὲ
533 484 659 563 σκοτίη·
690 485 738 544 καί
768 483 891 565 σκοτίης
919 485 976 563 μίν
1006 478 1078 550 τόδε
1109 479 1282 565 σύμπαντα,

158 581 230 669 όψις
253 582 328 671 ἀκοὴ
352 581 432 671 όόμη
456 585 555 669 γεόσις
584 594 712 667 ψαῦσις,
742 581 760 670 ἡ
784 589 818 653 δὲ
844 591 967 672 γνησίη,
999 585 1215 674 όποκεκριμίνη
1250 591 1284 657 δὲ

157 687 304 776 ταότης.“
350 691 414 759 εἶτα
441 697 611 778 προκρίνων
634 693 688 777 της
710 697 831 778 σκοτιής
854 689 909 776 τόν
933 699 1058 780 γνησίην
1082 698 1212 781 ε’πιφίρει
1234 697 1283 760 λε’-

158 819 243 882 γων·
279 797 387 880 ,Ὅταν
410 792 428 884 ἦ
452 803 556 884 σκοτίη
584 801 689 884 μηκίτι
720 795 849 883 όόνηται
877 795 952 884 μήτε
983 796 1058 886 όρᾶν
1080 797 1132 866 ἐπ’
1157 801 1283 868 ἔλαττον

156 901 232 991 μήτε
264 901 382 971 όκοόειν
404 901 481 990 μήτε
505 902 665 990 &deaceae
688 903 765 990 μήτε
788 905 932 990 γεύεσθαι
955 905 1030 990 μήτε
1061 910 1092 972 ίν
1120 914 1161 994 τῇ
1183 903 1282 990 ψαόσι

740 1015 786 1051 ((1

157 1010 375 1092 αἰσθάνεσθαι,
399 1009 465 1078 ἀλλ’
484 1017 529 1079 eni
553 1008 731 1098 λεπτότερον
799 1049 843 1058 -
867 1010 976 1079 οόκοόν
999 1019 1047 1078 καὶ
1071 1009 1148 1078 κατὰ
1171 1015 1284 1079 τοῦτον

158 1111 175 1184 ό
200 1116 290 1205 λόγος
312 1125 377 1186 ε’στί
401 1115 560 1205 κριτήριον,
585 1117 620 1184 όν
643 1123 769 1204 γνησίην
792 1115 916 1205 γνώμην
938 1121 1055 1187 καλεῖλ.

231 1257 260 1300 τι.
279 1242 377 1296 Eadem
396 1244 487 1311 paucis
506 1243 620 1296 mutatis
638 1243 764 1311 leguntur
783 1241 853 1312 apud
872 1242 964 1298 Galen.
984 1243 1015 1298 de
1035 1245 1116 1301 Elem.
1137 1261 1187 1301 sec.
1202 1247 1283 1318 Hipp.

156 1332 320 1398 12,1417
341 1333 372 1386 K.
410 1331 479 1385 Sext.
497 1327 704 1400 Pyrrh.1213.
1101 1393 1109 1410 ι

232 1422 260 1476 c.
289 1421 366 1490 Apud
386 1422 463 1489 Dicg.
482 1421 522 1474 IX
541 1423 574 1475 47
599 1420 668 1474 idem
693 1420 759 1476 liber
786 1424 958 1491 memoratum
984 1421 1057 1476 Suid.
1081 1440 1106 1477 v.
1126 1428 1284 1497 Κρατυντή-

157 1532 204 1581 ρια
224 1541 257 1548 -
276 1513 344 1582 ὅπερ
362 1513 437 1564 ἐστὶν
462 1514 628 1582 ἐπικριτικὸν
655 1515 768 1564 πάντων
794 1523 849 1564 τῶν
875 1517 1037 1585 γραφέντων
1065 1515 1138 1582 αὐτῷ
1165 1517 1282 1581 βιβλίων.

158 1597 269 1668 Ναίοτρ,
289 1615 314 1667 p.
334 1599 394 1662 179,
414 1599 439 1652 2.

229 1701 257 1744 ο.
285 1687 349 1740 Eius
368 1685 430 1740 libri
448 1687 524 1740 nulle
542 1688 642 1740 mentio
660 1703 701 1756 ap.
722 1687 799 1756 Dicg.
809 1709 816 1752 ;
837 1689 909 1742 ῖιλέαι
928 1691 992 1741 sunt
1012 1689 1103 1754 atomi,
1124 1705 1148 1742 v.
1163 1695 1206 1742 BP
1221 1690 1282 1744 148.

158 1775 274 1845 Naiorp,
293 1793 317 1845 p.
340 1777 398 1840 173,
418 1778 443 1830 3.

230 1865 260 1918 d.
289 1865 367 1933 Diog.
386 1863 426 1918 IX
447 1865 488 1918 72.
522 1867 582 1938 ε’τεῇ
610 1867 640 1918 δὲ
667 1866 749 1919 οὐδὲν
776 1867 875 1940 ἴδμεν·
895 1868 924 1920 ἰν
948 1870 1026 1935 βυθῷ
1050 1867 1104 1938 γὰρ
1128 1869 1143 1933 ἡ
1163 1869 1284 1934 ἀληθείη.

156 1953 248 2007 Cicere
267 1952 348 2007 Aced.
367 1970 406 2022 pr.
425 1953 453 2007 Ii
472 1953 523 2007 32:
542 1959 677 2006 ααταναιιι
695 1970 806 2021 accusa,
826 1970 897 2022 ηααο
916 1955 948 2007 ic
961 1955 1110 2022 profundo
1128 1955 1283 2022 veritatem,

156 2049 191 2096 eet
210 2043 253 2096 ait
272 2041 457 2109 Democritus,
473 2043 590 2112 penites
608 2043 790 2110 abstruserit3
809 2041 889 2097 Aced.
909 2047 976 2111 post.
997 2045 1009 2096 I
1029 2043 1072 2097 44.

229 2145 257 2186 ο.
286 2131 324 2184 De
343 2131 391 2184 hoc
409 2131 476 2184 libro
496 2131 573 2199 Diog.
584 2129 625 2184 IX
633 2131 668 2184 47
682 2149 703 2186 c.
722 2134 777 2184 not.
788 2133 847 2185 crit.
858 2131 1000 2185 Huebneri.
1029 2131 1140 2199 Νότοιο,
1150 2148 1174 2199 p.
1187 2131 1246 2196 180,
1258 2132 1282 2185 1.

229 2219 275 2276 Ρ.
303 2219 344 2273 Cf.
365 2219 476 2272 Arisioi.
495 2219 558 2273 Met.
577 2219 617 2272 IV
636 2220 661 2274 5.
681 2221 779 2274 1009ίι
797 2221 840 2274 38.
878 2224 981 2293 ὁμοίως
1000 2221 1030 2274 δὲ
1049 2225 1096 2273 καὶ
1119 2223 1135 2287 ἦ
1158 2224 1221 2290 περὶ
1249 2221 1283 2273 τὰ

58 2365 62 2370 ,
157 2311 316 2381 φαινόμενα
331 2311 446 2375 ἀλήθεια
461 2310 544 2369 ἐνίοις
557 2311 586 2362 ἐκ
600 2319 656 2362 τῶν
676 2314 817 2375 αἰσθητῶν
835 2310 971 2375 ἐλήλυθεν.
991 2311 1023 2362 τὸ
1040 2311 1093 2379 μὲν
1111 2312 1166 2383 γὰρ
1184 2311 1284 2376 ἀληθὲς

158 2401 192 2452 οὐ
211 2400 310 2464 πλήθει
328 2404 472 2470 κρίνεσθαι
496 2403 603 2451 οἴονται
622 2399 765 2472 προςήκειν
784 2393 848 2450 οὐδ’
871 2400 1017 2468 ὀλιγότητι,
1036 2402 1068 2452 τὸ
1086 2394 1116 2452 δ’
1139 2401 1207 2451 αὐτὸ
1226 2404 1284 2459 τοῖς

156 2489 210 2561 μὲν
228 2489 314 2556 γλυκὺ
332 2492 493 2559 γευομένοις
512 2487 606 2540 όοκεῖν
615 2487 685 2540 εἶναι
695 2493 753 2548 τοῖς
768 2487 799 2540 de
814 2489 919 2559 πικρόν.
939 2483 1008 2540 ὣστ’
1026 2492 1050 2540 εί
1070 2490 1170 2548 πάντες
1180 2489 1284 2560 ἔκαμον

157 2579 287 2641 ἢποίντες
305 2577 505 2646 παρεφρόνουν,
526 2575 579 2628 δύο
598 2572 627 2628 δ’
647 2580 663 2641 ἢ
686 2582 757 2650 τρεῖς
776 2577 902 2645 ὑγίαινον
920 2580 936 2642 ἢ
954 2587 1021 2628 νοῦν
1037 2576 1122 2646 εἶχον,
1142 2577 1235 2630 δοκεῖν
1249 2580 1284 2629 dv

157 2666 274 2724 τούτοις
300 2667 416 2734 κάμνειν
442 2668 489 2716 καὶ
519 2671 716 2737 παραφρονεῖν,
743 2666 807 2725 τοὺς
825 2661 854 2718 τῖ’
877 2669 975 2726 ίίλλους
995 2668 1042 2717 od·
1062 2667 1101 2718 ἔτι
1120 2666 1152 2718 δὲ
1171 2668 1284 2726 πολλοῖς

158 2763 213 2805 τῶν
231 2756 320 2805 ίίλλων
334 2749 407 2820 ζῴων
420 2755 554 2806 τάναντία
569 2757 701 2823 περὶτῶν
715 2755 805 2806 αὐτῶν
819 2759 973 2824 φαίνεσθαι
986 2758 1032 2806 καὶ
1050 2756 1124 2826 ἡμῖν,
1144 2757 1190 2807 καὶ
1210 2755 1283 2822 αὐτῷ

1 2825 2 2859 ³
40 2863 49 2881 ·
158 2841 190 2895 δὲ
215 2843 320 2909 ἑκιίστῳ
339 2841 407 2911 πρὸς
426 2843 510 2894 αὐτὸν
530 2843 562 2894 οὐ
581 2844 667 2894 ταύτὰ
691 2844 762 2895 κατὰ
786 2844 834 2908 τὴν
862 2847 994 2910 αἴσθησιν
1022 2845 1063 2896 ἀεὶ
1084 2841 1184 2896 όοκεῖν.
1214 2848 1283 2895 ποῖα

159 2926 209 2982 οὖν
235 2932 341 2982 τούτων
364 2932 453 2997 ἀληθῆ
471 2934 487 2995 ἢ
506 2931 609 2998 ψευδῆ,
638 2931 757 2997 ἰίιῖηλον·
787 2933 872 2985 οὐθὲν
895 2933 949 3005 γὰρ
971 2935 1078 3004 μᾶλλον
1096 2931 1163 2984 uide
1182 2935 1198 2997 ἢ
1217 2931 1282 2985 τιίιῖε

158 3021 255 3085 ἀληθῆ,
275 3015 331 3070 ἀλλ’
353 3021 470 3090 ὁμοίως·
500 3019 547 3072 διὸ
565 3022 736 3093 Δημόκριτός
761 3025 795 3088 γε’
812 3039 898 3091 φησιν
914 3025 975 3086 ἦτοι
994 3021 1077 3073 οὐθὲν
1095 3020 1165 3073 εἶναι
1184 3021 1284 3087 ἀληθὲς

157 3111 174 3174 ἢ
191 3109 260 3179 ἡμῖν
278 3103 309 3176 γ’
331 3107 441 3173 ίίόηλον.

229 3209 282 3277 g*.
311 3211 438 3280 Theophr.
458 3211 489 3266 de
509 3213 581 3266 Sene.
601 3213 644 3267 58.
664 3215 727 3267 Dox.
747 3215 808 3268 515.
841 3219 902 3287 περὶ
923 3216 952 3268 di
973 3225 1023 3268 τοῦ
1042 3221 1154 3286 φρονεῖν
1172 3217 1218 3268 ἐπὶ
1238 3235 1283 3268 το-

159 3311 262 3356 σοῖιτον
272 3305 375 3371 είρηκεν
384 3301 528 3374 (Δημόκρ.)
539 3304 581 3355 ὅτι
595 3309 719 3372 γίγνεται
739 3310 901 3376 συμμέτρως
915 3307 1031 3374 ἐχούσης
1045 3313 1090 3370 τῆς
1105 3313 1195 3373 ψυχῆς
1213 3305 1283 3356 κατὰ

158 3393 207 3457 τὴν
224 3401 323 3464 κρᾶσιν
337 3391 357 3443 ³.
395 3392 444 3443 ίίιν
462 3391 493 3444 δὲ
514 3393 681 3464 περίθερμός
699 3411 740 3452 τις
758 3397 774 3458 ἢ
793 3397 965 3464 περίιμιγγρος
982 3397 1106 3462 γίνηται,
1130 3395 1282 3464 μεταλλάτ-

157 3499 216 3533 τειν
235 3485 326 3550 φησί’·
336 3480 382 3532 διὸ
399 3483 446 3532 καὶ
465 3481 528 3540 τοὺς
543 3481 679 3540 παλαιοὺς
692 3479 779 3548 (Hom.
790 3479 822 3533 ll.
834 3479 929 3532 XXIII
949 3481 1010 3544 698,
1029 3479 1074 3533 sed
1087 3477 1119 3534 ef.
1139 3478 1283 3544 121’15711)

156 3572 246 3628 καλῶς
275 3564 350 3620 τοῦθ’
374 3571 530 3636 ὑπολαβεῖν,
559 3569 602 3620 ὅτι
630 3570 706 3622 ἔστιν
734 3571 930 3642 ἀλλοφρονεῖν·
959 3569 1028 3622 ὥστε
1048 3571 1169 3642 ηανερὸν
1188 3570 1231 3621 ὅτι
1250 3572 1282 3640 τῇ

158 3659 255 3729 κράσει
275 3657 471 3726 τοῦσώματος
496 3663 573 3710 ποιεῖ
594 3659 626 3709 τὸ
651 3663 781 3728 φρονεῖν’
807 3659 875 3729 όπερ
900 3662 966 3718 ἴσως
991 3660 1064 3727 αὐτῷ
1084 3661 1131 3710 καὶ
1149 3660 1219 3710 κατὰ
1238 3659 1283 3710 λό-

157 3765 211 3814 γον
229 3747 288 3798 ἐστὶ
308 3755 388 3817 σῶμα
408 3754 534 3798 ποιοῦντι
554 3747 603 3812 τὴν
622 3748 722 3816 ψυχήν.

232 3849 285 3903 11*.
315 3849 417 3903 Seniire
435 3852 463 3904 et
481 3851 607 3919 cogitare.
644 3851 726 3904 Arist.
746 3849 1056 3905 deAn.12.404“27.
1089 3851 1282 3924 (Δημόκριτος)

157 3939 213 4011 μὲν
233 3939 287 4012 γίιρ
306 3941 399 4000 ἁπλῶς
417 3941 518 3992 ταύτόν
537 3941 630 4010 ψυχὴν
648 3945 694 3993 καὶ
712 3950 793 3992 νοῦν·
814 3942 845 3992 τὸ
864 3942 918 4013 γίιρ
937 3941 1035 4006 ἀληθὲς
1054 3939 1124 3992 εἶναι
1138 3942 1170 3992 τὸ
1184 3941 1282 4010 φαινό-

232 4167 259 4234 1)
278 4197 330 4232 „-
349 4169 394 4222 sed
413 4168 447 4222 ad
466 4169 587 4223 tenuiora
604 4168 753 4234 descendat,
772 4169 800 4222 in
818 4169 861 4222 hie
874 4168 985 4238 denique
999 4185 1060 4222 vera
1074 4167 1123 4222 ille
1137 4185 1168 4222 ae
1181 4167 1284 4222 sincere.

157 4256 276 4324 cognitio
295 4260 453 4310 versetur“:
472 4258 511 4311 sic
530 4258 583 4311 iere
601 4257 784 4326 supplendum.
810 4285 844 4296 -
875 4258 903 4324 2)
928 4257 958 4312 E.
978 4256 1076 4321 Rchde,
1100 4257 1190 4311 Verte.
1208 4257 1283 4311 Phil.

163 4343 238 4397 Vere.
261 4345 347 4411 Τνίιν,
367 4346 409 4409 74,
428 4348 483 4398 not.
504 4373 537 4384 —
557 4347 586 4413 3)
605 4345 753 4414 vulgatum
772 4348 844 4418 μετὰ
863 4348 912 4412 τὴν
929 4352 1036 4412 κίνησιν
1053 4361 1117 4399 cerr.
1133 4343 1282 4410 Schneider,

159 4430 278 4485 defendit
296 4432 381 4487 Zeller
399 4433 433 4486 1⁴
451 4432 530 4488 821¹.
