3140 4990
257 301 311 362 146
727 301 904 372 Empedocles.

145 482 208 524 male
256 465 309 530 lta
331 465 398 528 καὶι
414 458 606 550 παραπλήσια
621 464 761 546 μίμικται
786 467 832 528 καί
856 461 899 547 μὴ
923 461 973 528 διὰ
996 465 1111 528 πολλοῦ
1133 459 1212 548 μηδ’
1230 456 1269 530 αὖ
1284 464 1383 550 μικριλ

254 567 331 655 μηδ’
359 563 590 655 όπερβιλλλοντα
619 576 663 657 τῷ
690 569 826 656 μεγέθει,
857 563 984 648 τούτους
1018 567 1270 656 φρονιμωτάτους
1303 570 1381 639 εἶναι
1447 607 1449 612 ’

253 681 302 742 καὶ
325 671 401 742 κατὰ
424 674 479 750 τὰς
502 670 658 760 αἰσθήσεις
681 671 933 759 ἀκριβεστάτους,
964 675 1040 742 κατὰ
1063 676 1151 763 λόγον
1175 681 1209 744 (ie
1231 684 1279 743 xci
1303 672 1382 753 τοὺς

254 778 411 868 ἔγγυτάτω
441 779 581 847 ταότων·
607 775 690 857 ὅσοις
714 784 747 846 (λε’
770 785 927 862 ἐναντίως,
958 779 1213 868 όφρονεστότους.
1257 790 1305 850 καλ
1335 775 1383 850 ὧν

253 891 310 974 μὲν
332 887 417 972 μανιλ
439 894 486 954 καλ
511 883 601 972 όραιίι
623 900 714 953 κεῖται
738 887 777 952 τιλ
800 900 942 970 στοιχεῖα,
966 885 1108 974 νωθροός
1122 895 1169 955 καὶ
1193 885 1377 966 ἐπιπόνους·

254 986 296 1061 ὧν
309 999 343 1063 δὲ
354 994 452 1061 πυκνὰ
463 1000 510 1060 καί
524 993 600 1059 κατὰ
615 989 708 1081 μικρὰ
723 996 946 1078 τεθραυσμίνα,
970 990 1044 1071 τούς
1060 1000 1095 1062 «ll
1111 992 1272 1075 τοιούτους
1288 994 1381 1075 ὀξέως

255 1104 442 1190 φερομένους
471 1106 518 1167 καὶ
542 1108 662 1179 πολλοῖς
685 1103 938 1184 ἐπιβαλλομίνους
967 1098 1053 1186 όλίγα
1084 1107 1225 1169 ίπιτελιῖν
1249 1099 1300 1169 διὰ
1323 1103 1380 1190 τὴν

253 1207 387 1294 όξότητα
418 1209 473 1293 τῆς
502 1209 559 1274 τοῦ
586 1214 714 1292 α’ίματος
743 1211 849 1293 φορᾶς.
881 1205 924 1286 οἷς
956 1214 991 1276 (λε’
1017 1205 1097 1274 καθ’
1122 1211 1153 1273 ἵν
1175 1237 1203 1275 τι
1226 1204 1380 1296 μόριονῆ

253 1319 331 1402 μίση
354 1317 460 1403 κρᾶσίς
484 1315 563 1396 ἔστι,
593 1313 692 1402 ταύτῃ
716 1310 833 1401 σοφοός
855 1311 999 1391 ἑκάστους
1023 1315 1116 1382 εἶναι·
1141 1311 1188 1384 διὸ
1218 1312 1290 1392 τοὺς
1320 1321 1383 1394 μὲν

255 1418 386 1512 ῥήτορος
409 1416 557 1506 ἀγαθούς,
582 1421 653 1499 τοὺς
676 1427 709 1489 (λε’
733 1426 878 1505 τεχνίτας,
903 1419 943 1500 ὡς
965 1434 1030 1498 τοῖς
1052 1425 1109 1506 μὲν
1132 1427 1164 1488 ἐν
1187 1435 1253 1501 ταῖς
1277 1427 1378 1509 χερσί,

254 1541 317 1608 τοῖς
347 1532 380 1594 rie*
408 1529 440 1594 ἓν
469 1529 509 1616 τῇ
537 1526 658 1616 γλώττῃ
687 1527 744 1614 τὴν
766 1529 872 1614 κρᾶσιν
896 1521 1010 1594 οὖσαν·
1035 1523 1147 1613 ὁμοίως
1170 1527 1203 1596 δ’
1228 1533 1307 1612 ἔχειν
1330 1536 1382 1596 καλ

254 1631 333 1702 κατὰ
355 1631 411 1711 τὰς
434 1628 526 1713 ι’ίλλας
549 1630 697 1718 δυνάμεις.

328 1775 356 1815 a.
375 1759 473 1813 Parum
484 1761 606 1813 accurate
615 1757 664 1812 hoc
674 1757 831 1812 Aristoteles
841 1759 978 1813 conclusit.
998 1758 1167 1828 Empedocles
1181 1760 1248 1813 enim
1264 1777 1322 1814 cum
1338 1777 1381 1814 res

256 1851 377 1903 externas
396 1865 425 1902 eo
439 1848 560 1915 cognosci
579 1846 653 1911 dicit,
673 1847 741 1915 quod
761 1863 827 1915 qnae
846 1847 873 1900 in
892 1847 1006 1901 hominis
1027 1851 1125 1901 natura
1138 1849 1195 1902 sint
1208 1847 1337 1903 elementa
1351 1852 1380 1904 in

255 1953 342 1992 rerum
366 1940 464 1990 natura
488 1937 589 1990 similia
612 1937 653 1989 sui
672 1937 700 1989 et
719 1937 794 2005 quasi
814 1941 929 2004 cognate
947 1935 1127 2005 cognoscant,
1152 1938 1269 1991 animum
1294 1953 1382 2006 nequo

256 2042 286 2079 ex
305 2026 440 2080 elementis
465 2025 610 2094 composuit
634 2041 716 2092 neque
741 2040 796 2077 esse
820 2025 925 2078 omnino
950 2040 1088 2093 acorpore
1113 2025 1244 2080 disemum
1268 2027 1378 2083 statuit.

256 2114 296 2168 Ad
321 2115 434 2183 corporis
462 2116 586 2168 naturam
611 2116 722 2168 mixtam
749 2115 777 2167 et
800 2114 971 2181 compositam
995 2129 1040 2168 eas
1065 2129 1132 2182 quas
1156 2115 1245 2168 animo
1263 2115 1380 2169 tribuere

255 2203 370 2258 solemus
387 2202 531 2257 facultates
549 2204 688 2256 revocavit.
726 2203 753 2257 Z.
773 2203 805 2256 1⁴
825 2201 903 2257 725².

327 2291 358 2346 b.
387 2292 484 2345 Versus
498 2309 515 2345 a
528 2293 621 2345 multis
635 2293 749 2360 repetiti,
768 2291 842 2345 velut
856 2307 873 2345 a
888 2290 965 2345 Sexto
979 2291 1064 2346 Math.
1079 2291 1168 2346 1303.
1189 2291 1242 2345 VII
1257 2293 1300 2348 92.
1316 2293 1378 2347 121.

259 2381 301 2435 Cf.
326 2380 446 2434 Mullach
464 2380 533 2435 FPG
552 2381 566 2434 I
586 2381 627 2434 72.
665 2379 761 2434 Eodem
791 2384 912 2450 spectans
941 2380 1380 2436 Sext.Math.V11115et120

257 2465 439 2537 Empedoclem
455 2469 495 2522 ait
514 2471 578 2537 quot
596 2486 681 2522 reruni
695 2469 826 2538 principia
846 2471 888 2522 tot
903 2470 1025 2522 veritatis
1043 2467 1142 2522 iudicia
1161 2469 1303 2543 (κριτήρια)
1323 2471 1380 2522 sta-

255 2559 329 2612 tuere
335 2580 342 2623 ;
361 2557 388 2611 id
408 2557 476 2626 quod
495 2558 572 2612 illum
590 2574 640 2611 non
659 2557 740 2611 fuisse
759 2573 940 2612 concessurum
958 2557 1081 2612 conicias.

327 2661 354 2702 ο.
383 2646 451 2712 ,,Ρτο
465 2662 492 2700 rc
504 2647 635 2715 praesenti
649 2647 788 2700 consilium
808 2648 948 2701 succrescit
966 2645 1116 2700 hominibus
1134 2645 1160 2700 h.
1176 2662 1197 2699 e.
1213 2645 1246 2699 ab
1265 2647 1380 2700 externis

254 2735 332 2790 rebus
350 2735 471 2804 pendet.“
509 2734 560 2799 Qui
579 2736 698 2803 sequitur
715 2751 818 2800 verna,
839 2752 879 2804 ap.
898 2734 943 2788 Ar.
962 2735 1027 2789 Met.
1047 2733 1126 2788 1115
1152 2734 1196 2802 (cf.
1215 2739 1259 2786 BP
1278 2733 1380 2802 10213)

255 2817 357 2894 plenior
376 2825 476 2877 exstat:

327 2915 379 2967 331
418 2915 503 2966 ὅσσον
521 2909 548 2965 τ’
571 2914 676 2966 ἀλλοῖοι
693 2917 824 2984 μετέφυν,
844 2915 928 2966 τόσον
948 2918 982 2985 όίρ
1001 2931 1100 2984 σφισιν
1119 2918 1172 2967 αἰεὶ

416 3004 463 3054 καὶ
482 3003 513 3053 τὸ
532 3007 645 3072 φρονεῖν
663 3003 760 3054 ἀλλοῖα
779 3007 942 3070 παρίστατο,

254 3087 282 3140 h.
301 3103 324 3140 e.
342 3089 374 3140 ut
392 3089 501 3156 quisque
520 3089 621 3142 variato
640 3104 743 3156 corpore
761 3090 897 3154 mutatur,
917 3091 958 3142 ita
976 3089 1047 3142 varie
1072 3089 1183 3158 cogitat.
1220 3089 1381 3143 Aristoteles

255 3177 391 3246 comparat
409 3177 512 3231 Homer.
533 3175 579 3231 Od.
601 3178 709 3242 σ,136;

417 3271 491 3326 τοῖος
509 3267 563 3340 γόρ
581 3268 642 3328 νόος
660 3269 736 3320 ἐστὶν
754 3268 923 3337 ἐπιχθονίων
942 3269 1104 3339 ἀνθρώπων,

417 3350 477 3408 οἷον
494 3351 542 3409 ἐπ’
565 3354 639 3429 ἦμαρ
658 3360 742 3428 ίίγγσι
761 3357 852 3430 πατὴρ
871 3357 979 3430 ἀνδρῶν
998 3375 1026 3410 τε
1045 3362 1117 3410 θεῶν
1136 3376 1171 3422 τε,

257 3441 324 3513 quod
343 3442 467 3496 imitatur
484 3442 656 3498 Archilochus
676 3461 718 3513 ap.
737 3445 815 3512 Diog.
833 3443 872 3496 IX
893 3445 934 3497 71.

327 3530 358 3584 ό.
386 3530 504 3598 Respicit
522 3530 581 3586 libr.
600 3531 614 3584 I
633 3532 658 3586 2.
696 3532 771 3600 Emp.
797 3533 879 3586 etiam
902 3531 994 3586 bestiis
1017 3534 1045 3585 et
1070 3532 1319 3602 plantisquendam
1339 3532 1380 3586 in-

256 3618 394 3673 tellectum
421 3618 571 3684 tribuebat,
599 3637 623 3674 v.
648 3620 718 3674 Sext.
737 3620 823 3674 Math.
842 3619 911 3674 VIII
930 3621 990 3676 286.
1029 3625 1044 3674 ὁ
1070 3622 1101 3675 δὲ
1124 3617 1311 3693 Ἐμπεδοκλῆς
1338 3622 1380 3674 ἔτι

255 3707 481 3782 παραδοξότερον
499 3712 591 3762 πάντα
610 3712 688 3776 ἠξίου
706 3711 802 3779 λογικὰ
822 3713 975 3780 τυγχάνειν,
1000 3714 1047 3764 καὶ
1074 3711 1106 3763 οὐ
1130 3712 1183 3778 ζῷα
1200 3711 1289 3782 μόνον
1308 3710 1379 3762 ἀλλὰ

253 3800 302 3852 καὶ
322 3799 404 3868 φατοί,
425 3798 509 3870 ῥητῶς
527 3801 658 3869 γράφων

327 3885 379 3944 231
417 3889 510 3939 πάντα
529 3888 583 3957 γὰρ
602 3891 663 3940 ἴσθι
682 3889 815 3960 φρόνησιν
833 3888 969 3957 ἔχεινκαὶ
988 3889 1114 3959 νώματος
1133 3887 1224 3941 αι’σαν.

329 3993 368 4046 Dc
382 3990 502 4044 sensibus
516 3991 578 4060 quid
591 3992 725 4056 statuerit,
741 3991 819 4046 refert
837 3992 965 4061 Theophr.
985 3991 1057 4046 Sens.
1075 3993 1099 4046 l.
1121 3991 1256 4046 DoubOO.
1274 3987 1378 4062 Ἐμπε-

258 4080 356 4148 ιλοιιλῆς
365 4111 399 4118 -
411 4085 479 4152 φησὶ
490 4085 526 4149 τῴ
536 4083 713 4153 ἐναρμόττειν
727 4082 786 4148 (τὰς
794 4081 943 4156 ἀπορροὰς)
954 4086 992 4142 εἰς
1006 4083 1070 4142 τοὺς
1084 4083 1187 4153 πόρους
1193 4082 1256 4142 τοὺς
1263 4080 1379 4148 ἑκάστης

256 4168 435 4236 (αἰσθήσεως)
461 4172 664 4224 αἰσθόνεσθαι’
685 4169 794 4223 διὸκαὶ
814 4171 847 4222 οὐ
861 4169 1003 4222 δύνασθαι
1020 4171 1053 4222 τὰ
1069 4171 1190 4236 ἀλλήλων
1208 4172 1316 4241 κρίνειν,
1334 4169 1378 4220 ὅτι

261 4267 316 4310 τῶν
328 4259 381 4329 μὲν
395 4260 534 4333 εὐρύτεροί
548 4279 613 4322 πως,
633 4269 687 4311 τῶν
701 4257 732 4312 bi
748 4259 904 4328 στενώτεροι
919 4261 1105 4328 τυγχάνουσιν
1121 4261 1148 4310 οἱ
1163 4259 1244 4330 πόροι
1259 4259 1326 4329 πρὸς
1346 4259 1378 4310 τὸ

250 4363 468 4376 ,ι--ι-

327 4417 354 4482 1)
368 4415 410 4470 An
432 4416 467 4483 aa
503 4417 545 4472 σι.
563 4417 625 4482 σου,
643 4419 660 4473 s
678 4423 722 4470 nr
739 4435 764 4486 p.
785 4415 845 4482 145,
864 4417 907 4472 ns.
