3146 4982
1556 729 1560 800 1

513 1184 829 1288 Philosophia
856 1184 1204 1270 Romanorum.

806 1391 913 1402 ...u-.-

1558 967 1560 1000 1

1558 1339 1560 1460 1

1558 1461 1560 1502 Ι

111 1531 287 1635 ,effigi-,pm
370 1534 449 1599 Geli.
474 1533 564 1596 Noet.
580 1534 647 1596 Att.
670 1531 729 1596 XV
757 1542 807 1597 11.
854 1533 888 1598 C.
910 1509 1030 1598 Fannio
1055 1533 1210 1598 Strabone
1233 1533 1276 1597 M.
1292 1533 1424 1598 Valerio
1433 1557 1504 1597 rur
1558 1503 1560 1560 Ῑ

301 1641 441 1705 Messala
463 1657 544 1704 coss.
569 1639 612 1722 (a.
637 1637 714 1722 161)
739 1641 873 1704 senatus
895 1643 1078 1706 consultum
1107 1641 1146 1705 de
1169 1640 1365 1724 philosophis
1391 1642 1426 1704 et
1554 1565 1560 1684 1

302 1747 341 1810 de
364 1747 543 1810 rhetoribus
567 1745 689 1810 factum
713 1749 784 1810 est:
813 1747 880 1823 „M.
903 1747 1097 1830 Pomponius
1120 1750 1249 1830 praetor
1272 1749 1425 1811 senatum

302 1853 471 1916 consuluit.
518 1851 610 1931 Quod
634 1853 730 1916 verba
752 1852 837 1916 iacta
861 1857 937 1917 sunt
960 1853 999 1917 de
1019 1855 1214 1937 philosophis
1238 1856 1270 1918 et
1288 1854 1326 1917 de
1350 1854 1425 1916 rhe·
1558 1877 1560 1886 ·

301 1959 432 2037 toribus,
456 1959 494 2024 de
519 1979 556 2024 aa
579 1979 612 2023 re
636 1960 683 2024 ita
708 1962 918 2036 censuerunt,
949 1963 986 2023 ut
1009 1961 1051 2024 M.
1075 1959 1269 2044 Pomponius
1292 1962 1425 2043 praetor
1555 1889 1560 2088 ⁴

303 2066 570 2130 animadverteret
601 2069 791 2148 curaratque
820 2067 869 2130 uti
899 2068 928 2130 ei
958 2086 974 2132 e
1005 2068 1170 2149 republica
1200 2067 1325 2148 fideque
1362 2086 1424 2132 sua

302 2172 469 2249 videretur,
493 2173 542 2236 uti
565 2173 685 2237 Romae
708 2193 748 2237 ne
773 2175 926 2238 essent·.“
1557 2167 1560 2318 ἰ

242 2322 288 2351 ‘¹¹¹³
369 2315 416 2378 lb.
439 2313 487 2377 VI
503 2311 594 2400 (VII)
613 2322 663 2377 14.
709 2313 940 2378 Animadversa
963 2316 1075 2380 eadem
1098 2315 1258 2398 tripertita
1281 2317 1502 2380 varietasura
1558 2319 1560 2360 ἲ

303 2419 451 2503 (11661611)
476 2421 581 2484 estin
604 2421 707 2484 tribus
730 2420 935 2503 philosophis,
960 2440 1038 2503 quos
1055 2423 1267 2486 Athenienses
1284 2423 1425 2487 Romam

303 2527 343 2590 ad
367 2529 514 2592 senatum
537 2527 725 2608 legaverant
748 2528 789 2608 (a.
815 2526 894 2610 156)
917 2528 1112 2609 inpetratum
1142 2530 1191 2592 uti
1213 2526 1350 2592 multam
1373 2547 1426 2592 re-

301 2635 480 2711 mitterent,
516 2651 621 2714 quam
642 2633 761 2697 fecerat
790 2633 817 2696 16
848 2635 978 2715 propter
1007 2617 1104 2717 Oropi
1133 2635 1355 2698 vastationem.
1380 2671 1424 2682 -

302 2741 403 2803 Erant
426 2741 480 2804 isti
503 2739 683 2822 philosophi
707 2739 939 2804 Carneades
964 2759 1001 2804 ex
1016 2740 1197 2818 Academia,
1220 2741 1425 2822 Diogenes

305 2847 439 2924 Stoicus,
468 2845 682 2911 Critolaus
705 2845 947 2928 Peripateticus.
992 2847 1035 2910 Et
1057 2848 1090 2910 in
1121 2849 1268 2911 senatum
1293 2847 1425 2930 quidem

303 2954 478 3017 introducti
501 2953 675 3036 interprete
699 2953 750 3018 usi
774 2955 850 3016 sunt
874 2953 908 3018 C.
931 2955 1031 3018 Acilio
1061 2956 1226 3028 senatore3
1261 2955 1318 3018 sed
1348 2957 1425 3018 ante

303 3059 364 3141 ipsi
388 3077 535 3122 seorsum
560 3060 694 3141 quisque
719 3059 902 3124 ostentandi
925 3061 1029 3142 gratia
1043 3079 1160 3140 magne
1184 3062 1426 3125 6611661616-

303 3166 426 3228 minum
451 3166 712 3230 dissertaverunt.
758 3167 841 3229 Tum
864 3167 1066 3233 admirationi
1094 3165 1192 3230 fuisse
1216 3167 1308 3230 aiunt
1330 3168 1426 3231 Ruti-

303 3273 365 3336 lius
390 3275 422 3336 et
444 3273 597 3356 Polybius
627 3273 888 3355 philosophorum
920 3273 1020 3336 trium
1044 3273 1094 3336 sui
1117 3273 1273 3354 cuiusque
1297 3275 1426 3354 generis

303 3378 494 3444 facundiam.
541 3379 701 3454 Violenta‚
725 3379 883 3459 inquiunt,
907 3379 939 3442 61
962 3377 1073 3460 rapida
1090 3378 1271 3444 Carneades
1288 3379 1424 3457 dicebat,
1460 3461 1463 3468 Ι

304 3485 384 3548 66116
408 3487 441 3548 61
464 3486 580 3549 teretia
603 3485 772 3562 Critolaus,
795 3484 940 3550 modesta
962 3485 1120 3566 Diogenes
1145 3488 1177 3550 et
1200 3485 1333 3550 sebriab.

376 3637 404 3680 a.
429 3623 467 3678 Cf.
488 3623 593 3678 Sueten.
614 3623 646 3676 de
664 3624 774 3677 Rhetor.
794 3625 818 3677 1.
856 3625 944 3677 Prima
961 3625 1142 3694 philosophiae
1160 3625 1259 3678 semina
1278 3641 1371 3696 sparsa
1388 3628 1425 3680 vi·

304 3713 400 3766 dentur
427 3729 474 3782 per
498 3714 601 3766 exsules
620 3713 751 3779 Achaeos,
779 3713 808 3766 in
832 3714 927 3783 quibus
951 3716 1009 3766 erat
1027 3713 1166 3782 Polybius,
1194 3729 1259 3784 quos
1283 3719 1425 3768 senatuse

290 3801 392 3872 patria
410 3801 507 3854 6661166
525 3804 587 3871 post
604 3801 703 3854 bellum
717 3801 806 3854 Persei
825 3805 859 3868 (a.
876 3803 938 3867 168)
956 3803 984 3855 iu
1002 3803 1067 3855 urbe
1086 3805 1114 3855 et
1132 3819 1178 3872 per
1196 3803 1302 3856 ltaliam
1321 3807 1425 3874 septen·

304 3891 387 3944 decim
405 3907 487 3944 annos
506 3890 628 3943 detinuit.

375 3996 405 4052 b.
430 3997 498 4050 Plin.
518 3995 552 4050 N.
571 3995 606 4050 H.
625 3995 676 4048 vll
694 3997 737 4062 30,
758 3999 809 4050 112
838 3997 907 4052 Octo
926 3999 1074 4054 Censoriae
1096 3999 1128 4052 16
1150 3999 1202 4052 illu
1224 3997 1313 4052 nobili
1340 3999 1425 4052 trium

304 4087 458 4156 sapientiae
473 4101 621 4155 procerum
639 4086 673 4138 ab
692 4087 811 4140 Athenis
829 4087 962 4155 leputioae
981 4087 1082 4140 audite
1102 4085 1246 4141 06666666
1265 4104 1349 4155 quum
1362 4089 1424 4157 pn*

304 4193 378 4229 mum
395 4177 499 4244 lapelee
517 4190 561 4228 666
580 4175 687 4228 cenauit
706 4174 894 4242 dimittendos,
919 4177 1050 4244 quoniam
1068 4175 1116 4228 illo
1134 4175 1194 4228 vtro
1213 4182 1424 4243 argumentante

304 4265 372 4330 quid
383 4265 442 4318 veri
456 4261 610 4317 6666116661
621 4261 707 4328 facile
721 4262 842 4317 discerni
851 4270 952 4332 posset.
972 4263 1010 4318 Cf.
1021 4263 1092 4316 Plut.
1104 4263 1162 4317 Cat.
1173 4261 1233 4316 mai.
1244 4264 1286 4317 22.
1311 4265 1423 4318 Pausau.

305 4351 355 4402 VII
374 4353 415 4405 11.
458 4351 548 4418 Polyb.
568 4349 684 4403 XXXIII
702 4351 733 4404 fr.
753 4353 770 4404 2
788 4369 814 4421 p.
834 4352 903 4406 1287
922 4351 1045 4406 Hultseh.
1065 4381 1101 4390 —
1130 4351 1169 4405 De
1187 4352 1217 4406 P.
1236 4352 1338 4406 Rutilio
1356 4353 1423 4406 Rufo

306 4455 328 4490 v.
348 4438 383 4491 H.
410 4439 490 4491 Peter
516 4441 544 4492 in
562 4440 651 4492 Veter.
679 4438 805 4494 Historic.
833 4440 908 4495 Rom.
933 4441 1047 4511 Belliqu.
1073 4441 1172 4511 proleg.
1197 4459 1223 4511 p.
1248 4441 1314 4495 cclxi
1323 4459 1362 4512 sq.
1389 4470 1422 4478 -
