3148 4984
679 334 809 388 Plotinus.
1247 329 1302 392 58⁹

179 499 342 568 θεωρητικὸς
360 494 404 563 ἦν,
434 498 479 550 ἵνα
499 498 534 548 ἀν
551 495 613 556 ὅλος
631 487 647 567 ᾗ
666 495 732 558 ἐκεῖ,
759 498 815 548 ἀνω
834 499 865 548 τέ
886 497 946 550 ἐστι
970 498 1017 548 καὶ
1035 496 1075 549 ἔτι
1093 497 1155 550 ἐστί
1171 515 1198 548 τι
1217 496 1304 548 αὐτοῦ

180 591 227 640 καὶ
244 589 324 640 κάτω.

251 691 281 747 (1.
302 691 339 746 cf.
358 691 425 746 Enn.
444 691 468 742 V
486 692 512 757 3,
532 691 557 746 ἵ.
594 690 645 744 Sed
663 690 793 760 agendum
812 693 854 744 est
874 692 975 744 utnon
994 691 1079 744 solum
1096 690 1208 744 missum
1226 689 1303 743 facia·

180 795 239 834 mus
257 781 362 848 malum,
382 781 521 834 sedetiam
536 783 568 833 ut
581 779 750 850 adquiramus
764 780 876 833 bonum:
895 779 1029 846 Enn.12,
1045 781 1061 834 6
1080 775 1142 833 ἀλλ’
1161 781 1177 846 ἡ
1192 778 1303 844 σπουδὴ

182 872 230 924 οὐκ
255 871 305 932 ἐξω
332 858 469 944 ἁμαρτίας
492 870 570 934 εἶναι,
596 870 664 922 ἀλλά
683 871 751 924 θεὸν
769 867 846 922 εἶναι.
884 866 1048 938 Quamquam
1067 867 1090 920 si
1109 867 1185 921 modo
1204 867 1304 920 malum

181 959 384 1030 propulerimus,
409 959 506 1012 bonum
531 960 624 1028 sponte
649 957 725 1012 nobis
749 957 944 1010 conciliabimr:
968 955 1034 1010 Enn.
1054 956 1078 1008 V
1097 957 1122 1024 3,
1143 957 1159 1010 6
1184 957 1304 1028 καὶγὰρ

180 1053 227 1102 καὶ
255 1048 304 1108 ἕως
331 1047 401 1120 ἦμεν
429 1052 485 1100 άνιυ
512 1049 542 1100 ἐν
565 1057 617 1100 νοῦ
640 1049 731 1118 φύσει,
760 1047 919 1122 ἠρκούμεθα
937 1050 983 1100 καὶ
1001 1048 1134 1117 ἐνοοῦμεν
1153 1049 1201 1099 καὶ
1219 1048 1257 1104 εἰς
1275 1043 1305 1098 δν

182 1141 274 1192 πάντα
293 1139 460 1207 συνάγοντες
473 1135 610 1208 ἑωρῶμεν·
630 1145 695 1197 νοῦς
712 1137 767 1206 γάρ
785 1134 819 1202 ἦν
838 1138 853 1190 ὁ
872 1145 943 1190 νοῶν
960 1139 1007 1190 καὶ
1025 1139 1089 1207 περὶ
1107 1137 1196 1191 αὑτοῦ
1208 1136 1302 1202 λέγων,

181 1229 196 1293 ἡ
216 1228 248 1281 δὲ
267 1227 343 1297 ψυχὴ
361 1227 480 1296 ἡσιχίαν
498 1224 546 1294 ήγε
566 1234 747 1298 συγχωροῦσα
767 1228 805 1296 τῷ
823 1226 987 1300 ἐνεργήματι
1012 1235 1063 1278 τοῦ
1080 1234 1136 1278 νοῦ.
1172 1222 1248 1278 Ib.3
1273 1223 1304 1278 τὸ

181 1319 235 1388 γάρ
252 1316 377 1387 καθαρόν
395 1323 441 1382 τῆς
460 1323 550 1384 ψυχῆς
568 1323 650 1368 τοῦτο
668 1317 715 1367 καὶ
729 1323 779 1367 νοῦ
792 1313 904 1384 δέχεται
922 1317 1081 1386 ἐπικείμενα
1101 1318 1170 1384 ἴχνη.
1186 1339 1219 1350 -
1235 1309 1301 1366 ἀλλ’

183 1408 215 1459 οὐ
234 1412 324 1475 ψυχῆς
342 1405 395 1474 μὲν
414 1405 544 1475 φήσομεν
561 1403 673 1469 (τοῦτο),
692 1405 825 1476 ἡμέτερον
843 1401 875 1457 δὲ
893 1413 961 1456 νοῦν
979 1405 1114 1475 φήσομεν.
1151 1401 1191 1456 Ib.
1210 1403 1227 1456 8
1247 1403 1305 1474 φῶς

183 1499 235 1568 ἀρα
255 1505 313 1566 φῶς
332 1496 399 1546 ἄλλο
418 1494 482 1566 δρᾷ·
503 1493 571 1545 αὐτὸ
591 1496 644 1562 άρα
663 1493 732 1545 αὐτὸ
750 1494 808 1564 ὁρᾷ.
837 1494 870 1545 τὸ
888 1491 920 1546 δὲ
940 1501 998 1564 φῶς
1016 1501 1099 1545 τοῦτο
1113 1493 1142 1546 ἐν
1162 1495 1239 1565 ψυχή
1251 1493 1305 1564 μὲν

182 1585 328 1651 ίλλάμψαν
347 1583 472 1652 ἐφώτισε,
492 1591 574 1634 τοῦτο
592 1578 623 1634 δ’
641 1582 701 1635 ἐστὶ
719 1583 819 1652 νοεράν
837 1582 957 1648 ἐποίησε.

132 1771 172 1812 ⁵²2
248 1761 328 1824 Enn.
345 1759 392 1824 VI
409 1767 437 1836 9,
456 1767 484 1826 3.
535 1755 576 1822 Τί
599 1759 638 1822 ἀν
660 1754 714 1824 οὖν
735 1753 785 1846 ε’ίη
809 1759 847 1824 τὸ
869 1754 903 1824 ἐν
925 1756 984 1824 καὶ
1007 1755 1080 1823 τίνα
1103 1758 1201 1846 φύσιν
1216 1753 1302 1840 έχονς
1329 1751 1486 1848 ωᾟββὼ

183 1867 203 1955 ἢ
227 1863 317 1932 οάδέν
338 1865 534 1948 θαυμαστὸν
555 1866 599 1952 μή
623 1859 735 1952 ῥηίδιον
757 1861 863 1931 εἰπεῖν
886 1857 978 1946 εἶναι,
1003 1865 1087 1932 ὅπου
1109 1863 1193 1952 μηδὲ
1215 1865 1253 1930 τό
1267 1865 1304 1932 ’δν

182 1968 294 2061 ῥηίδιον
309 1970 392 2060 μηδὲ
414 1973 451 2038 τὸ
474 1963 568 2052 εἶδος,
592 1960 669 2036 ἀλλ’
686 1967 774 2038 ἐστιν
795 1973 873 2059 ήμῖν
896 1983 1012 2056 γνῶσις
1035 1965 1153 2038 εἴδεσιν
1176 1969 1304 2056 ἐπερει.

183 2077 308 2168 δομένη.
350 2079 415 2165 όσφ
447 2068 481 2142 δ’
501 2078 540 2142 ἀν
571 2073 617 2155 είς
646 2075 786 2144 ἀνείδεον
815 2078 835 2164 ή
865 2079 951 2165 ψυχὴ
980 2073 1030 2165 ἰἠ,
1065 2075 1304 2156 ἐξαδυνατοῦσα

181 2186 373 2273 περιλαβεῖν
400 2183 451 2272 τηῖ
472 2185 517 2272 μή
541 2181 713 2270 ὁρίζεσθαι
736 2181 795 2250 καὶ
817 2174 886 2249 οἷον
909 2189 1100 2250 τυποῦσθαι
1128 2184 1194 2249 ὑπὸ
1225 2205 1304 2250 ποι-

182 2290 275 2358 κίλου
297 2303 355 2358 τοῦ
377 2303 556 2368 τυποῦντος
578 2289 785 2370 ἐξολισθάνει
808 2289 866 2356 καί
888 2293 1041 2378 φοβεῖται
1064 2291 1109 2378 μή
1133 2288 1224 2356 οὐδὲν
1239 2285 1302 2378 ἐχη.

184 2400 235 2466 διὸ
251 2397 365 2482 κάμνει
384 2397 417 2464 ἐν
439 2401 508 2476 τοῖς
531 2399 692 2476 τοιούτοις
715 2396 773 2464 καί
795 2395 917 2486 ἀσμένη
933 2394 1125 2482 καταβαίνει
1140 2395 1304 2476 πολλάκις

183 2503 425 2572 ἀποπίπτουσα
455 2504 524 2572 ἀπὸ
555 2503 705 2586 πάντων,
739 2502 850 2592 μέχρις
873 2504 912 2570 ἀν
934 2500 981 2582 εἰς
1004 2499 1166 2592 αἰσθητὸν
1188 2502 1305 2592 ήκηέν

184 2611 302 2700 στερεῷ
332 2614 444 2698 ὥσπερ
474 2609 721 2700 ἀναπαυομένη,
757 2601 826 2680 οἷον
855 2609 913 2678 καί
936 2611 955 2698 ή
978 2607 1059 2699 ὄφις
1081 2609 1248 2693 κάμνουσα
1272 2608 1305 2676 ἐν

184 2722 253 2796 τοῖς
268 2721 398 2806 μικροῖς
413 2720 484 2796 τοῖς
498 2717 652 2804 μεγάλοις
667 2716 813 2801 ἀσμένως
837 2714 1047 2806 περιπίπτει.
1083 2705 1169 2782 καθ’
1189 2712 1305 2804 ἑαυτήν

185 2824 256 2913 δὲή
276 2827 363 2913 ψυχή
387 2824 465 2890 όταν
488 2821 576 2890 ὶθεῖν
599 2822 707 2917 ἐθέλη,
731 2823 854 2907 μόνον1
877 2823 987 2912 δρῶσα
1010 2822 1058 2910 τῷ
1081 2826 1224 2890 συνεῖναι
1247 2821 1306 2888 καὶ

185 2927 219 2996 ἐν
242 2928 321 2998 οὖσα
350 2929 398 3017 τη]
420 2927 454 2996 ἐν
476 2923 559 2996 εἶναι
589 2929 678 3016 αὐτῷ
701 2928 759 2996 οὐκ
782 2927 887 2998 οἴεταί
910 2955 965 2995 πω
988 2925 1069 3012 ἐχειν
1091 2926 1110 2995 ὃ
1133 2929 1230 3018 ζητεῖ,
1255 2929 1306 2996 δ’τι

184 3049 242 3104 τοῦ
263 3036 432 3120 νοουμένου
446 3039 491 3125 μὴ
515 3035 623 3124 ἕτερόν
644 3035 742 3102 ἐστιν.
766 3036 854 3119 ὅμως
876 3034 913 3102 δέ
933 3038 993 3124 χρή
1017 3037 1101 3103 οὕτω
1124 3025 1306 3103 ποιεῖντὸν

184 3144 344 3228 μέλλοντα
375 3143 453 3232 περὶ
475 3145 513 3210 τὸ
534 3140 568 3210 ἐν
590 3143 835 3232 φιλοσοφήσειν.
871 3181 913 3191 -
948 3145 995 3210 Ib.
1019 3153 1049 3210 4.
1073 3141 1204 3210 Γίνεται
1227 3142 1306 3231 δέή

185 3247 311 3340 ἀπορία
334 3249 425 3338 (περὶ
447 3261 506 3317 τοῦ
527 3247 607 3335 ἐνὸς)
631 3249 784 3334 μάλιστα,
808 3249 861 3316 ότι
883 3248 967 3339 μηδὲ
990 3239 1068 3316 κατ’
1087 3248 1306 3337 ἐπιστήμηνή

186 3359 309 3436 σίνεσις
343 3354 463 3423 ἐκείνου
497 3355 580 3444 μηδὲ
608 3359 694 3423 κατὰ
727 3356 835 3446 νόησιν
869 3359 980 3444 ὥσπερ
1014 3357 1056 3422 τά
1085 3355 1170 3429 ἀλλα
1197 3353 1305 3443 νοητά,
1332 3425 1335 3432 ,

186 3464 269 3530 ἀλλὰ
302 3465 389 3530 κατὰ
418 3461 602 3550 παρουσίαν
638 3462 823 3552 ἐπιστήμης
852 3461 1030 3550 κρείττονα.
1070 3462 1191 3544 πάσχα
1221 3461 1258 3527 δὲ
1287 3463 1306 3549 ἡ

186 3572 274 3658 ψυχή
304 3581 361 3636 τοῦ
390 3565 423 3634 ἐν
453 3562 537 3636 εἶναι
567 3572 624 3658 τήν
654 3567 840 3636 ἀπόστασιν
868 3567 926 3634 καὶ
954 3568 991 3634 οά
1022 3567 1130 3657 πάντη
1153 3566 1241 3634 ἐστὶν
1263 3565 1306 3649 ἐν,

187 3677 265 3742 όταν
286 3675 470 3766 ἐπιστήμην
492 3701 549 3742 του
573 3675 737 3765 λαμβάνη·
762 3675 856 3762 λόγος
879 3677 939 3763 γάρ
963 3674 1172 3764 ήέπιστήμη,
1196 3675 1307 3741 πολλὰ

188 3782 223 3848 δέ
245 3784 263 3849 ὁ
287 3783 388 3870 λόγος.
424 3783 624 3872 παρέρχεται
653 3779 706 3850 οὖν
736 3785 775 3849 τὸ
797 3778 831 3849 ἐν
853 3779 900 3860 είς
924 3782 1067 3870 ἀριθμὸν
1095 3779 1152 3848 καί
1175 3781 1308 3870 πλῆθος

175 3895 341 3956 πεσοῦσα.
377 3888 460 3978 δπέρ
490 3886 675 3979 ἐπιστήμην
704 3887 811 3962 τοίνυν
841 3889 893 3955 δεῖ
922 3890 1058 3977 δραμεῖν
1088 3886 1146 3954 καὶ
1167 3883 1307 3975 μηδαμῇ

187 3993 346 4080 ἐκβαίνειν
374 4007 433 4062 τοῦ
460 3991 494 4062 ἐν
523 3989 622 4078 εἶναι,
658 3985 734 4062 ἀλλ>
754 3996 940 4084 ἀποστῆναι
970 3993 1100 4062 δεῖκαὶ
1124 3992 1307 4080 ἐπιστήμης

175 4100 244 4167 ,καὶ
267 4101 451 4192 ἐπιστητῶν
473 4101 531 4168 καὶ
553 4105 677 4180 παντὸς
699 4101 799 4168 ἀλλον
821 4100 879 4168 καὶ
902 4101 1004 4167 καλοῦ
1026 4099 1204 4183 θεάματος.
1239 4107 1308 4163 πάν

187 4209 248 4296 γάρ
263 4209 363 4274 καλὸν
385 4211 515 4296 ὕστερον
538 4207 658 4277 ἐκείνου
681 4207 739 4276 καί
762 4197 848 4297 παρ’
868 4205 997 4290 ἐκείνου,
1022 4209 1134 4294 ὥσπερ
1151 4215 1219 4297 πᾶν
1235 4217 1307 4293 φῶς

258 4459 285 4524 1)
303 4461 393 4532 μόνον
410 4457 558 4512 Kirchhoff:
577 4461 666 4531 μόνην
684 4455 753 4511 libri.
