3146 4982
320 343 373 404 50⁰
775 345 851 398 Philo
869 344 988 398 Iudaeus.

322 505 441 592 ληπτά,
472 503 506 570 τί
536 515 648 579 τοῦτο;
680 503 749 569 καί
770 506 856 591 ψυχή
892 505 953 590 γὰρ
985 502 1132 589 ἀόρατον.
1180 502 1322 589 καὶμὴν
1355 498 1442 578 εἰκός

323 635 357 697 γε
380 609 459 699 ἀέρα
483 624 539 700 γῆς
561 612 686 696 μᾶλλον
709 609 765 676 καί
782 611 900 688 ύδατος
914 609 1119 698 ζῳοτροφεῖν.
1156 609 1212 674 διὰ
1234 606 1285 684 τί;
1310 608 1361 673 ὅτι
1385 606 1442 672 καί

322 721 364 783 τὰ
388 717 421 784 ἐν
444 716 577 797 ἐκείνοις
601 713 693 796 οὗτος
717 717 898 804 ἑφύχιοσεν·
923 713 1030 782 ε’ποίει
1055 719 1116 804 γάρ
1140 715 1237 782 αύτδν
1260 715 1277 782 ὁ
1300 711 1442 802 τεχνίτης

322 824 481 912 ἀκινήτων
514 822 573 908 μὲν
607 823 766 908 σωμάτων
800 821 882 904 έξιν,
924 821 1117 906 κινουμένων
1151 821 1188 888 δὲ
1227 820 1443 908 ἀφαντάστως

322 933 428 1019 φύσιν,
452 929 512 1019 ήδη
536 930 574 996 δέ
595 931 681 1019 ὁρμῇ
696 929 753 996 καί
777 927 945 1018 φαντασίᾳ
967 935 1112 1018 χρῆσθαι
1127 927 1311 1012 δυναμένων
1328 928 1441 1014 ψυχήν.

323 1037 378 1119 οδχ
401 1037 527 1104 ύτοπον
550 1035 612 1118 οὖν,
636 1026 685 1102 δι’
703 1032 743 1102 ού
763 1039 805 1101 τά
829 1036 914 1101 άλλα
938 1035 1113 1124 ε’ψυχώθη,
1144 1048 1256 1121 ψυχῶν
1279 1034 1442 1120 ἀμοιρεῖν;

323 1145 375 1210 διὸ
397 1143 511 1233 μηδείς
540 1146 598 1232 τήν
627 1140 761 1230 ἀρίστην
791 1143 888 1230 φύσιν
911 1137 1003 1228 ζηύων
1025 1153 1083 1208 τοῦ
1105 1139 1237 1228 ἀρίστου
1260 1155 1326 1206 τῶν
1348 1164 1443 1224 περι-

324 1249 433 1336 γείιον,
458 1249 567 1336 ἀέρος,
592 1246 817 1338 ἀφαιρείσθω·
853 1246 890 1314 ού
915 1251 975 1334 γάρ
998 1249 1095 1332 μόνον
1119 1247 1155 1314 ἐκ
1178 1248 1311 1313 πάντων
1326 1243 1443 1335 ἔρημος

324 1353 428 1438 οὗτος,
452 1345 526 1422 ἀλλ’
546 1347 600 1422 οἷα
617 1356 714 1434 πόλις
736 1354 883 1443 εύανδρεῖ
899 1353 1041 1434 πολίτας
1064 1355 1258 1443 ἀφθάρτους
1280 1353 1338 1420 καὶ
1354 1354 1444 1420 ἀθα-

324 1463 439 1541 νάτους
463 1459 542 1544 έχων
567 1463 672 1550 ψυχάς
696 1459 898 1549 ἰσαρίθμους
921 1461 1062 1549 ἀστροις.
1097 1461 1221 1527 τούτιον
1245 1475 1310 1526 τῶν
1334 1474 1445 1546 φωχέῦν

325 1565 360 1634 αἱ
390 1567 449 1652 μὲν
479 1566 631 1634 κατίασιν
655 1567 904 1657 ἕνδεθησόμεναι
927 1568 1057 1651 σώμασι
1080 1571 1217 1656 θνητοῖς
1240 1568 1315 1632 ὅσαι
1339 1589 1443 1654 προσ·
1547 1595 1548 1598 “

325 1675 487 1760 γειότατοι
517 1673 574 1740 καί
605 1675 848 1762 φιλοσώματοι,
884 1671 919 1740 αἱ
944 1673 980 1740 δὲ
1007 1673 1194 1762 ἀνέρχονται
1217 1675 1443 1761 διακριθεῖσαι

326 1782 427 1847 πάλιν
450 1783 536 1848 κατὰ
559 1782 633 1858 τοὺς
656 1782 722 1848 ὑπὸ
745 1782 872 1869 φύσεως
896 1780 1091 1868 ὁρισθέντος
1114 1781 1267 1867 ὁρισμούς
1290 1779 1348 1845 καί
1369 1781 1443 1866 χρύ-
1546 1827 1548 1878 ,

325 1912 404 1966 νους.
444 1883 566 1954 τούτων
593 1883 628 1952 αἱ
658 1887 718 1970 μὲν
746 1891 788 1953 τὰ
819 1889 984 1976 σύντροφα
1008 1887 1065 1953 καί
1093 1890 1218 1976 συνήθη
1243 1898 1301 1953 τοῦ
1323 1893 1445 1975 θνητοῦ

324 1991 397 2079 βίου
414 2000 584 2060 ποθοῦσαι
600 1995 878 2080 παλινδρομοῦσιν
902 1992 1012 2075 αὖθις,
1036 1991 1071 2059 αὶ
1088 1993 1125 2060 δέ
1140 1995 1266 2082 πολλήν
1281 1991 1445 2082 φλυαρίαν
1547 1979 1548 2042 Ϊ

326 2099 425 2166 αύτοῦ
457 2112 676 2186 καταγνοῦσαι
712 2101 929 2189 δεσμωτήριον
968 2099 1024 2166 καί
1059 2102 1180 2184 τύμβον
1215 2100 1371 2165 ἐκάλεσαν
1409 2100 1444 2164 τὸ

325 2221 429 2290 σῶμα,
453 2217 615 2294 φαγοῦσαι
639 2205 675 2272 δὲ
698 2209 809 2294 ὥσπερ
834 2206 869 2286 ἐξ
892 2205 1019 2294 είρκτης
1043 2207 1062 2296 ἢ
1083 2209 1252 2295 μνήματος
1280 2205 1347 2271 ἀνω
1371 2207 1444 2270 νού-
1546 2233 1548 2298 η

326 2337 402 2402 φοις
432 2317 567 2400 πτεροῖς
597 2315 681 2400 πρὸς
710 2311 833 2401 αἰθέρα
865 2312 1058 2401 ε’ξαρθεῖσαι
1086 2313 1369 2400 μετεωροπολοῦσι
1392 2313 1445 2378 τὸν
1546 2301 1548 2352 ί

327 2416 438 2484 αἰῶνα.
486 2419 584 2486 άλλαι
608 2408 641 2486 δ’
664 2417 727 2486 είσί
751 2422 992 2508 καθαρώταται
1022 2420 1080 2486 καί
1109 2421 1257 2508 άρισται,
1292 2419 1445 2502 μειζόνων

325 2525 542 2614 φρονημάτων
572 2526 629 2591 καί
658 2525 833 2614 θειοτέρων
863 2526 1094 2609 ε’πιλαχοῦσαι,
1125 2527 1260 2615 μηδενὸς
1289 2524 1349 2609 μέν
1384 2538 1445 2590 τῶν

326 2628 498 2718 περιγείων
527 2631 613 2697 ποτὲ
644 2630 830 2719 ὀρεχθεῖσαι
862 2635 900 2698 τὸ
932 2633 1111 2720 παράπαν,
1148 2635 1291 2720 ύπαρχοι
1320 2631 1357 2697 δὲ
1391 2641 1445 2696 τοῦ

326 2737 563 2825 πανηγεμόνος,
594 2740 705 2823 ὥσπερ
735 2739 875 2823 μεγάλου
907 2738 1069 2822 βασιλέως
1092 2737 1266 2826 ὀφθαλμοί
1296 2737 1354 2803 καὶ
1380 2735 1443 2802 ὦτα

326 2844 498 2930 ἀφορῶσαι
522 2843 632 2908 πάντα
656 2843 711 2908 καί
737 2843 922 2910 ἀκούουσαι.
957 2846 1080 2923 ταύτας
1103 2841 1309 2928 δαίμονας
1332 2843 1393 2926 μέν
1415 2838 1442 2908 οί

327 2949 422 3014 ἀλλοι
446 2949 634 3036 φιλόσοφοι,
658 2948 727 3014 δδέ
743 2947 827 3035 ίερὸς
852 2950 947 3036 λόγος
969 2949 1163 3036 ἀγγέλους
1186 2946 1287 3016 εἴωθε
1306 2947 1441 3014 καλεῖνλ.

398 3122 426 3164 a.
447 3107 483 3161 Cf.
503 3108 542 3160 De
567 3108 659 3161 Mundi
684 3107 751 3178 Opif.
770 3109 819 3164 18
843 3128 869 3180 p.
890 3111 919 3172 ῖς
950 3112 1031 3181 17εη.
1057 3130 1082 3181 p.
1103 3112 1199 3181 12sq3
1228 3111 1263 3165 50
1287 3128 1313 3180 p.
1333 3111 1381 3176 343
1409 3109 1444 3162 De

326 3196 442 3251 Plantat.
468 3197 484 3250 3
508 3214 533 3266 p.
553 3197 618 3262 331;
646 3196 685 3250 De
705 3195 811 3265 Gigant.
831 3199 849 3252 2
873 3217 898 3269 p.
918 3201 971 3254 263
998 3205 1045 3254 καὶ
1073 3203 1126 3272 γὰρ
1154 3193 1231 3254 οὗτοι
1259 3201 1300 3268 (οἱ
1329 3199 1445 3274 ἀστέρες)

329 3290 420 3354 ψυχαὶ
436 3285 497 3338 ὅλαι
511 3283 552 3339 δι’
571 3287 641 3339 ὅλων
659 3289 791 3361 ἀκήρατοί
809 3307 836 3342 τε
850 3294 897 3341 καὶ
916 3295 999 3354 θεῖαι,
1020 3286 1087 3362 παρ’
1106 3282 1179 3343 ὃκαὶ
1199 3291 1287 3358 κύκλῳ
1300 3300 1444 3350 κινοῦνται,

329 3375 377 3439 τὴν
405 3378 625 3443 συγγενεστάτην
652 3379 689 3444 νῷ
716 3382 835 3443 κίνησιν·
864 3387 928 3438 νοῦς
953 3380 1006 3452 γάρ
1030 3379 1156 3438 ἑκάστοις
1182 3380 1272 3431 αὐτῶν
1300 3381 1446 3451 ἀκραιφνέ-

330 3480 436 3523 στατος.

399 3567 429 3622 b.
449 3568 486 3623 Cf.
505 3575 549 3622 ΒΡ
570 3571 619 3624 491
631 3587 654 3624 a.
675 3599 708 3610 —
727 3572 867 3626 Praeterea
885 3573 916 3626 cf.
935 3573 974 3626 De
995 3571 1101 3642 Gigant.
1122 3575 1188 3643 κιο.
1207 3591 1233 3642 p.
1248 3573 1301 3627 263
1311 3589 1350 3642 sq.
1370 3573 1447 3639 (Plat.

328 3655 393 3708 Tim.
419 3674 444 3726 p.
464 3657 523 3726 43);
550 3658 589 3712 Do
615 3659 768 3714 Plantam
793 3679 817 3730 p.
838 3662 903 3727 331;
929 3662 968 3714 De
993 3661 1097 3716 Consus.
1116 3662 1189 3730 Ling.
1217 3662 1252 3716 34
1275 3680 1300 3732 p.
1321 3663 1383 3716 431.
1419 3661 1448 3714 In

329 3745 416 3798 anima
433 3745 547 3800 humana
565 3748 633 3800 ratio
652 3751 681 3801 et
699 3747 850 3804 intellectus
869 3751 998 3820 particula
1021 3754 1063 3804 est
1081 3751 1161 3804 divini
1185 3751 1337 3804 intellectus
1355 3751 1448 3805 extrin-

333 3849 407 3887 secus
431 3833 458 3887 in
477 3835 550 3889 illam
568 3835 707 3903 intra'ntis,
733 3855 757 3891 v.
777 3839 816 3891 De
834 3839 927 3892 Mundi
945 3839 1013 3909 Opif.
1033 3841 1066 3894 21
1087 3859 1112 3910 p.
1133 3841 1167 3894 15
1177 3857 1216 3909 sq.
1245 3843 1292 3894 έπὶ
1320 3841 1352 3895 δὲ
1381 3851 1447 3895 πᾶσι

332 3920 419 3992 (ζῴοις
437 3926 589 3992 ἐγέννησεν)
608 3929 656 3979 τὸν
675 3931 833 4001 ἄνθρωπον,
853 3917 874 3997 ᾧ
892 3939 959 3981 νοῦν
972 3933 1110 4004 ἐξαίρετον
1128 3931 1264 4000 ἐδωρεῖτο,
1285 3941 1376 4000 ψυχῆς
1390 3949 1446 3984 τινα

335 4015 434 4083 ψιήγήν,
453 4018 582 4089 καθάπερ
599 4018 681 4088 κόρην
698 4019 728 4070 ἐν
746 4019 895 4089 ὀφθαλμῷ.
916 4047 949 4055 -
970 4019 1005 4071 22
1020 4022 1035 4086 ἡ
1049 4021 1080 4073 δὲ
1094 4021 1200 4089 (φύσις)
1219 4013 1264 4072 οἷα
1279 4025 1402 4088 τεχνίτης
1417 4045 1445 4054 -·

334 4104 504 4170 ζῳοπλαστεῖ
527 4106 575 4171 τήν
598 4107 652 4176 μὲν
677 4107 762 4179 ὑγράν
788 4108 887 4160 οὐσίαν
905 4113 943 4167 εἰς
962 4110 996 4162 τά
1017 4119 1066 4161 τοῦ
1084 4111 1213 4179 σώματος
1230 4111 1300 4180 μέλη
1318 4112 1365 4162 καὶ
1382 4112 1445 4180 μέρη

335 4189 521 4263 διανέμουσα,
548 4195 596 4259 τὴν
621 4194 651 4246 δὲ
678 4197 866 4266 πνευματικήν
891 4198 996 4258 εἰςτὰς
1021 4205 1066 4263 τῆς
1086 4206 1176 4267 ψυχῆς
1195 4197 1336 4269 δυνάμεις,
1357 4200 1406 4263 τήν
1422 4213 1446 4248 τε

334 4282 483 4350 θρεπτικὴν
505 4286 551 4334 καὶ
576 4283 624 4348 τὴν
649 4285 823 4350 αἰσθητικήν·
850 4286 899 4350 τήν
921 4287 975 4354 γάρ
1000 4295 1049 4338 τοῦ
1073 4288 1212 4356 λογισμοῦ
1237 4287 1271 4337 τά
1296 4295 1346 4337 νῦν
1373 4288 1446 4354 ὑπερ·

334 4371 431 4420 θετέον
449 4370 498 4422 διὰ
518 4373 582 4431 τοὺς
602 4375 760 4442 φάσκοντας
777 4375 905 4446 θύραθεν
924 4375 1008 4426 αὐτὸν
1026 4375 1176 4427 έπεισιέναι
1195 4379 1274 4426 θεῖ-ον
1292 4377 1340 4426 καὶ
1359 4374 1446 4426 ἀίδιον

335 4458 401 4507 ύντα
425 4455 519 4521 (Arist.
538 4463 581 4512 R?
600 4459 691 4524 3370.
729 4459 808 4513 Suam
832 4461 991 4514 sententiam
1015 4461 1098 4529 magis
1123 4460 1213 4530 prodit
1238 4461 1281 4515 his
1305 4461 1384 4514 locis:
1410 4459 1445 4512 De
