<?xml version="1.0" encoding="UTF-8"?>
<!DOCTYPE html PUBLIC "-//W3C//DTD XHTML 1.0 Transitional//EN"
    "http://www.w3.org/TR/xhtml1/DTD/xhtml1-transitional.dtd">
<html xmlns="http://www.w3.org/1999/xhtml" xml:lang="en" lang="en">
 <head>
  <title>
</title>
<meta http-equiv="Content-Type" content="text/html;charset=utf-8" />
  <meta name='ocr-system' content='tesseract 3.04.00' />
  <meta name='ocr-capabilities' content='ocr_page ocr_carea ocr_par ocr_line ocrx_word'/>
</head>
<body>
  <div class='ocr_page' id='page_1' title='image "./historiaphiloso00rittgoog_0270.png"; bbox 0 0 3130 4980; ppageno 0'>
   <div class='ocr_carea' id='block_1_1' title="bbox 294 289 893 354">
    <p class='ocr_par' dir='ltr' id='par_1_1' title="bbox 294 289 893 354">
     <span class='ocr_line' id='line_1_1' title="bbox 294 289 893 354; baseline -0.007 -1"><span class='ocrx_word' id='word_1_1' title='bbox 294 289 349 354; x_wconf 68' lang='lat'><strong><em>262</em></strong></span> <span class='ocrx_word' id='word_1_2' title='bbox 809 295 893 350; x_wconf 82' lang='lat' dir='ltr'><strong>Plato.</strong></span> 
     </span>
    </p>
   </div>
   <div class='ocr_carea' id='block_1_2' title="bbox 294 469 1423 725">
    <p class='ocr_par' dir='ltr' id='par_1_2' title="bbox 294 469 1423 725">
     <span class='ocr_line' id='line_1_2' title="bbox 295 469 1423 546; baseline -0.002 -18"><span class='ocrx_word' id='word_1_3' title='bbox 295 473 481 539; x_wconf 74' lang='grc' dir='ltr'><em>παντοδαπὴν</em></span> <span class='ocrx_word' id='word_1_4' title='bbox 506 473 560 545; x_wconf 73' lang='grc' dir='ltr'><strong><em>μὲν</em></strong></span> <span class='ocrx_word' id='word_1_5' title='bbox 585 472 655 526; x_wconf 74' lang='grc' dir='ltr'><strong><em>ίδεῖν</em></strong></span> <span class='ocrx_word' id='word_1_6' title='bbox 679 478 845 544; x_wconf 77' lang='grc' dir='ltr'><strong><em>φαίνεσθαι,</em></strong></span> <span class='ocrx_word' id='word_1_7' title='bbox 874 473 923 527; x_wconf 82' lang='grc' dir='ltr'><strong><em>διὰ</em></strong></span> <span class='ocrx_word' id='word_1_8' title='bbox 948 473 980 526; x_wconf 72' lang='grc' dir='ltr'><strong><em>δὲ</em></strong></span> <span class='ocrx_word' id='word_1_9' title='bbox 999 474 1031 526; x_wconf 88' lang='grc' dir='ltr'><strong><em>τό</em></strong></span> <span class='ocrx_word' id='word_1_10' title='bbox 1048 469 1120 544; x_wconf 83' lang='grc' dir='ltr'><strong><em>μήθ’</em></strong></span> <span class='ocrx_word' id='word_1_11' title='bbox 1143 476 1248 546; x_wconf 88' lang='grc' dir='ltr'><strong><em>ὁμοίων</em></strong></span> <span class='ocrx_word' id='word_1_12' title='bbox 1270 473 1423 546; x_wconf 78' lang='grc' dir='ltr'><strong><em>δυνάμεων</em></strong></span> 
     </span>
     <span class='ocr_line' id='line_1_3' title="bbox 294 557 1419 637; baseline -0.002 -21"><span class='ocrx_word' id='word_1_13' title='bbox 294 565 364 637; x_wconf 81' lang='grc' dir='ltr'><strong><em>’μήτε</em></strong></span> <span class='ocrx_word' id='word_1_14' title='bbox 384 563 539 634; x_wconf 70' lang='grc' dir='ltr'><strong><em>ἰσορρόπων</em></strong></span> <span class='ocrx_word' id='word_1_15' title='bbox 557 563 755 634; x_wconf 74' lang='grc' dir='ltr'><strong><em>ἐμπίπλασθαι</em></strong></span> <span class='ocrx_word' id='word_1_16' title='bbox 778 557 841 615; x_wconf 77' lang='grc' dir='ltr'><strong><em>κατ’</em></strong></span> <span class='ocrx_word' id='word_1_17' title='bbox 863 561 945 616; x_wconf 75' lang='grc' dir='ltr'><strong><em>οὐδὲν</em></strong></span> <span class='ocrx_word' id='word_1_18' title='bbox 964 563 1047 629; x_wconf 84' lang='grc' dir='ltr'><strong><em>αὐτῆς</em></strong></span> <span class='ocrx_word' id='word_1_19' title='bbox 1066 567 1238 637; x_wconf 82' lang='grc' dir='ltr'><strong><em>ἰσορροπεῖν,</em></strong></span> <span class='ocrx_word' id='word_1_20' title='bbox 1266 558 1327 615; x_wconf 83' lang='grc' dir='ltr'><strong><em>ἀλλ’</em></strong></span> <span class='ocrx_word' id='word_1_21' title='bbox 1345 565 1419 615; x_wconf 83' lang='grc' dir='ltr'><strong><em>ἀνω-</em></strong></span> 
     </span>
     <span class='ocr_line' id='line_1_4' title="bbox 294 647 1414 725; baseline 0 -21"><span class='ocrx_word' id='word_1_22' title='bbox 294 654 389 725; x_wconf 83' lang='grc' dir='ltr'><strong><em>μάλως</em></strong></span> <span class='ocrx_word' id='word_1_23' title='bbox 414 654 503 722; x_wconf 84' lang='grc' dir='ltr'><strong><em>πάντη</em></strong></span> <span class='ocrx_word' id='word_1_24' title='bbox 522 653 745 721; x_wconf 87' lang='grc' dir='ltr'><strong><em>ταλαντουμένην</em></strong></span> <span class='ocrx_word' id='word_1_25' title='bbox 772 655 898 704; x_wconf 85' lang='grc' dir='ltr'><strong><em>σείεσθαι</em></strong></span> <span class='ocrx_word' id='word_1_26' title='bbox 920 651 974 723; x_wconf 78' lang='grc' dir='ltr'><strong><em>μὲν</em></strong></span> <span class='ocrx_word' id='word_1_27' title='bbox 992 647 1042 704; x_wconf 72' lang='grc' dir='ltr'><strong><em>ὑπ’</em></strong></span> <span class='ocrx_word' id='word_1_28' title='bbox 1064 653 1172 705; x_wconf 78' lang='grc' dir='ltr'><strong><em>έκείνων</em></strong></span> <span class='ocrx_word' id='word_1_29' title='bbox 1197 651 1292 716; x_wconf 78' lang='grc' dir='ltr'><strong><em>αὐτήν,</em></strong></span> <span class='ocrx_word' id='word_1_30' title='bbox 1322 671 1414 704; x_wconf 85' lang='grc' dir='ltr'><strong><em>κινου-</em></strong></span> 
     </span>
    </p>
   </div>
   <div class='ocr_carea' id='block_1_3' title="bbox 294 735 1419 897">
    <p class='ocr_par' dir='ltr' id='par_1_3' title="bbox 294 735 1419 897">
     <span class='ocr_line' id='line_1_5' title="bbox 294 735 1419 813; baseline -0.002 -19"><span class='ocrx_word' id='word_1_31' title='bbox 294 745 380 813; x_wconf 80' lang='grc' dir='ltr'><em>μένην</em></span> <span class='ocrx_word' id='word_1_32' title='bbox 399 735 427 793; x_wconf 78' lang='grc' dir='ltr'><strong><em>δ’</em></strong></span> <span class='ocrx_word' id='word_1_33' title='bbox 450 737 485 792; x_wconf 89' lang='grc' dir='ltr'><strong><em>αὐ</em></strong></span> <span class='ocrx_word' id='word_1_34' title='bbox 504 742 588 792; x_wconf 87' lang='grc' dir='ltr'><strong><em>πάλιν</em></strong></span> <span class='ocrx_word' id='word_1_35' title='bbox 606 739 695 792; x_wconf 82' lang='grc' dir='ltr'><strong><em>έκεΐνα</em></strong></span> <span class='ocrx_word' id='word_1_36' title='bbox 714 743 803 792; x_wconf 92' lang='grc' dir='ltr'><strong><em>σείειν.</em></strong></span> <span class='ocrx_word' id='word_1_37' title='bbox 847 737 885 793; x_wconf 80' lang='lat' dir='ltr'><strong><em>Cf.</em></strong></span> <span class='ocrx_word' id='word_1_38' title='bbox 905 737 979 793; x_wconf 80' lang='lat'><strong>6913.</strong></span> <span class='ocrx_word' id='word_1_39' title='bbox 999 739 1077 792; x_wconf 85' lang='lat' dir='ltr'><strong>Polit.</strong></span> <span class='ocrx_word' id='word_1_40' title='bbox 1096 738 1149 792; x_wconf 72' lang='lat'><strong><em>273</em></strong></span> <span class='ocrx_word' id='word_1_41' title='bbox 1159 737 1189 791; x_wconf 88' lang='grc' dir='ltr'><strong><em>Β.</em></strong></span> <span class='ocrx_word' id='word_1_42' title='bbox 1221 767 1254 776; x_wconf 92' lang='grc'>-</span> <span class='ocrx_word' id='word_1_43' title='bbox 1288 737 1316 792; x_wconf 87' lang='grc' dir='ltr'><strong><em>Ζ.</em></strong></span> <span class='ocrx_word' id='word_1_44' title='bbox 1335 737 1419 792; x_wconf 68' lang='lat'>111³</span> 
     </span>
     <span class='ocr_line' id='line_1_6' title="bbox 294 824 1009 897; baseline -0.003 -15"><span class='ocrx_word' id='word_1_45' title='bbox 294 828 348 882; x_wconf 76' lang='lat'><strong><em>609</em></strong></span> <span class='ocrx_word' id='word_1_46' title='bbox 358 843 396 897; x_wconf 90' lang='lat' dir='ltr'><strong>sq.</strong></span> <span class='ocrx_word' id='word_1_47' title='bbox 434 825 592 896; x_wconf 81' lang='lat' dir='ltr'>obloquitur</span> <span class='ocrx_word' id='word_1_48' title='bbox 609 825 790 892; x_wconf 79' lang='lat' dir='ltr'><strong>Teiohmbller‚</strong></span> <span class='ocrx_word' id='word_1_49' title='bbox 809 824 889 880; x_wconf 74' lang='lat' dir='ltr'><strong>stuc.</strong></span> <span class='ocrx_word' id='word_1_50' title='bbox 909 827 1009 897; x_wconf 85' lang='lat' dir='ltr'><strong>308sq.</strong></span> 
     </span>
    </p>
   </div>
   <div class='ocr_carea' id='block_1_4' title="bbox 101 967 1419 2634">
    <p class='ocr_par' dir='ltr' id='par_1_4' title="bbox 294 967 1419 1571">
     <span class='ocr_line' id='line_1_7' title="bbox 367 967 1419 1034; baseline -0.001 -12"><span class='ocrx_word' id='word_1_51' title='bbox 367 967 398 1023; x_wconf 85' lang='lat' dir='ltr'><strong><em>b.</em></strong></span> <span class='ocrx_word' id='word_1_52' title='bbox 418 967 575 1021; x_wconf 72' lang='lat' dir='ltr'><strong>Intellectus</strong></span> <span class='ocrx_word' id='word_1_53' title='bbox 593 984 645 1021; x_wconf 93' lang='lat' dir='ltr'><strong><em>non</em></strong></span> <span class='ocrx_word' id='word_1_54' title='bbox 663 967 769 1021; x_wconf 77' lang='lat' dir='ltr'><strong>exsistit</strong></span> <span class='ocrx_word' id='word_1_55' title='bbox 786 967 838 1021; x_wconf 90' lang='lat' dir='ltr'><strong>nisi</strong></span> <span class='ocrx_word' id='word_1_56' title='bbox 856 968 884 1022; x_wconf 92' lang='lat' dir='ltr'><strong><em>in</em></strong></span> <span class='ocrx_word' id='word_1_57' title='bbox 903 969 996 1034; x_wconf 78' lang='lat' dir='ltr'><strong>anime,</strong></span> <span class='ocrx_word' id='word_1_58' title='bbox 1014 986 1038 1022; x_wconf 87' lang='lat' dir='ltr'><strong>r.</strong></span> <span class='ocrx_word' id='word_1_59' title='bbox 1052 973 1096 1021; x_wconf 76' lang='lat' dir='ltr'><strong><em>BP</em></strong></span> <span class='ocrx_word' id='word_1_60' title='bbox 1114 967 1197 1022; x_wconf 83' lang='grc'><strong>2581).</strong></span> <span class='ocrx_word' id='word_1_61' title='bbox 1224 967 1318 1021; x_wconf 87' lang='lat' dir='ltr'>Mundi</span> <span class='ocrx_word' id='word_1_62' title='bbox 1331 968 1419 1022; x_wconf 79' lang='lat' dir='ltr'><strong>anime</strong></span> 
     </span>
     <span class='ocr_line' id='line_1_8' title="bbox 296 1055 1415 1131; baseline -0.001 -20"><span class='ocrx_word' id='word_1_63' title='bbox 296 1060 338 1111; x_wconf 89' lang='lat' dir='ltr'><strong><em>est</em></strong></span> <span class='ocrx_word' id='word_1_64' title='bbox 361 1056 430 1111; x_wconf 89' lang='lat' dir='ltr'><strong>idom</strong></span> <span class='ocrx_word' id='word_1_65' title='bbox 454 1055 523 1126; x_wconf 90' lang='lat' dir='ltr'><strong>quod</strong></span> <span class='ocrx_word' id='word_1_66' title='bbox 547 1056 576 1109; x_wconf 88' lang='lat' dir='ltr'><strong><em>in</em></strong></span> <span class='ocrx_word' id='word_1_67' title='bbox 594 1055 703 1109; x_wconf 88' lang='lat' dir='ltr'><strong>Philebo</strong></span> <span class='ocrx_word' id='word_1_68' title='bbox 728 1055 826 1110; x_wconf 88' lang='lat' dir='ltr'><strong>dicitur</strong></span> <span class='ocrx_word' id='word_1_69' title='bbox 852 1060 884 1111; x_wconf 86' lang='grc' dir='ltr'><strong><em>τὸ</em></strong></span> <span class='ocrx_word' id='word_1_70' title='bbox 909 1063 1005 1131; x_wconf 78' lang='grc' dir='ltr'><strong><em>πέρας,</em></strong></span> <span class='ocrx_word' id='word_1_71' title='bbox 1034 1074 1084 1127; x_wconf 89' lang='lat' dir='ltr'><strong><em>quo</em></strong></span> <span class='ocrx_word' id='word_1_72' title='bbox 1113 1056 1246 1110; x_wconf 88' lang='lat' dir='ltr'><strong>infinitum</strong></span> <span class='ocrx_word' id='word_1_73' title='bbox 1270 1057 1304 1110; x_wconf 83' lang='lat' dir='ltr'><strong><em>ad</em></strong></span> <span class='ocrx_word' id='word_1_74' title='bbox 1331 1059 1415 1110; x_wconf 81' lang='lat' dir='ltr'><strong>oertos</strong></span> 
     </span>
     <span class='ocr_line' id='line_1_9' title="bbox 294 1145 1419 1216; baseline -0.002 -16"><span class='ocrx_word' id='word_1_75' title='bbox 294 1162 461 1200; x_wconf 88' lang='lat' dir='ltr'><strong>numerorum</strong></span> <span class='ocrx_word' id='word_1_76' title='bbox 480 1146 662 1216; x_wconf 84' lang='lat' dir='ltr'><strong>proportiones</strong></span> <span class='ocrx_word' id='word_1_77' title='bbox 680 1148 830 1198; x_wconf 86' lang='lat' dir='ltr'><strong>revocatur:</strong></span> <span class='ocrx_word' id='word_1_78' title='bbox 849 1146 918 1200; x_wconf 78' lang='lat'>251)</span> <span class='ocrx_word' id='word_1_79' title='bbox 947 1148 995 1212; x_wconf 86' lang='grc' dir='ltr'><strong><em>τὴν</em></strong></span> <span class='ocrx_word' id='word_1_80' title='bbox 1024 1156 1073 1200; x_wconf 85' lang='grc' dir='ltr'><strong><em>τοῦ</em></strong></span> <span class='ocrx_word' id='word_1_81' title='bbox 1100 1151 1164 1200; x_wconf 79' lang='grc' dir='ltr'><strong><em>ἴσου</em></strong></span> <span class='ocrx_word' id='word_1_82' title='bbox 1191 1149 1237 1199; x_wconf 84' lang='grc' dir='ltr'><strong><em>καὶ</em></strong></span> <span class='ocrx_word' id='word_1_83' title='bbox 1262 1145 1419 1199; x_wconf 71' lang='grc' dir='ltr'><strong><em>διπλασίου</em></strong></span> 
     </span>
     <span class='ocr_line' id='line_1_10' title="bbox 295 1229 1415 1308; baseline -0.002 -20"><span class='ocrx_word' id='word_1_84' title='bbox 295 1229 402 1308; x_wconf 72' lang='grc' dir='ltr'><strong><em>Ι(φύσιν)</em></strong></span> <span class='ocrx_word' id='word_1_85' title='bbox 420 1239 466 1288; x_wconf 87' lang='grc' dir='ltr'><strong><em>καὶ</em></strong></span> <span class='ocrx_word' id='word_1_86' title='bbox 486 1237 575 1301; x_wconf 86' lang='grc' dir='ltr'><strong><em>ὁπόση</em></strong></span> <span class='ocrx_word' id='word_1_87' title='bbox 595 1235 678 1288; x_wconf 81' lang='grc' dir='ltr'><strong><em>παύει</em></strong></span> <span class='ocrx_word' id='word_1_88' title='bbox 697 1237 766 1307; x_wconf 85' lang='grc' dir='ltr'><strong><em>πρὸς</em></strong></span> <span class='ocrx_word' id='word_1_89' title='bbox 785 1238 887 1301; x_wconf 86' lang='grc' dir='ltr'><strong><em>δίλληλα</em></strong></span> <span class='ocrx_word' id='word_1_90' title='bbox 905 1236 1037 1288; x_wconf 83' lang='grc' dir='ltr'><strong><em>τάναντία</em></strong></span> <span class='ocrx_word' id='word_1_91' title='bbox 1057 1235 1198 1308; x_wconf 75' lang='grc' dir='ltr'><strong><em>διαφόρως</em></strong></span> <span class='ocrx_word' id='word_1_92' title='bbox 1216 1235 1324 1306; x_wconf 75' lang='grc' dir='ltr'><strong><em>ἔχοντα,</em></strong></span> <span class='ocrx_word' id='word_1_93' title='bbox 1344 1236 1415 1306; x_wconf 87' lang='grc' dir='ltr'><strong><em>σάμ-</em></strong></span> 
     </span>
     <span class='ocr_line' id='line_1_11' title="bbox 294 1323 1415 1398; baseline -0.003 -19"><span class='ocrx_word' id='word_1_94' title='bbox 294 1344 382 1398; x_wconf 83' lang='grc' dir='ltr'><strong><em>μετρα</em></strong></span> <span class='ocrx_word' id='word_1_95' title='bbox 401 1324 432 1377; x_wconf 76' lang='grc' dir='ltr'><strong><em>δὲ</em></strong></span> <span class='ocrx_word' id='word_1_96' title='bbox 451 1327 497 1377; x_wconf 85' lang='grc' dir='ltr'><strong><em>καὶ</em></strong></span> <span class='ocrx_word' id='word_1_97' title='bbox 517 1326 655 1396; x_wconf 77' lang='grc' dir='ltr'><strong><em>σύμφωνα</em></strong></span> <span class='ocrx_word' id='word_1_98' title='bbox 684 1323 797 1377; x_wconf 74' lang='grc' dir='ltr'><strong><em>ἐνθεῖσα</em></strong></span> <span class='ocrx_word' id='word_1_99' title='bbox 826 1325 949 1398; x_wconf 87' lang='grc' dir='ltr'><strong><em>ἀριθμὸν</em></strong></span> <span class='ocrx_word' id='word_1_100' title='bbox 977 1325 1173 1396; x_wconf 73' lang='grc' dir='ltr'><strong><em>ἄπεργάζεταιτ</em></strong></span> <span class='ocrx_word' id='word_1_101' title='bbox 1203 1340 1254 1393; x_wconf 90' lang='lat' dir='ltr'><strong><em>quo</em></strong></span> <span class='ocrx_word' id='word_1_102' title='bbox 1281 1323 1415 1393; x_wconf 75' lang='lat' dir='ltr'><strong>pertinent</strong></span> 
     </span>
     <span class='ocr_line' id='line_1_12' title="bbox 296 1411 1416 1487; baseline 0 -21"><span class='ocrx_word' id='word_1_103' title='bbox 296 1429 361 1483; x_wconf 77' lang='lat' dir='ltr'><strong>quae</strong></span> <span class='ocrx_word' id='word_1_104' title='bbox 379 1411 536 1466; x_wconf 75' lang='lat' dir='ltr'><strong>Aristoteles</strong></span> <span class='ocrx_word' id='word_1_105' title='bbox 559 1411 624 1464; x_wconf 78' lang='lat' dir='ltr'><strong>dicit</strong></span> <span class='ocrx_word' id='word_1_106' title='bbox 651 1413 685 1464; x_wconf 84' lang='grc' dir='ltr'><strong><em>τὰ</em></strong></span> <span class='ocrx_word' id='word_1_107' title='bbox 709 1415 895 1484; x_wconf 84' lang='grc' dir='ltr'><strong><em>μαθηματικὰ</em></strong></span> <span class='ocrx_word' id='word_1_108' title='bbox 923 1423 976 1466; x_wconf 80' lang='grc' dir='ltr'><strong><em>τῶν</em></strong></span> <span class='ocrx_word' id='word_1_109' title='bbox 1001 1415 1187 1487; x_wconf 79' lang='grc' dir='ltr'><strong><em>πραγμάτων,</em></strong></span> <span class='ocrx_word' id='word_1_110' title='bbox 1215 1429 1239 1466; x_wconf 88' lang='lat' dir='ltr'><strong><em>v.</em></strong></span> <span class='ocrx_word' id='word_1_111' title='bbox 1265 1417 1308 1464; x_wconf 70' lang='grc' dir='ltr'><strong><em>ΕΡ</em></strong></span> <span class='ocrx_word' id='word_1_112' title='bbox 1332 1411 1416 1466; x_wconf 77' lang='grc' dir='ltr'><strong><em>26οδ.</em></strong></span> 
     </span>
     <span class='ocr_line' id='line_1_13' title="bbox 297 1497 1414 1571; baseline 0.002 -20"><span class='ocrx_word' id='word_1_113' title='bbox 297 1497 461 1569; x_wconf 82' lang='lat' dir='ltr'><strong>Quapropter</strong></span> <span class='ocrx_word' id='word_1_114' title='bbox 485 1499 568 1553; x_wconf 92' lang='lat' dir='ltr'><strong>omnis</strong></span> <span class='ocrx_word' id='word_1_115' title='bbox 587 1499 642 1553; x_wconf 91' lang='lat' dir='ltr'><strong>eius</strong></span> <span class='ocrx_word' id='word_1_116' title='bbox 666 1501 818 1570; x_wconf 80' lang='lat' dir='ltr'><strong>compositio</strong></span> <span class='ocrx_word' id='word_1_117' title='bbox 838 1501 979 1556; x_wconf 82' lang='lat' dir='ltr'><strong>secrmdum</strong></span> <span class='ocrx_word' id='word_1_118' title='bbox 1005 1500 1205 1554; x_wconf 78' lang='lat' dir='ltr'><strong>mathematicos</strong></span> <span class='ocrx_word' id='word_1_119' title='bbox 1223 1499 1414 1571; x_wconf 84' lang='lat' dir='ltr'><strong>propositiones</strong></span> 
     </span>
    </p>

    <p class='ocr_par' dir='ltr' id='par_1_5' title="bbox 101 1587 1418 2634">
     <span class='ocr_line' id='line_1_14' title="bbox 101 1587 1415 1682; baseline 0.003 -42"><span class='ocrx_word' id='word_1_120' title='bbox 101 1587 274 1682; x_wconf 46' lang='lat' dir='ltr'><strong>utgnffffii</strong></span> <span class='ocrx_word' id='word_1_121' title='bbox 299 1587 469 1654; x_wconf 83' lang='lat' dir='ltr'><strong>describitur,</strong></span> <span class='ocrx_word' id='word_1_122' title='bbox 497 1605 520 1642; x_wconf 80' lang='lat' dir='ltr'><strong>r.</strong></span> <span class='ocrx_word' id='word_1_123' title='bbox 540 1587 604 1642; x_wconf 86' lang='lat' dir='ltr'><strong>Tim.</strong></span> <span class='ocrx_word' id='word_1_124' title='bbox 625 1587 693 1642; x_wconf 80' lang='lat' dir='ltr'><strong><em>35A</em></strong></span> <span class='ocrx_word' id='word_1_125' title='bbox 721 1599 767 1657; x_wconf 84' lang='grc' dir='ltr'><strong><em>τῆς</em></strong></span> <span class='ocrx_word' id='word_1_126' title='bbox 792 1593 942 1663; x_wconf 83' lang='grc' dir='ltr'><strong><em>ἀμερίστου</em></strong></span> <span class='ocrx_word' id='word_1_127' title='bbox 969 1594 1015 1643; x_wconf 86' lang='grc' dir='ltr'><strong><em>καὶ</em></strong></span> <span class='ocrx_word' id='word_1_128' title='bbox 1040 1592 1082 1644; x_wconf 78' lang='grc' dir='ltr'><strong><em>ἀεὶ</em></strong></span> <span class='ocrx_word' id='word_1_129' title='bbox 1099 1592 1170 1644; x_wconf 82' lang='grc' dir='ltr'><strong><em>κατὰ</em></strong></span> <span class='ocrx_word' id='word_1_130' title='bbox 1195 1591 1282 1644; x_wconf 82' lang='grc' dir='ltr'><strong><em>ταύτὰ</em></strong></span> <span class='ocrx_word' id='word_1_131' title='bbox 1301 1591 1415 1660; x_wconf 70' lang='grc' dir='ltr'><strong><em>ἐχούσης</em></strong></span> 
     </span>
     <span class='ocr_line' id='line_1_15' title="bbox 289 1674 1414 1753; baseline -0.001 -21"><span class='ocrx_word' id='word_1_132' title='bbox 289 1674 393 1738; x_wconf 85' lang='grc' dir='ltr'><strong><em>ὀὐσίας</em></strong></span> <span class='ocrx_word' id='word_1_133' title='bbox 411 1682 457 1730; x_wconf 81' lang='grc' dir='ltr'><strong><em>καὶ</em></strong></span> <span class='ocrx_word' id='word_1_134' title='bbox 476 1686 522 1744; x_wconf 86' lang='grc' dir='ltr'><strong><em>τῆς</em></strong></span> <span class='ocrx_word' id='word_1_135' title='bbox 541 1675 576 1730; x_wconf 90' lang='grc' dir='ltr'><strong><em>αὐ</em></strong></span> <span class='ocrx_word' id='word_1_136' title='bbox 594 1681 657 1752; x_wconf 80' lang='grc' dir='ltr'><strong><em>περὶ</em></strong></span> <span class='ocrx_word' id='word_1_137' title='bbox 676 1681 710 1732; x_wconf 86' lang='grc' dir='ltr'><strong><em>τὰ</em></strong></span> <span class='ocrx_word' id='word_1_138' title='bbox 730 1681 847 1750; x_wconf 87' lang='grc' dir='ltr'><strong><em>σώματα</em></strong></span> <span class='ocrx_word' id='word_1_139' title='bbox 865 1684 1030 1752; x_wconf 87' lang='grc' dir='ltr'><strong><em>γιγνομένης</em></strong></span> <span class='ocrx_word' id='word_1_140' title='bbox 1052 1688 1182 1752; x_wconf 81' lang='grc' dir='ltr'><strong><em>μεριστῆς</em></strong></span> <span class='ocrx_word' id='word_1_141' title='bbox 1204 1684 1296 1753; x_wconf 90' lang='grc' dir='ltr'><strong><em>τρίτον</em></strong></span> <span class='ocrx_word' id='word_1_142' title='bbox 1314 1681 1343 1740; x_wconf 72' lang='grc' dir='ltr'><strong><em>ἐξ</em></strong></span> <span class='ocrx_word' id='word_1_143' title='bbox 1361 1681 1414 1752; x_wconf 83' lang='grc' dir='ltr'><strong><em>ὐμ-</em></strong></span> 
     </span>
     <span class='ocr_line' id='line_1_16' title="bbox 298 1768 1414 1841; baseline 0.001 -22"><span class='ocrx_word' id='word_1_144' title='bbox 298 1772 365 1838; x_wconf 81' lang='grc' dir='ltr'><strong><em>φοῖν</em></strong></span> <span class='ocrx_word' id='word_1_145' title='bbox 382 1768 411 1819; x_wconf 77' lang='grc' dir='ltr'><strong><em>έν</em></strong></span> <span class='ocrx_word' id='word_1_146' title='bbox 428 1769 506 1838; x_wconf 84' lang='grc' dir='ltr'><strong><em>μέσῳ</em></strong></span> <span class='ocrx_word' id='word_1_147' title='bbox 524 1769 720 1841; x_wconf 84' lang='grc' dir='ltr'><strong><em>ξυνεκεράσατο</em></strong></span> <span class='ocrx_word' id='word_1_148' title='bbox 741 1770 837 1828; x_wconf 84' lang='grc' dir='ltr'><strong><em>οὐσίας</em></strong></span> <span class='ocrx_word' id='word_1_149' title='bbox 856 1768 936 1833; x_wconf 74' lang='grc' dir='ltr'><strong><em>εἶδος,</em></strong></span> <span class='ocrx_word' id='word_1_150' title='bbox 956 1777 1002 1835; x_wconf 74' lang='grc' dir='ltr'><strong><em>τῆς</em></strong></span> <span class='ocrx_word' id='word_1_151' title='bbox 1020 1787 1048 1822; x_wconf 89' lang='grc' dir='ltr'><strong><em>τε</em></strong></span> <span class='ocrx_word' id='word_1_152' title='bbox 1063 1770 1167 1821; x_wconf 88' lang='grc' dir='ltr'><strong><em>ταύτοῦ</em></strong></span> <span class='ocrx_word' id='word_1_153' title='bbox 1184 1769 1292 1839; x_wconf 78' lang='grc' dir='ltr'><strong><em>φύσεως</em></strong></span> <span class='ocrx_word' id='word_1_154' title='bbox 1310 1771 1357 1820; x_wconf 86' lang='grc' dir='ltr'><strong><em>καὶ</em></strong></span> <span class='ocrx_word' id='word_1_155' title='bbox 1370 1777 1414 1835; x_wconf 85' lang='grc' dir='ltr'><strong><em>τῆς</em></strong></span> 
     </span>
     <span class='ocr_line' id='line_1_17' title="bbox 296 1856 1414 1931; baseline -0.001 -23"><span class='ocrx_word' id='word_1_156' title='bbox 296 1859 423 1925; x_wconf 77' lang='grc' dir='ltr'><strong><em>θατέρου,</em></strong></span> <span class='ocrx_word' id='word_1_157' title='bbox 442 1858 489 1908; x_wconf 89' lang='grc' dir='ltr'><strong><em>καὶ</em></strong></span> <span class='ocrx_word' id='word_1_158' title='bbox 507 1856 576 1907; x_wconf 83' lang='grc' dir='ltr'><strong><em>κατὰ</em></strong></span> <span class='ocrx_word' id='word_1_159' title='bbox 596 1865 683 1908; x_wconf 86' lang='grc' dir='ltr'><strong><em>ταῦτα</em></strong></span> <span class='ocrx_word' id='word_1_160' title='bbox 698 1859 860 1924; x_wconf 79' lang='grc' dir='ltr'><strong><em>ξυνέστησεν</em></strong></span> <span class='ocrx_word' id='word_1_161' title='bbox 880 1857 910 1910; x_wconf 77' lang='grc' dir='ltr'><strong><em>έν</em></strong></span> <span class='ocrx_word' id='word_1_162' title='bbox 927 1861 1004 1928; x_wconf 85' lang='grc' dir='ltr'><strong><em>μέσῳ</em></strong></span> <span class='ocrx_word' id='word_1_163' title='bbox 1020 1867 1071 1910; x_wconf 91' lang='grc' dir='ltr'><strong><em>τοῦ</em></strong></span> <span class='ocrx_word' id='word_1_164' title='bbox 1084 1875 1112 1910; x_wconf 87' lang='grc' dir='ltr'><strong><em>τε</em></strong></span> <span class='ocrx_word' id='word_1_165' title='bbox 1127 1859 1245 1931; x_wconf 81' lang='grc' dir='ltr'><strong><em>ἀμεροῦς</em></strong></span> <span class='ocrx_word' id='word_1_166' title='bbox 1265 1858 1356 1909; x_wconf 78' lang='grc' dir='ltr'><strong><em>αὐτῶν</em></strong></span> <span class='ocrx_word' id='word_1_167' title='bbox 1369 1859 1414 1908; x_wconf 77' lang='grc' dir='ltr'><strong><em>καὶ</em></strong></span> 
     </span>
     <span class='ocr_line' id='line_1_18' title="bbox 297 1944 1416 2020; baseline 0 -24"><span class='ocrx_word' id='word_1_168' title='bbox 297 1953 347 1996; x_wconf 87' lang='grc' dir='ltr'><strong><em>τοῦ</em></strong></span> <span class='ocrx_word' id='word_1_169' title='bbox 364 1945 434 1996; x_wconf 85' lang='grc' dir='ltr'><strong><em>κατὰ</em></strong></span> <span class='ocrx_word' id='word_1_170' title='bbox 453 1944 486 1995; x_wconf 87' lang='grc' dir='ltr'><strong><em>τδι</em></strong></span> <span class='ocrx_word' id='word_1_171' title='bbox 506 1945 622 2016; x_wconf 89' lang='grc' dir='ltr'><strong><em>σώματα</em></strong></span> <span class='ocrx_word' id='word_1_172' title='bbox 640 1955 784 2018; x_wconf 85' lang='grc' dir='ltr'><strong><em>μεριστοῦ·</em></strong></span> <span class='ocrx_word' id='word_1_173' title='bbox 804 1949 850 1998; x_wconf 84' lang='grc' dir='ltr'><strong><em>καὶ</em></strong></span> <span class='ocrx_word' id='word_1_174' title='bbox 869 1950 930 2020; x_wconf 92' lang='grc' dir='ltr'><strong><em>τρία</em></strong></span> <span class='ocrx_word' id='word_1_175' title='bbox 945 1946 1035 2013; x_wconf 75' lang='grc' dir='ltr'><strong><em>λαβὼν</em></strong></span> <span class='ocrx_word' id='word_1_176' title='bbox 1050 1947 1120 1997; x_wconf 82' lang='grc' dir='ltr'><strong><em>αὐτὰ</em></strong></span> <span class='ocrx_word' id='word_1_177' title='bbox 1135 1949 1202 1997; x_wconf 88' lang='grc' dir='ltr'><strong><em>όντα</em></strong></span> <span class='ocrx_word' id='word_1_178' title='bbox 1216 1947 1416 2018; x_wconf 78' lang='grc' dir='ltr'><strong><em>συνεκεράσατο</em></strong></span> 
     </span>
     <span class='ocr_line' id='line_1_19' title="bbox 297 2031 1417 2108; baseline -0.001 -23"><span class='ocrx_word' id='word_1_179' title='bbox 297 2037 335 2093; x_wconf 78' lang='grc' dir='ltr'><strong><em>εἰς</em></strong></span> <span class='ocrx_word' id='word_1_180' title='bbox 352 2037 422 2105; x_wconf 91' lang='grc' dir='ltr'><strong><em>μίαν</em></strong></span> <span class='ocrx_word' id='word_1_181' title='bbox 441 2035 533 2085; x_wconf 91' lang='grc' dir='ltr'><strong><em>πάντα</em></strong></span> <span class='ocrx_word' id='word_1_182' title='bbox 554 2033 640 2096; x_wconf 74' lang='grc' dir='ltr'><strong><em>ἰδέαν,</em></strong></span> <span class='ocrx_word' id='word_1_183' title='bbox 670 2035 718 2099; x_wconf 80' lang='grc' dir='ltr'><strong><em>τὴν</em></strong></span> <span class='ocrx_word' id='word_1_184' title='bbox 736 2037 857 2108; x_wconf 87' lang='grc' dir='ltr'><strong><em>θατέρου</em></strong></span> <span class='ocrx_word' id='word_1_185' title='bbox 876 2036 963 2104; x_wconf 85' lang='grc' dir='ltr'><strong><em>φύσιν</em></strong></span> <span class='ocrx_word' id='word_1_186' title='bbox 981 2033 1136 2106; x_wconf 70' lang='grc' dir='ltr'><strong><em>δύσμικτον</em></strong></span> <span class='ocrx_word' id='word_1_187' title='bbox 1155 2031 1242 2087; x_wconf 80' lang='grc' dir='ltr'><strong><em>οὖσαν</em></strong></span> <span class='ocrx_word' id='word_1_188' title='bbox 1260 2037 1298 2094; x_wconf 75' lang='grc' dir='ltr'><strong><em>εἰς</em></strong></span> <span class='ocrx_word' id='word_1_189' title='bbox 1317 2034 1417 2085; x_wconf 82' lang='grc' dir='ltr'><strong><em>ταύτόν</em></strong></span> 
     </span>
     <span class='ocr_line' id='line_1_20' title="bbox 298 2123 1417 2194; baseline 0 -20"><span class='ocrx_word' id='word_1_190' title='bbox 298 2123 492 2194; x_wconf 83' lang='grc' dir='ltr'><strong><em>ξυναρμόττων</em></strong></span> <span class='ocrx_word' id='word_1_191' title='bbox 510 2127 569 2190; x_wconf 78' lang='grc' dir='ltr'><strong><em>βίη·</em></strong></span> <span class='ocrx_word' id='word_1_192' title='bbox 588 2123 690 2194; x_wconf 88' lang='grc' dir='ltr'><strong><em>μιγνύς</em></strong></span> <span class='ocrx_word' id='word_1_193' title='bbox 708 2123 740 2175; x_wconf 79' lang='grc' dir='ltr'><strong><em>δέ</em></strong></span> <span class='ocrx_word' id='word_1_194' title='bbox 757 2124 829 2194; x_wconf 84' lang='grc' dir='ltr'><strong><em>μετά</em></strong></span> <span class='ocrx_word' id='word_1_195' title='bbox 849 2131 894 2189; x_wconf 84' lang='grc' dir='ltr'><strong><em>τῆς</em></strong></span> <span class='ocrx_word' id='word_1_196' title='bbox 914 2125 1010 2183; x_wconf 85' lang='grc' dir='ltr'><strong><em>οὐσίας</em></strong></span> <span class='ocrx_word' id='word_1_197' title='bbox 1027 2127 1073 2176; x_wconf 83' lang='grc' dir='ltr'><strong><em>καὶ</em></strong></span> <span class='ocrx_word' id='word_1_198' title='bbox 1092 2123 1121 2176; x_wconf 75' lang='grc' dir='ltr'><strong><em>ἐκ</em></strong></span> <span class='ocrx_word' id='word_1_199' title='bbox 1135 2133 1216 2193; x_wconf 80' lang='grc' dir='ltr'><strong><em>τριῶν</em></strong></span> <span class='ocrx_word' id='word_1_200' title='bbox 1230 2125 1417 2194; x_wconf 85' lang='grc' dir='ltr'><strong><em>ποιησάμενος</em></strong></span> 
     </span>
     <span class='ocr_line' id='line_1_21' title="bbox 297 2210 1415 2285; baseline -0.002 -21"><span class='ocrx_word' id='word_1_201' title='bbox 297 2211 333 2275; x_wconf 70' lang='grc' dir='ltr'><strong><em>ἓν,</em></strong></span> <span class='ocrx_word' id='word_1_202' title='bbox 353 2213 438 2263; x_wconf 86' lang='grc' dir='ltr'><strong><em>πάλιν</em></strong></span> <span class='ocrx_word' id='word_1_203' title='bbox 456 2210 520 2262; x_wconf 82' lang='grc' dir='ltr'><strong><em>ὅλον</em></strong></span> <span class='ocrx_word' id='word_1_204' title='bbox 543 2219 624 2264; x_wconf 87' lang='grc' dir='ltr'><strong><em>τοῦτο</em></strong></span> <span class='ocrx_word' id='word_1_205' title='bbox 642 2217 742 2285; x_wconf 86' lang='grc' dir='ltr'><strong><em>μοίρας</em></strong></span> <span class='ocrx_word' id='word_1_206' title='bbox 761 2212 828 2271; x_wconf 85' lang='grc' dir='ltr'><strong><em>ὅσας</em></strong></span> <span class='ocrx_word' id='word_1_207' title='bbox 847 2219 966 2284; x_wconf 82' lang='grc' dir='ltr'><strong><em>προσῆκε</em></strong></span> <span class='ocrx_word' id='word_1_208' title='bbox 985 2211 1128 2283; x_wconf 85' lang='grc' dir='ltr'><strong><em>διένειμεν,</em></strong></span> <span class='ocrx_word' id='word_1_209' title='bbox 1155 2211 1273 2277; x_wconf 79' lang='grc' dir='ltr'><strong><em>ἑκάστην</em></strong></span> <span class='ocrx_word' id='word_1_210' title='bbox 1290 2211 1323 2264; x_wconf 82' lang='grc' dir='ltr'><strong><em>δὲ</em></strong></span> <span class='ocrx_word' id='word_1_211' title='bbox 1341 2211 1370 2263; x_wconf 75' lang='grc' dir='ltr'><strong><em>ἔτι</em></strong></span> <span class='ocrx_word' id='word_1_212' title='bbox 1388 2227 1415 2262; x_wconf 90' lang='grc' dir='ltr'><strong><em>τε</em></strong></span> 
     </span>
     <span class='ocr_line' id='line_1_22' title="bbox 298 2296 1413 2373; baseline -0.001 -21"><span class='ocrx_word' id='word_1_213' title='bbox 298 2301 401 2352; x_wconf 90' lang='grc' dir='ltr'><strong><em>ταύτοῦ</em></strong></span> <span class='ocrx_word' id='word_1_214' title='bbox 417 2303 464 2352; x_wconf 81' lang='grc' dir='ltr'><strong><em>καὶ</em></strong></span> <span class='ocrx_word' id='word_1_215' title='bbox 481 2302 603 2373; x_wconf 86' lang='grc' dir='ltr'><strong><em>θατέρου</em></strong></span> <span class='ocrx_word' id='word_1_216' title='bbox 620 2304 666 2352; x_wconf 82' lang='grc' dir='ltr'><strong><em>καὶ</em></strong></span> <span class='ocrx_word' id='word_1_217' title='bbox 686 2308 731 2366; x_wconf 80' lang='grc' dir='ltr'><strong><em>τῆς</em></strong></span> <span class='ocrx_word' id='word_1_218' title='bbox 751 2301 847 2359; x_wconf 82' lang='grc' dir='ltr'><strong><em>οὐσίας</em></strong></span> <span class='ocrx_word' id='word_1_219' title='bbox 863 2303 1040 2371; x_wconf 78' lang='grc' dir='ltr'><strong><em>μεμιγμένην</em></strong></span> <span class='ocrx_word' id='word_1_220' title='bbox 1056 2301 1112 2352; x_wconf 83' lang='grc' dir='ltr'><strong><em>κτλ.</em></strong></span> <span class='ocrx_word' id='word_1_221' title='bbox 1152 2296 1190 2352; x_wconf 81' lang='lat' dir='ltr'><strong><em>Ol.</em></strong></span> <span class='ocrx_word' id='word_1_222' title='bbox 1209 2298 1322 2364; x_wconf 85' lang='lat' dir='ltr'><strong>Boeckh‚</strong></span> <span class='ocrx_word' id='word_1_223' title='bbox 1341 2305 1369 2352; x_wconf 84' lang='lat' dir='ltr'><strong>tl.</strong></span> <span class='ocrx_word' id='word_1_224' title='bbox 1388 2297 1413 2351; x_wconf 80' lang='grc' dir='ltr'><strong><em>ό.</em></strong></span> 
     </span>
     <span class='ocr_line' id='line_1_23' title="bbox 297 2385 1414 2454; baseline -0.001 -14"><span class='ocrx_word' id='word_1_225' title='bbox 297 2386 424 2452; x_wconf 70' lang='lat' dir='ltr'><strong>Rusone</strong></span> <span class='ocrx_word' id='word_1_226' title='bbox 444 2386 470 2440; x_wconf 77' lang='lat' dir='ltr'><strong><em>d.</em></strong></span> <span class='ocrx_word' id='word_1_227' title='bbox 495 2386 634 2442; x_wconf 82' lang='lat' dir='ltr'><strong>Weltscele</strong></span> <span class='ocrx_word' id='word_1_228' title='bbox 652 2388 687 2440; x_wconf 82' lang='lat' dir='ltr'><strong><em>im</em></strong></span> <span class='ocrx_word' id='word_1_229' title='bbox 707 2388 773 2440; x_wconf 84' lang='grc' dir='ltr'><strong><em>Τιἀι.</em></strong></span> <span class='ocrx_word' id='word_1_230' title='bbox 794 2386 820 2440; x_wconf 84' lang='grc' dir='ltr'><strong><em>δ.</em></strong></span> <span class='ocrx_word' id='word_1_231' title='bbox 839 2386 893 2454; x_wconf 85' lang='grc' dir='ltr'><strong><em>Ρί.,</em></strong></span> <span class='ocrx_word' id='word_1_232' title='bbox 911 2387 939 2441; x_wconf 89' lang='lat' dir='ltr'><strong><em>in</em></strong></span> <span class='ocrx_word' id='word_1_233' title='bbox 953 2385 1055 2442; x_wconf 85' lang='lat' dir='ltr'><strong>Studiis</strong></span> <span class='ocrx_word' id='word_1_234' title='bbox 1073 2403 1090 2439; x_wconf 83' lang='lat' dir='ltr'><strong>a</strong></span> <span class='ocrx_word' id='word_1_235' title='bbox 1106 2387 1192 2441; x_wconf 83' lang='lat' dir='ltr'><strong>Daub.</strong></span> <span class='ocrx_word' id='word_1_236' title='bbox 1207 2389 1235 2440; x_wconf 88' lang='lat' dir='ltr'><strong>et</strong></span> <span class='ocrx_word' id='word_1_237' title='bbox 1249 2385 1338 2441; x_wconf 84' lang='lat' dir='ltr'><strong>Creuz.</strong></span> <span class='ocrx_word' id='word_1_238' title='bbox 1352 2387 1414 2440; x_wconf 81' lang='lat' dir='ltr'><strong>edit.</strong></span> 
     </span>
     <span class='ocr_line' id='line_1_24' title="bbox 298 2473 1418 2547; baseline 0.001 -19"><span class='ocrx_word' id='word_1_239' title='bbox 298 2475 347 2529; x_wconf 91' lang='lat' dir='ltr'><strong>vol.</strong></span> <span class='ocrx_word' id='word_1_240' title='bbox 366 2473 406 2528; x_wconf 90' lang='grc' dir='ltr'><strong><em>ΙΠ</em></strong></span> <span class='ocrx_word' id='word_1_241' title='bbox 424 2474 530 2542; x_wconf 89' lang='grc'><strong><em>(1806),</em></strong></span> <span class='ocrx_word' id='word_1_242' title='bbox 550 2477 650 2530; x_wconf 87' lang='grc'><strong>1-90</strong></span> <span class='ocrx_word' id='word_1_243' title='bbox 676 2473 733 2541; x_wconf 88' lang='lat' dir='ltr'><strong>(Kl.</strong></span> <span class='ocrx_word' id='word_1_244' title='bbox 753 2473 827 2529; x_wconf 69' lang='grc' dir='ltr'><strong><em>θοῦν.</em></strong></span> <span class='ocrx_word' id='word_1_245' title='bbox 852 2475 900 2542; x_wconf 88' lang='grc' dir='ltr'><strong><em>ΠΙ,</em></strong></span> <span class='ocrx_word' id='word_1_246' title='bbox 921 2475 1040 2545; x_wconf 81' lang='lat' dir='ltr'><strong>109sq.).</strong></span> <span class='ocrx_word' id='word_1_247' title='bbox 1076 2475 1185 2543; x_wconf 87' lang='lat' dir='ltr'><strong>Bonitz‚</strong></span> <span class='ocrx_word' id='word_1_248' title='bbox 1204 2476 1340 2547; x_wconf 80' lang='lat' dir='ltr'><strong>Disputat.</strong></span> <span class='ocrx_word' id='word_1_249' title='bbox 1358 2475 1418 2528; x_wconf 82' lang='lat' dir='ltr'><strong>Pla-</strong></span> 
     </span>
     <span class='ocr_line' id='line_1_25' title="bbox 298 2549 1415 2634; baseline 0.001 -17"><span class='ocrx_word' id='word_1_250' title='bbox 298 2563 399 2617; x_wconf 88' lang='lat' dir='ltr'><strong>tonicae</strong></span> <span class='ocrx_word' id='word_1_251' title='bbox 413 2563 479 2616; x_wconf 86' lang='lat' dir='ltr'><strong>duae</strong></span> <span class='ocrx_word' id='word_1_252' title='bbox 497 2581 522 2634; x_wconf 91' lang='lat' dir='ltr'><strong><em>p.</em></strong></span> <span class='ocrx_word' id='word_1_253' title='bbox 532 2564 646 2619; x_wconf 84' lang='grc'>47-88.</span> <span class='ocrx_word' id='word_1_254' title='bbox 674 2563 708 2617; x_wconf 92' lang='grc' dir='ltr'><strong><em>Η.</em></strong></span> <span class='ocrx_word' id='word_1_255' title='bbox 718 2563 826 2630; x_wconf 82' lang='lat' dir='ltr'><strong>Martio,</strong></span> <span class='ocrx_word' id='word_1_256' title='bbox 845 2549 952 2617; x_wconf 73' lang='grc' dir='ltr'><strong><em>Είαδεε</em></strong></span> <span class='ocrx_word' id='word_1_257' title='bbox 966 2581 1015 2617; x_wconf 80' lang='lat' dir='ltr'><strong>eur</strong></span> <span class='ocrx_word' id='word_1_258' title='bbox 1029 2565 1052 2618; x_wconf 83' lang='lat' dir='ltr'><strong><em>le</em></strong></span> <span class='ocrx_word' id='word_1_259' title='bbox 1063 2561 1149 2618; x_wconf 81' lang='grc' dir='ltr'><strong><em>Τι’ωέε</em></strong></span> <span class='ocrx_word' id='word_1_260' title='bbox 1160 2564 1192 2619; x_wconf 82' lang='grc' dir='ltr'><strong><em>δε</em></strong></span> <span class='ocrx_word' id='word_1_261' title='bbox 1201 2563 1253 2630; x_wconf 83' lang='grc' dir='ltr'><strong><em>Ρλ.,</em></strong></span> <span class='ocrx_word' id='word_1_262' title='bbox 1268 2565 1326 2618; x_wconf 84' lang='lat' dir='ltr'><strong>Pur.</strong></span> <span class='ocrx_word' id='word_1_263' title='bbox 1339 2565 1415 2630; x_wconf 84' lang='lat'>1841,</span> 
     </span>
    </p>
   </div>
   <div class='ocr_carea' id='block_1_5' title="bbox 297 2651 1134 2836">
    <p class='ocr_par' dir='ltr' id='par_1_6' title="bbox 297 2651 1134 2836">
     <span class='ocr_line' id='line_1_26' title="bbox 297 2651 1134 2722; baseline 0.001 -17"><span class='ocrx_word' id='word_1_264' title='bbox 297 2652 319 2720; x_wconf 95' lang='grc' dir='ltr'><strong><em>Ι,</em></strong></span> <span class='ocrx_word' id='word_1_265' title='bbox 339 2653 392 2707; x_wconf 87' lang='grc'><strong><em>346</em></strong></span> <span class='ocrx_word' id='word_1_266' title='bbox 401 2667 454 2722; x_wconf 87' lang='lat' dir='ltr'><strong>sq.;</strong></span> <span class='ocrx_word' id='word_1_267' title='bbox 473 2651 502 2706; x_wconf 84' lang='lat' dir='ltr'><strong><em>F.</em></strong></span> <span class='ocrx_word' id='word_1_268' title='bbox 520 2652 670 2720; x_wconf 84' lang='lat' dir='ltr'><strong>Ueberweg‚</strong></span> <span class='ocrx_word' id='word_1_269' title='bbox 688 2651 757 2705; x_wconf 91' lang='lat' dir='ltr'><strong>Mus.</strong></span> <span class='ocrx_word' id='word_1_270' title='bbox 776 2652 827 2706; x_wconf 86' lang='lat' dir='ltr'><strong><em>Rh.</em></strong></span> <span class='ocrx_word' id='word_1_271' title='bbox 846 2651 884 2704; x_wconf 91' lang='lat' dir='ltr'><strong><em>IX</em></strong></span> <span class='ocrx_word' id='word_1_272' title='bbox 903 2652 1001 2719; x_wconf 79' lang='lat'>(1854),</span> <span class='ocrx_word' id='word_1_273' title='bbox 1021 2653 1134 2708; x_wconf 79' lang='lat'><strong>37—84.</strong></span> 
     </span>
     <span class='ocr_line' id='line_1_27' title="bbox 369 2775 620 2836; baseline -0.008 -4"><span class='ocrx_word' id='word_1_274' title='bbox 369 2790 397 2836; x_wconf 77' lang='lat' dir='ltr'><strong><em>o.</em></strong></span> <span class='ocrx_word' id='word_1_275' title='bbox 416 2775 454 2830; x_wconf 80' lang='lat' dir='ltr'><strong><em>cf.</em></strong></span> <span class='ocrx_word' id='word_1_276' title='bbox 473 2781 516 2830; x_wconf 75' lang='grc' dir='ltr'><strong><em>ΒΡ</em></strong></span> <span class='ocrx_word' id='word_1_277' title='bbox 535 2775 620 2831; x_wconf 72' lang='grc'><strong>2611).</strong></span> 
     </span>
    </p>
   </div>
   <div class='ocr_carea' id='block_1_6' title="bbox 109 3018 1463 3111">
    <p class='ocr_par' dir='ltr' id='par_1_7' title="bbox 109 3018 1463 3111">
     <span class='ocr_line' id='line_1_28' title="bbox 109 3018 1463 3111; baseline 0.006 -30"><span class='ocrx_word' id='word_1_278' title='bbox 109 3038 265 3082; x_wconf 67' lang='lat' dir='ltr'><strong>extenuatio</strong></span> <span class='ocrx_word' id='word_1_279' title='bbox 365 3026 445 3090; x_wconf 82' lang='lat' dir='ltr'><strong>Tim.</strong></span> <span class='ocrx_word' id='word_1_280' title='bbox 470 3033 511 3090; x_wconf 85' lang='grc'><strong><em>34</em></strong></span> <span class='ocrx_word' id='word_1_281' title='bbox 523 3027 560 3088; x_wconf 87' lang='lat' dir='ltr'><strong><em>A.</em></strong></span> <span class='ocrx_word' id='word_1_282' title='bbox 605 3018 706 3101; x_wconf 77' lang='grc' dir='ltr'><strong><em>Οὗτος</em></strong></span> <span class='ocrx_word' id='word_1_283' title='bbox 729 3024 768 3111; x_wconf 79' lang='grc' dir='ltr'><strong><em>δὴ</em></strong></span> <span class='ocrx_word' id='word_1_284' title='bbox 791 3034 859 3102; x_wconf 81' lang='grc' dir='ltr'><strong><em>πᾶς</em></strong></span> <span class='ocrx_word' id='word_1_285' title='bbox 881 3021 973 3102; x_wconf 83' lang='grc' dir='ltr'><strong><em>όντος</em></strong></span> <span class='ocrx_word' id='word_1_286' title='bbox 995 3023 1046 3090; x_wconf 78' lang='grc' dir='ltr'><strong><em>ἀεὶ</em></strong></span> <span class='ocrx_word' id='word_1_287' title='bbox 1069 3024 1221 3108; x_wconf 88' lang='grc' dir='ltr'><strong><em>λογισμὸς</em></strong></span> <span class='ocrx_word' id='word_1_288' title='bbox 1243 3028 1324 3090; x_wconf 84' lang='grc' dir='ltr'><strong><em>θεοῦ</em></strong></span> <span class='ocrx_word' id='word_1_289' title='bbox 1340 3021 1417 3110; x_wconf 79' lang='grc' dir='ltr'><strong><em>περὶ</em></strong></span> <span class='ocrx_word' id='word_1_290' title='bbox 1425 3056 1463 3097; x_wconf 63' lang='grc' dir='ltr'><strong><em>εις</em></strong></span> 
     </span>
    </p>
   </div>
   <div class='ocr_carea' id='block_1_7' title="bbox 149 3093 1417 3218">
    <p class='ocr_par' dir='ltr' id='par_1_8' title="bbox 149 3093 1417 3218">
     <span class='ocr_line' id='line_1_29' title="bbox 149 3093 1417 3142; baseline -0.016 -8"><span class='ocrx_word' id='word_1_291' title='bbox 149 3093 225 3134; x_wconf 83' lang='lat' dir='ltr'><strong>mundi</strong></span> <span class='ocrx_word' id='word_1_292' title='bbox 1402 3129 1417 3142; x_wconf 81' lang='lat'>.</span> 
     </span>
     <span class='ocr_line' id='line_1_30' title="bbox 298 3129 1416 3218; baseline -0.002 -21"><span class='ocrx_word' id='word_1_293' title='bbox 298 3132 354 3199; x_wconf 84' lang='grc' dir='ltr'><strong><em>τὸν</em></strong></span> <span class='ocrx_word' id='word_1_294' title='bbox 377 3129 461 3196; x_wconf 81' lang='grc' dir='ltr'><strong><em>ποτὲ</em></strong></span> <span class='ocrx_word' id='word_1_295' title='bbox 483 3129 631 3213; x_wconf 76' lang='grc' dir='ltr'><strong><em>ἐσόμενον</em></strong></span> <span class='ocrx_word' id='word_1_296' title='bbox 649 3132 728 3198; x_wconf 81' lang='grc' dir='ltr'><strong><em>θεὸν</em></strong></span> <span class='ocrx_word' id='word_1_297' title='bbox 750 3129 917 3216; x_wconf 74' lang='grc' dir='ltr'><strong><em>λογισθεὶς</em></strong></span> <span class='ocrx_word' id='word_1_298' title='bbox 940 3131 1026 3198; x_wconf 88' lang='grc' dir='ltr'><strong><em>λεῖον</em></strong></span> <span class='ocrx_word' id='word_1_299' title='bbox 1048 3129 1106 3196; x_wconf 82' lang='grc' dir='ltr'><strong><em>καὶ</em></strong></span> <span class='ocrx_word' id='word_1_300' title='bbox 1122 3129 1244 3214; x_wconf 89' lang='grc' dir='ltr'><strong><em>όμαλδν</em></strong></span> <span class='ocrx_word' id='word_1_301' title='bbox 1267 3155 1416 3218; x_wconf 78' lang='grc' dir='ltr'><strong><em>πανταχη</em></strong></span> 
     </span>
    </p>
   </div>
   <div class='ocr_carea' id='block_1_8' title="bbox 200 3233 1418 4067">
    <p class='ocr_par' dir='ltr' id='par_1_9' title="bbox 296 3233 1418 3644">
     <span class='ocr_line' id='line_1_31' title="bbox 298 3233 1418 3321; baseline -0.004 -17"><span class='ocrx_word' id='word_1_302' title='bbox 298 3262 333 3304; x_wconf 84' lang='grc' dir='ltr'><strong><em>τε</em></strong></span> <span class='ocrx_word' id='word_1_303' title='bbox 362 3237 398 3304; x_wconf 80' lang='grc' dir='ltr'><strong><em>ἐκ</em></strong></span> <span class='ocrx_word' id='word_1_304' title='bbox 427 3235 526 3321; x_wconf 85' lang='grc' dir='ltr'><strong><em>μέσον</em></strong></span> <span class='ocrx_word' id='word_1_305' title='bbox 548 3233 626 3304; x_wconf 73' lang='grc' dir='ltr'><strong><em>ἴσον</em></strong></span> <span class='ocrx_word' id='word_1_306' title='bbox 642 3235 699 3304; x_wconf 86' lang='grc' dir='ltr'><strong><em>καὶ</em></strong></span> <span class='ocrx_word' id='word_1_307' title='bbox 728 3237 802 3304; x_wconf 82' lang='grc' dir='ltr'><strong><em>ὅλον</em></strong></span> <span class='ocrx_word' id='word_1_308' title='bbox 824 3236 882 3304; x_wconf 83' lang='grc' dir='ltr'><strong><em>καὶ</em></strong></span> <span class='ocrx_word' id='word_1_309' title='bbox 903 3236 1013 3303; x_wconf 82' lang='grc' dir='ltr'><strong><em>τέλεον</em></strong></span> <span class='ocrx_word' id='word_1_310' title='bbox 1046 3235 1083 3302; x_wconf 75' lang='grc' dir='ltr'><strong><em>ἐκ</em></strong></span> <span class='ocrx_word' id='word_1_311' title='bbox 1116 3234 1234 3302; x_wconf 83' lang='grc' dir='ltr'><strong><em>τελέων</em></strong></span> <span class='ocrx_word' id='word_1_312' title='bbox 1255 3236 1418 3320; x_wconf 84' lang='grc' dir='ltr'><strong><em>σωμάτιον</em></strong></span> 
     </span>
     <span class='ocr_line' id='line_1_32' title="bbox 298 3341 1418 3433; baseline -0.003 -23"><span class='ocrx_word' id='word_1_313' title='bbox 298 3357 394 3428; x_wconf 80' lang='grc' dir='ltr'><strong><em>σῶμα</em></strong></span> <span class='ocrx_word' id='word_1_314' title='bbox 418 3342 579 3433; x_wconf 58' lang='lat' dir='ltr'><strong>castores.</strong></span> <span class='ocrx_word' id='word_1_315' title='bbox 612 3346 717 3432; x_wconf 79' lang='grc' dir='ltr'><strong><em>ψυχὴν</em></strong></span> <span class='ocrx_word' id='word_1_316' title='bbox 733 3343 770 3410; x_wconf 78' lang='grc' dir='ltr'><strong><em>δὲ</em></strong></span> <span class='ocrx_word' id='word_1_317' title='bbox 791 3341 838 3422; x_wconf 83' lang='grc' dir='ltr'><strong><em>εἷς</em></strong></span> <span class='ocrx_word' id='word_1_318' title='bbox 860 3345 898 3410; x_wconf 84' lang='grc' dir='ltr'><strong><em>ιδ</em></strong></span> <span class='ocrx_word' id='word_1_319' title='bbox 920 3342 1018 3428; x_wconf 86' lang='grc' dir='ltr'><strong><em>μέσον</em></strong></span> <span class='ocrx_word' id='word_1_320' title='bbox 1041 3342 1140 3409; x_wconf 81' lang='grc' dir='ltr'><strong><em>αὐτοῦ</em></strong></span> <span class='ocrx_word' id='word_1_321' title='bbox 1161 3341 1235 3421; x_wconf 79' lang='grc' dir='ltr'><strong><em>θεὶς</em></strong></span> <span class='ocrx_word' id='word_1_322' title='bbox 1258 3343 1315 3410; x_wconf 85' lang='grc' dir='ltr'><strong><em>διὰ</em></strong></span> <span class='ocrx_word' id='word_1_323' title='bbox 1331 3369 1418 3408; x_wconf 85' lang='grc' dir='ltr'><strong><em>παν-</em></strong></span> 
     </span>
     <span class='ocr_line' id='line_1_33' title="bbox 298 3445 1417 3538; baseline -0.003 -21"><span class='ocrx_word' id='word_1_324' title='bbox 298 3451 353 3529; x_wconf 86' lang='grc' dir='ltr'><strong><em>τός</em></strong></span> <span class='ocrx_word' id='word_1_325' title='bbox 386 3475 421 3518; x_wconf 89' lang='grc' dir='ltr'><strong><em>τε</em></strong></span> <span class='ocrx_word' id='word_1_326' title='bbox 455 3447 554 3516; x_wconf 71' lang='grc' dir='ltr'><strong><em>ἔτεινε</em></strong></span> <span class='ocrx_word' id='word_1_327' title='bbox 583 3449 639 3516; x_wconf 85' lang='grc' dir='ltr'><strong><em>καὶ</em></strong></span> <span class='ocrx_word' id='word_1_328' title='bbox 669 3446 718 3516; x_wconf 71' lang='grc' dir='ltr'><strong><em>ἔτι</em></strong></span> <span class='ocrx_word' id='word_1_329' title='bbox 749 3445 872 3529; x_wconf 71' lang='grc' dir='ltr'><strong><em>ἔξωθεν</em></strong></span> <span class='ocrx_word' id='word_1_330' title='bbox 901 3451 939 3516; x_wconf 87' lang='grc' dir='ltr'><strong><em>τὸ</em></strong></span> <span class='ocrx_word' id='word_1_331' title='bbox 969 3463 1064 3525; x_wconf 82' lang='grc' dir='ltr'><strong><em>σῶμα</em></strong></span> <span class='ocrx_word' id='word_1_332' title='bbox 1088 3448 1172 3538; x_wconf 77' lang='grc' dir='ltr'><strong><em>αὐτῇ</em></strong></span> <span class='ocrx_word' id='word_1_333' title='bbox 1195 3449 1417 3538; x_wconf 79' lang='grc' dir='ltr'><strong><em>περιεκάλυψε</em></strong></span> 
     </span>
     <span class='ocr_line' id='line_1_34' title="bbox 296 3553 1418 3644; baseline -0.002 -22"><span class='ocrx_word' id='word_1_334' title='bbox 296 3556 427 3644; x_wconf 52' lang='grc' dir='ltr'><strong><em>ταύτῃδ,</em></strong></span> <span class='ocrx_word' id='word_1_335' title='bbox 451 3555 508 3622; x_wconf 84' lang='grc' dir='ltr'><strong><em>καὶ</em></strong></span> <span class='ocrx_word' id='word_1_336' title='bbox 531 3556 637 3642; x_wconf 80' lang='grc' dir='ltr'><em>κύκλῳ</em></span> <span class='ocrx_word' id='word_1_337' title='bbox 660 3556 700 3643; x_wconf 76' lang='grc' dir='ltr'><strong><em>δη</em></strong></span> <span class='ocrx_word' id='word_1_338' title='bbox 716 3556 832 3622; x_wconf 79' lang='grc' dir='ltr'><strong><em>κύκλον</em></strong></span> <span class='ocrx_word' id='word_1_339' title='bbox 847 3555 1062 3643; x_wconf 80' lang='grc' dir='ltr'><strong><em>στρεφόμενον</em></strong></span> <span class='ocrx_word' id='word_1_340' title='bbox 1086 3554 1219 3644; x_wconf 86' lang='grc' dir='ltr'><strong><em>οὐρανὸν</em></strong></span> <span class='ocrx_word' id='word_1_341' title='bbox 1241 3553 1297 3620; x_wconf 73' lang='grc' dir='ltr'><strong><em>ἕνα</em></strong></span> <span class='ocrx_word' id='word_1_342' title='bbox 1320 3555 1418 3639; x_wconf 91' lang='grc' dir='ltr'><strong><em>μόνον</em></strong></span> 
     </span>
    </p>

    <p class='ocr_par' dir='ltr' id='par_1_10' title="bbox 200 3649 1417 4067">
     <span class='ocr_line' id='line_1_35' title="bbox 200 3649 1416 3751; baseline 0.002 -27"><span class='ocrx_word' id='word_1_343' title='bbox 200 3717 203 3724; x_wconf 93' lang='grc'><em>.</em></span> <span class='ocrx_word' id='word_1_344' title='bbox 296 3657 416 3751; x_wconf 67' lang='grc' dir='ltr'><strong><em>ἔρημον</em></strong></span> <span class='ocrx_word' id='word_1_345' title='bbox 438 3660 624 3749; x_wconf 84' lang='grc' dir='ltr'><strong><em>κατέστησε,</em></strong></span> <span class='ocrx_word' id='word_1_346' title='bbox 648 3649 695 3728; x_wconf 47' lang='grc' dir='ltr'><strong><em>δι)</em></strong></span> <span class='ocrx_word' id='word_1_347' title='bbox 721 3661 836 3750; x_wconf 79' lang='grc' dir='ltr'><strong><em>ἀρετὴν</em></strong></span> <span class='ocrx_word' id='word_1_348' title='bbox 858 3660 895 3728; x_wconf 82' lang='grc' dir='ltr'><strong><em>δὲ</em></strong></span> <span class='ocrx_word' id='word_1_349' title='bbox 914 3659 1012 3728; x_wconf 85' lang='grc' dir='ltr'><strong><em>αὐτὸν</em></strong></span> <span class='ocrx_word' id='word_1_350' title='bbox 1035 3660 1123 3748; x_wconf 73' lang='grc' dir='ltr'><strong><em>αὐτῷ</em></strong></span> <span class='ocrx_word' id='word_1_351' title='bbox 1145 3661 1319 3744; x_wconf 80' lang='grc' dir='ltr'><strong><em>δυνάμενον</em></strong></span> <span class='ocrx_word' id='word_1_352' title='bbox 1341 3661 1416 3747; x_wconf 83' lang='grc' dir='ltr'><strong><em>ξυγ·</em></strong></span> 
     </span>
     <span class='ocr_line' id='line_1_36' title="bbox 298 3765 1417 3855; baseline -0.003 -19"><span class='ocrx_word' id='word_1_353' title='bbox 298 3766 549 3855; x_wconf 77' lang='grc' dir='ltr'><strong><em>γίγνεσθαικαὶ</em></strong></span> <span class='ocrx_word' id='word_1_354' title='bbox 572 3766 698 3845; x_wconf 83' lang='grc' dir='ltr'><strong><em>οὐδενὸς</em></strong></span> <span class='ocrx_word' id='word_1_355' title='bbox 721 3765 831 3854; x_wconf 70' lang='grc' dir='ltr'><strong><em>ἑτέρου</em></strong></span> <span class='ocrx_word' id='word_1_356' title='bbox 854 3767 1098 3855; x_wconf 85' lang='grc' dir='ltr'><strong><em>προσδεόμενον,</em></strong></span> <span class='ocrx_word' id='word_1_357' title='bbox 1120 3767 1279 3855; x_wconf 85' lang='grc' dir='ltr'><strong><em>γνώριμον</em></strong></span> <span class='ocrx_word' id='word_1_358' title='bbox 1302 3765 1417 3834; x_wconf 76' lang='grc' dir='ltr'><strong><em>δὲκαὶ</em></strong></span> 
     </span>
     <span class='ocr_line' id='line_1_37' title="bbox 299 3870 1416 3965; baseline -0.004 -23"><span class='ocrx_word' id='word_1_359' title='bbox 299 3873 396 3965; x_wconf 77' lang='grc' dir='ltr'><strong><em>φίλον</em></strong></span> <span class='ocrx_word' id='word_1_360' title='bbox 419 3870 537 3952; x_wconf 72' lang='grc' dir='ltr'><strong><em>ἱκανῶς</em></strong></span> <span class='ocrx_word' id='word_1_361' title='bbox 560 3871 657 3939; x_wconf 85' lang='grc' dir='ltr'><strong><em>αὐτὸν</em></strong></span> <span class='ocrx_word' id='word_1_362' title='bbox 680 3871 795 3960; x_wconf 52' lang='lat' dir='ltr'><strong>atreb.</strong></span> <span class='ocrx_word' id='word_1_363' title='bbox 842 3873 898 3938; x_wconf 83' lang='grc' dir='ltr'><strong><em>διὰ</em></strong></span> <span class='ocrx_word' id='word_1_364' title='bbox 920 3873 1031 3940; x_wconf 85' lang='grc' dir='ltr'><strong><em>πάντα</em></strong></span> <span class='ocrx_word' id='word_1_365' title='bbox 1056 3874 1095 3962; x_wconf 79' lang='grc' dir='ltr'><strong><em>δὴ</em></strong></span> <span class='ocrx_word' id='word_1_366' title='bbox 1118 3885 1222 3940; x_wconf 83' lang='grc' dir='ltr'><strong><em>ταῦτα</em></strong></span> <span class='ocrx_word' id='word_1_367' title='bbox 1241 3871 1416 3957; x_wconf 84' lang='grc' dir='ltr'><strong><em>εὐδαίμονα</em></strong></span> 
     </span>
     <span class='ocr_line' id='line_1_38' title="bbox 298 3978 716 4067; baseline -0.014 -18"><span class='ocrx_word' id='word_1_368' title='bbox 298 3985 378 4049; x_wconf 84' lang='grc' dir='ltr'><strong><em>θεὸν</em></strong></span> <span class='ocrx_word' id='word_1_369' title='bbox 401 3979 497 4046; x_wconf 83' lang='grc' dir='ltr'><strong><em>αὐτόν</em></strong></span> <span class='ocrx_word' id='word_1_370' title='bbox 520 3978 716 4067; x_wconf 75' lang='grc' dir='ltr'><strong><em>ἐγεννήσατο.</em></strong></span> 
     </span>
    </p>
   </div>
   <div class='ocr_carea' id='block_1_9' title="bbox 299 4138 1418 4476">
    <p class='ocr_par' dir='ltr' id='par_1_11' title="bbox 299 4138 1418 4476">
     <span class='ocr_line' id='line_1_39' title="bbox 371 4138 1417 4210; baseline -0.003 -15"><span class='ocrx_word' id='word_1_371' title='bbox 371 4154 399 4195; x_wconf 83' lang='grc' dir='ltr'><strong><em>ο.</em></strong></span> <span class='ocrx_word' id='word_1_372' title='bbox 414 4138 549 4209; x_wconf 79' lang='lat' dir='ltr'><strong>Copiosius</strong></span> <span class='ocrx_word' id='word_1_373' title='bbox 557 4138 586 4193; x_wconf 92' lang='lat' dir='ltr'><strong><em>id</em></strong></span> <span class='ocrx_word' id='word_1_374' title='bbox 595 4139 733 4209; x_wconf 88' lang='lat' dir='ltr'><strong>exponitur</strong></span> <span class='ocrx_word' id='word_1_375' title='bbox 739 4139 805 4194; x_wconf 78' lang='lat' dir='ltr'><strong>lim.</strong></span> <span class='ocrx_word' id='word_1_376' title='bbox 815 4141 849 4194; x_wconf 88' lang='lat'><strong><em>31</em></strong></span> <span class='ocrx_word' id='word_1_377' title='bbox 860 4139 882 4193; x_wconf 96' lang='grc' dir='ltr'>Β</span> <span class='ocrx_word' id='word_1_378' title='bbox 893 4155 930 4210; x_wconf 89' lang='lat' dir='ltr'><strong>sq.</strong></span> <span class='ocrx_word' id='word_1_379' title='bbox 951 4140 1067 4194; x_wconf 87' lang='lat' dir='ltr'><strong>Mundus</strong></span> <span class='ocrx_word' id='word_1_380' title='bbox 1077 4140 1183 4194; x_wconf 83' lang='lat' dir='ltr'><strong>constet</strong></span> <span class='ocrx_word' id='word_1_381' title='bbox 1192 4155 1223 4192; x_wconf 88' lang='lat' dir='ltr'><strong><em>ex</em></strong></span> <span class='ocrx_word' id='word_1_382' title='bbox 1232 4141 1360 4209; x_wconf 84' lang='lat' dir='ltr'><strong>quattuor</strong></span> <span class='ocrx_word' id='word_1_383' title='bbox 1369 4139 1417 4192; x_wconf 86' lang='lat' dir='ltr'><strong>elo·</strong></span> 
     </span>
     <span class='ocr_line' id='line_1_40' title="bbox 299 4227 1417 4298; baseline -0.002 -16"><span class='ocrx_word' id='word_1_384' title='bbox 299 4229 403 4294; x_wconf 85' lang='lat' dir='ltr'><strong>mentis,</strong></span> <span class='ocrx_word' id='word_1_385' title='bbox 423 4245 489 4296; x_wconf 79' lang='lat' dir='ltr'><strong>quse</strong></span> <span class='ocrx_word' id='word_1_386' title='bbox 499 4227 641 4281; x_wconf 85' lang='lat' dir='ltr'><strong>secundum</strong></span> <span class='ocrx_word' id='word_1_387' title='bbox 650 4228 830 4296; x_wconf 80' lang='lat' dir='ltr'><strong>Pythagoreos</strong></span> <span class='ocrx_word' id='word_1_388' title='bbox 840 4231 894 4295; x_wconf 71' lang='lat' dir='ltr'><strong><em>(BP</em></strong></span> <span class='ocrx_word' id='word_1_389' title='bbox 905 4228 950 4293; x_wconf 79' lang='grc'><strong><em>67)</em></strong></span> <span class='ocrx_word' id='word_1_390' title='bbox 959 4228 1109 4282; x_wconf 78' lang='lat' dir='ltr'><strong>referuntur</strong></span> <span class='ocrx_word' id='word_1_391' title='bbox 1119 4228 1152 4281; x_wconf 82' lang='lat' dir='ltr'><strong><em>ed</em></strong></span> <span class='ocrx_word' id='word_1_392' title='bbox 1162 4243 1270 4298; x_wconf 81' lang='lat' dir='ltr'><strong>corpora</strong></span> <span class='ocrx_word' id='word_1_393' title='bbox 1278 4227 1417 4296; x_wconf 81' lang='lat' dir='ltr'><strong>regulario,</strong></span> 
     </span>
     <span class='ocr_line' id='line_1_41' title="bbox 299 4315 1417 4385; baseline -0.002 -15"><span class='ocrx_word' id='word_1_394' title='bbox 299 4316 350 4370; x_wconf 85' lang='lat' dir='ltr'><strong>nisi</strong></span> <span class='ocrx_word' id='word_1_395' title='bbox 376 4316 445 4384; x_wconf 88' lang='lat' dir='ltr'><strong>quod</strong></span> <span class='ocrx_word' id='word_1_396' title='bbox 472 4316 648 4370; x_wconf 83' lang='lat' dir='ltr'><strong>dodeosedron</strong></span> <span class='ocrx_word' id='word_1_397' title='bbox 672 4319 809 4370; x_wconf 80' lang='lat' dir='ltr'><strong>revocatur</strong></span> <span class='ocrx_word' id='word_1_398' title='bbox 836 4317 870 4370; x_wconf 78' lang='lat' dir='ltr'><strong>sd</strong></span> <span class='ocrx_word' id='word_1_399' title='bbox 897 4317 1031 4385; x_wconf 83' lang='lat' dir='ltr'><strong>globosam</strong></span> <span class='ocrx_word' id='word_1_400' title='bbox 1058 4316 1170 4382; x_wconf 69' lang='lat' dir='ltr'><strong>figuram</strong></span> <span class='ocrx_word' id='word_1_401' title='bbox 1197 4316 1313 4370; x_wconf 88' lang='lat' dir='ltr'><strong>universi</strong></span> <span class='ocrx_word' id='word_1_402' title='bbox 1341 4315 1417 4382; x_wconf 77' lang='lat' dir='ltr'><strong>(Tim.</strong></span> 
     </span>
     <span class='ocr_line' id='line_1_42' title="bbox 299 4403 1418 4476; baseline 0 -18"><span class='ocrx_word' id='word_1_403' title='bbox 299 4403 425 4472; x_wconf 65' lang='lat' dir='ltr'><strong>srsssq.</strong></span> <span class='ocrx_word' id='word_1_404' title='bbox 444 4403 577 4473; x_wconf 60' lang='lat' dir='ltr'><strong>53qu).</strong></span> <span class='ocrx_word' id='word_1_405' title='bbox 614 4404 652 4460; x_wconf 86' lang='lat' dir='ltr'><strong><em>cf.</em></strong></span> <span class='ocrx_word' id='word_1_406' title='bbox 671 4405 789 4470; x_wconf 84' lang='lat' dir='ltr'><strong>Boeclrh,</strong></span> <span class='ocrx_word' id='word_1_407' title='bbox 814 4406 854 4458; x_wconf 86' lang='lat' dir='ltr'><strong><em>De</em></strong></span> <span class='ocrx_word' id='word_1_408' title='bbox 872 4405 1009 4459; x_wconf 82' lang='lat' dir='ltr'><strong>Platonica</strong></span> <span class='ocrx_word' id='word_1_409' title='bbox 1032 4405 1147 4476; x_wconf 88' lang='lat' dir='ltr'><strong>corporis</strong></span> <span class='ocrx_word' id='word_1_410' title='bbox 1171 4404 1297 4460; x_wconf 75' lang='lat' dir='ltr'><strong>mundani</strong></span> <span class='ocrx_word' id='word_1_411' title='bbox 1320 4404 1418 4458; x_wconf 71' lang='lat' dir='ltr'><strong>fabrica</strong></span> 
     </span>
    </p>
   </div>
   <div class='ocr_carea' id='block_1_10' title="bbox 0 0 1576 4980">
    <p class='ocr_par' dir='ltr' id='par_1_12' title="bbox 0 0 1576 4980">
     <span class='ocr_line' id='line_1_43' title="bbox 0 0 1576 4980; baseline 0 0"><span class='ocrx_word' id='word_1_412' title='bbox 0 0 1576 4980; x_wconf 95' lang='lat' dir='ltr'><strong><em> </em></strong></span> 
     </span>
    </p>
   </div>
  </div>
 </body>
</html>
