3156 4988
680 283 781 338 Ethica.
1234 281 1292 344 349

170 442 252 504 ἔθους
271 447 473 516 περιγίγνεται,
502 443 569 497 ὅθεν
593 447 639 497 καὶ
659 447 783 516 τοῦνομα
802 444 898 514 ἔσχηκε
915 446 1016 516 μικρὸν
1034 446 1213 517 παρεκκλίνον
1232 446 1290 498 ἀπὸ

170 542 220 586 τοῦ
238 532 327 592 ἔθους.
364 531 473 584 Moralis
493 532 526 584 ad
546 532 726 586 irrationalem
744 532 825 586 animi
842 535 945 602 partum
959 533 1084 602 pertinet,
1104 549 1170 602 quaa
1188 532 1291 600 regitur

170 620 284 687 rationo,
312 620 498 674 intellectualis
517 621 550 674 ad
568 621 735 674 rationalem:
761 619 932 675 Ecurria}
952 622 993 675 13.
1020 621 1110 675 1102b
1129 622 1164 675 33
1193 623 1235 674 ὅτι
1255 622 1286 676 tt

170 714 300 762 πείθεταί
317 730 375 770 πως
394 711 449 762 ὑπὸ
467 711 552 778 λόγου
571 712 603 762 τὸ
622 713 733 780 ίίλογον,
752 711 851 782 μηνύει
869 715 915 763 καὶ
935 713 951 776 ἡ
969 715 1132 776 νουθέτησις
1149 715 1196 763 καὶ
1211 721 1291 764 πάσα

171 798 330 869 ἐπιτίμησις
348 817 376 851 τε
394 803 440 850 καὶ
459 801 642 870 παράκλησις,
666 804 690 852 εί
709 800 740 852 oa
755 801 810 873 χρὴ
828 803 874 852 καὶ
899 809 981 852 τοῦτο
1001 802 1090 870 φάναι
1108 801 1192 868 λόγον
1210 800 1291 868 ἔχειν,

171 885 268 940 όιττόν
290 888 369 940 ἔσται
392 891 439 940 καὶ
463 889 495 940 τὸ
518 889 603 956 λόγον
627 889 705 958 ἔχον,
734 890 766 940 τό
789 889 843 960 μὲν
860 893 958 961 κυρίως
981 891 1028 940 καὶ
1046 890 1076 942 cv
1095 890 1179 957 αύτῷ,
1208 891 1240 940 τὸ
1258 883 1287 941 (λ’

171 974 264 1046 ὥσπερ
289 985 338 1028 τοῦ
361 978 464 1050 πατρὸς
483 977 646 1030 ἀκουστικόν
664 997 698 1029 τι.
735 977 882 1048 διορίζεται
907 977 938 1030 όὲ
956 980 1002 1028 καὶ
1021 979 1037 1042 ἡ
1056 978 1136 1050 ἀρετὴ
1154 978 1223 1030 κατὰ
1243 977 1293 1042 τὴν

172 1064 315 1137 διαφορὰν
342 1067 455 1131 ταύτην·
493 1067 610 1138 λέγομεν
634 1067 689 1137 γάρ
717 1067 808 1134 αὐτῶν
836 1067 884 1126 τάς
910 1066 964 1137 μὲν
991 1065 1168 1131 όιανοητικὰς
1191 1065 1241 1124 τὰς
1260 1063 1290 1116 δὲ
1367 1081 1370 1084 ·

171 1155 282 1220 ἠθικός,
308 1157 413 1224 σοφίαν
437 1154 490 1224 μὲν
507 1158 554 1206 καὶ
574 1155 686 1207 σύνεσιν
703 1159 750 1207 καὶ
770 1153 1114 1227 φρόνησινόιανοητικάς,
1140 1153 1292 1226 ἐλευθεριό-

172 1261 239 1308 τητα
260 1241 290 1294 δὲ
309 1245 354 1294 καὶ
375 1243 557 1313 σωφροσύνην
575 1243 679 1308 ἠθικάς.
716 1241 756 1294 Ex
774 1241 997 1294 intellectualibus
1020 1241 1165 1294 uirtutibus
1189 1239 1223 1292 ad
1246 1239 1292 1292 ho·

171 1329 271 1382 minum
290 1328 398 1381 consilia
416 1329 530 1396 roganda
555 1329 611 1382 sola
630 1331 762 1404 φρόνησις
780 1329 865 1396 valet,
894 1330 924 1382 cl.
943 1329 1006 1382 Eth.
1025 1329 1083 1383 Nic.
1102 1329 1139 1382 Vl
1157 1330 1183 1383 8.
1202 1325 1293 1382 1141b

172 1419 189 1472 8
196 1440 203 1484 ;
223 1419 267 1472 13.
288 1417 375 1471 114412
393 1417 428 1471 31
450 1420 501 1488 οὐχ
521 1413 580 1470 οἶόν
597 1437 626 1472 τε
645 1420 756 1487 ἀγαθόν
775 1418 844 1472 εἶναι
858 1423 956 1492 κυρίως
970 1422 1036 1472 άνευ
1051 1419 1208 1492 φρονήσεως
1226 1417 1292 1470 οὐδὲ

173 1507 312 1580 φρόνιμον
335 1509 401 1560 άνευ
419 1515 465 1574 τῆς
488 1509 583 1574 ἠθικῆς
602 1509 704 1580 ἀρετῆς.
730 1506 756 1559 X
774 1507 800 1560 8.
819 1507 909 1560 11782
928 1507 970 1561 16.
1008 1506 1076 1560 Nam
1095 1505 1224 1560 naturalis
1242 1503 1294 1558 vir-

172 1593 241 1645 tutis
268 1593 393 1662 facultas,
422 1611 488 1664 quac
512 1595 541 1648 in
566 1595 678 1662 singulis
696 1595 847 1648 hominibus
866 1595 969 1648 divorsa
987 1597 1036 1662 cst,
1062 1593 1246 1647 exercitatione
1264 1594 1294 1645 ct

172 1680 325 1734 educatione
349 1683 452 1736 exculta
477 1686 534 1736 turn
560 1683 677 1750 domum,
710 1701 769 1736 cum
801 1684 911 1737 accensit
935 1685 1003 1736 ratio
1037 1683 1204 1758 (φρόνησις),
1232 1697 1293 1734 vora

172 1771 275 1842 (κυρία)
293 1771 380 1824 evadit
397 1771 491 1825 virtus.
510 1771 549 1824 Vl
568 1773 609 1826 13.
629 1765 718 1826 11445
739 1773 780 1825 14.
817 1772 911 1842 Itaque
937 1789 996 1825 cum
1020 1773 1120 1825 indoleo
1149 1771 1185 1824 sit
1211 1771 1291 1836 varia,

173 1859 263 1911 tamon
281 1857 339 1928 ipsa
357 1859 445 1915 virtus
463 1877 516 1912 una
533 1860 652 1930 putanda
670 1863 727 1914 ost:
745 1861 811 1914 ibid.
831 1861 848 1914 l.
868 1862 903 1915 32
923 1863 991 1914 ἀλλὰ
1010 1865 1057 1914 καὶ
1076 1863 1091 1913 ὁ
1109 1863 1190 1926 λόγος
1209 1863 1293 1932 ταύτῃ

174 1944 263 2000 λύοιτ’
282 1951 329 2012 ἄν,
359 1937 557 2019 ᾧόιαλεχθείη
582 1968 623 2010 τις
642 1953 677 2002 όν
695 1951 738 2002 ότι
760 1953 924 2024 χωρίζονται
943 1952 1065 2016 ἀλλήλων
1084 1953 1114 2002 αἱ
1133 1952 1239 2020 ἀρεταί·
1260 1951 1296 2002 οὐ

173 2037 228 2110 γὰρ
247 2039 263 2088 ό
281 2039 363 2098 αὐτὸς
381 2039 567 2108 εὐφυέστατος
587 2040 655 2110 πρὸς
675 2041 795 2101 ἁπάσας,
815 2037 885 2092 ὥστε
904 2040 953 2104 τὴν
970 2039 1024 2110 μὲν
1038 2039 1090 2104 λύη
1104 2039 1153 2104 τὴν
1167 2033 1197 2092 θ’
1216 2041 1294 2090 ούπω

175 2125 290 2195 εἰληφὼς
308 2127 400 2178 ἔσται·
421 2136 502 2179 τοῦτο
520 2127 574 2199 μὲν
592 2128 646 2201 γάρ
664 2129 734 2179 κατὰ
753 2127 806 2199 μὲν
826 2129 874 2186 τὰς
894 2127 1013 2198 φυσικὰς
1032 2127 1130 2200 ἀρετάς
1144 2125 1294 2194 ἐνδέχεται,

174 2209 241 2266 καθ’
260 2213 292 2274 ἃς
311 2213 343 2270 ol
363 2217 455 2274 ἁπλῶς
473 2218 581 2284 λέγεται
600 2217 715 2284 ἀγαθός,
735 2217 784 2268 οὐκ
798 2215 951 2285 ἒνόίχεται·
990 2217 1050 2286 ἅμα
1069 2215 1122 2286 γὰρ
1141 2217 1173 2287 τῇ
1193 2214 1294 2285 φρονή-

176 2317 218 2355 σει
235 2306 290 2374 μιᾷ
310 2307 377 2376 οόση
397 2313 487 2356 πᾶσαι
507 2305 703 2378 ὑπάρξουσιν,’

247 2443 277 2497 ό.
297 2444 328 2496 In
354 2444 466 2512 singulis
491 2447 579 2496 autem
604 2445 689 2498 causis
714 2444 777 2514 quid
801 2445 838 2497 sit
861 2444 975 2496 modium
999 2444 1070 2496 intur
1091 2443 1156 2496 vitia
1174 2443 1313 2513 opposita-

175 2530 318 2584 diiudicarc
344 2533 499 2604 φρονήσεως
523 2536 573 2586 ost,
616 2532 762 2585 Recensum
788 2533 951 2600 singularum
974 2531 1103 2585 virtutum
1127 2532 1207 2584 habos
1231 2531 1293 2584 Eh.

175 2617 233 2673 Nic.
253 2619 281 2672 H
301 2621 326 2674 7.
346 2621 436 2674 1107·
454 2621 488 2674 28
500 2638 538 2690 sq.
556 2621 597 2674 111
616 2623 711 2676 9-15.
735 2621 822 2674 1115α
840 2623 906 2690 loq.

126 2905 167 2947 εει
243 2885 317 2948 Eth.
341 2885 410 2950 Nic.
434 2886 473 2949 V.
498 2895 526 2952 3.
545 2887 652 2952 1129b
671 2897 721 2952 11.
764 2875 857 2952 Ἐπεί
881 2876 914 2952 θ’
934 2887 951 2952 ό
975 2886 1166 2973 παράνομος
1182 2884 1294 2962 όίόικος
1330 2901 1420 2942 iustitia

7 2969 10 3032 Ῑ
112 2981 115 2986 ’
177 2988 223 3078 ἦν,
248 2991 265 3055 ὁ
289 2988 326 3055 os*
347 2991 483 3074 νόμιμος
507 2989 649 3071 δίκαιος,
684 2993 780 3080 δῆλον
803 2993 854 3058 ότι
877 2993 987 3072 πάντα
1016 2993 1058 3058 τά
1081 2991 1203 3074 νόμιμά
1226 2987 1297 3056 ἐστί
1324 2955 1437 3006 generans

177 3121 251 3174 πως
274 3095 405 3163 όίκαιο·
450 3098 550 3164 τότε
573 3101 633 3186 γάρ
658 3098 819 3186 ὡρισμένα
843 3101 983 3187 ὑπὸτῆς
1006 3104 1221 3186 νομοθετικῆς
1243 3097 1295 3163 νό-

178 3204 266 3286 μιμά
289 3202 368 3284 ἐστι,
393 3202 450 3269 καὶ
467 3203 611 3296 ,ἕκαστον
633 3207 754 3270 τούτων
777 3204 904 3272 δίκαιον
927 3199 1012 3270 εἶναί
1042 3229 1157 3293 φαμεν.
1204 3201 1235 3269 ολ
1259 3203 1297 3270 δὲ

177 3309 269 3393 νόμοι
300 3309 486 3395 άγορεόουηι
517 3309 594 3398 περὶ
625 3311 795 3392 ἁπάντων,
831 3299 1057 3394 στοχαζόμενοι
1081 3311 1180 3398 ἢτοῦ
1203 3309 1296 3397 κοινῇ

178 3413 398 3504 συμφέροντος
432 3427 536 3482 πᾶσιν
568 3417 681 3505 ἢτοῖς
715 3415 904 3506 άρίστοιςῆ
937 3421 1007 3495 τοῖς
1041 3414 1181 3502 κυρίοις,
1216 3405 1293 3480 κατ’

178 3520 293 3609 ἀρετὴν
321 3522 341 3610 ἢ
371 3510 447 3586 κατ’
466 3521 564 3587 ἄλλον
593 3525 666 3588 τινὰ
695 3523 818 3610 τρόπον
844 3535 1006 3606 τοιοῦτον·
1053 3525 1136 3588 ὥστε
1159 3519 1214 3586 ἕνα
1237 3520 1297 3603 μὲν

178 3627 303 3715 τρόπον
336 3625 451 3693 όίκαια
485 3626 617 3712 λέγομεν
651 3630 693 3693 τὰ
730 3630 890 3717 ποιητικά
927 3627 986 3694 καί
1020 3629 1206 3716 φυλακτικοὶ
1240 3639 1298 3715 τῆς

178 3731 386 3817 εὐδαιμονίας
421 3733 478 3799 καί
507 3747 572 3798 τῶν
600 3731 722 3822 μορίων
751 3734 849 3823 αὐτῆς
876 3735 916 3823 τῇ
947 3734 1105 3824 πολιτικῇ
1128 3731 1297 3820 κοινωνίᾳ·

178 3839 379 3926 προστάττει
407 3827 477 3904 o'o
500 3839 596 3922 νόμος
626 3839 683 3906 καὶ
717 3843 759 3904 τά
793 3851 851 3906 τοῦ
884 3838 1031 3928 άνόρείοο
1066 3836 1144 3927 ἔργα
1179 3843 1297 3919 ποιεῖν,

179 3936 247 4010 οἷον
278 3947 324 4032 μὴ
357 3942 481 4012 λείπειν
511 3948 568 4034 τὴν
600 3945 694 4024 τάξιν
726 3947 809 4035 μηδὲ
838 3947 966 4034 φεύγειν
994 3945 1077 4036 μηδὲ
1106 3943 1233 4032 ῥίπτειν
1255 3946 1298 4009 τά

179 4051 278 4132 όπλα,
303 4049 360 4116 καὶ
383 4055 426 4116 τά
449 4063 508 4116 τοῦ
522 4053 700 4139 σώφρονος,
724 4044 792 4118 οἷον
813 4056 858 4140 μὴ
873 4053 1031 4136 μοιχεύειν
1050 4041 1129 4140 μηό)
1147 4049 1298 4136 ὑβρίζειν,

178 4157 235 4225 καὶ
258 4160 302 4224 τό
325 4169 383 4224 τοῦ
405 4153 524 4246 πρᾴου,
548 4148 616 4222 οἷον
636 4159 681 4246 μὴ
705 4159 839 4224 τύπτειν
854 4157 937 4246 μηδὲ
953 4161 1153 4246 κακηγορεῖν,
1177 4155 1299 4240 ὁμοίως

181 4264 217 4330 όό
232 4264 289 4330 καὶ
306 4267 392 4330 κατὰ
407 4266 467 4342 τὰς
483 4257 585 4342 όίλλος
600 4263 716 4351 όρετὰς
739 4263 796 4330 καί
820 4261 1006 4352 μοχθηρίας
1028 4265 1069 4328 τὰ
1091 4261 1150 4346 μὲν
1164 4263 1301 4328 κελεύων

179 4373 223 4436 τὰ
244 4359 277 4436 θ’
296 4369 515 4457 ἀπαγορεύων,
540 4367 650 4458 ὀρθῶς
672 4369 730 4452 μὲν
753 4370 771 4436 ό
794 4367 937 4452 κείμενος
961 4367 1080 4456 ὀρθῶς,
1102 4372 1207 4456 χεῖρον
1230 4357 1299 4434 δ’ὁ
