3140 4990
302 291 354 353 140
771 291 948 361 Empedocles.

370 454 401 509 t.
429 453 484 508 Cur
501 456 572 508 terra
590 469 642 506 non
660 452 748 507 eadat.
778 452 891 508 Aristot.
911 450 942 506 de
961 451 1041 506 Caelo
1060 451 1089 504 Π
1109 453 1151 506 13.
1180 449 1231 516 τὴν
1247 453 1302 518 γῆν
1320 447 1427 508 πάντες

300 542 358 594 ὅσοι
375 541 423 594 τδν
441 538 560 610 οὐρανόν
578 545 714 608 γεννῶσιν
733 537 779 592 ἐπὶ
799 538 831 592 τδ
849 539 936 610 μίσον
950 539 1095 591 συνελθεῖν
1109 554 1208 607 φασιν·
1227 535 1269 592 ὅτι
1287 537 1321 591 δὲ
1333 539 1426 608 μένει,

299 635 404 694 ζητοῦσι
418 629 469 694 την
487 635 587 698 αἰτίαν,
605 633 651 681 καλ
670 629 795 698 λέγουσιν
813 633 839 680 ot
857 633 911 698 μὲν
929 657 963 668 —-
988 628 1080 696 ὥσπερ
1098 623 1289 700 Ἐμπεδοκλῆς,
1306 625 1357 692 τήν
1375 629 1428 678 τοῦ

299 716 418 788 ου’ρανοῦ
437 718 530 789 φοράν
548 717 638 789 κύκλῳ
656 717 841 787 περιθέουσαν
860 721 906 768 καὶ
928 720 1035 770 θάττον
1054 716 1210 786 φερομένην
1234 715 1281 780 την
1305 719 1353 779 τῆς
1372 718 1427 782 γῆς

299 808 392 878 φοροὶν
409 808 532 877 κωλύειν,
551 801 679 874 καθάπερ
697 801 730 859 vo*
743 806 773 860 ἐν
788 812 845 865 τοῖς
859 805 973 864 κυάθοις
992 803 1087 874 ὕδωρ
1106 807 1150 857 καλ
1168 804 1319 874 γάρτοῦτο
1331 802 1427 873 κύκλῳ

298 900 347 950 τοῦ
365 895 470 968 κυάθου
489 895 647 965 φερομένου
665 890 794 953 πολλάκις
819 890 893 946 κάτω
919 893 969 946 τοῦ
984 894 1088 962 χαλκοῦ
1111 893 1276 962 γιγνόμενον
1293 890 1372 964 ὅμως
1390 888 1428 943 ου’

299 985 415 1056 φέρεται
424 983 497 1036 κάτω
507 985 630 1052 πεφυκδς
641 984 775 1052 φέρεσθαι
785 983 833 1035 διά
844 983 891 1046 τη“ν
901 981 988 1047 αδτήν
1001 986 1098 1038 αἰτίαν.
1126 983 1225 1038 Eadem
1238 981 1340 1036 ratione
1348 985 1427 1036 totus

299 1075 413 1128 mundns
432 1074 590 1128 continetur.
627 1074 739 1128 Aristot.
765 1073 796 1127 de
822 1073 901 1127 Caelo
921 1072 948 1126 ‘11
968 1074 992 1126 1.
1012 1073 1092 1126 284²
1110 1073 1157 1126 24:
1182 1069 1244 1123 οὔτε
1268 1066 1303 1134 δη
1327 1075 1427 1122 τοῦτον

299 1163 348 1216 τδν
366 1161 469 1233 τρόπον
489 1157 664 1226 ὑποληπτέον,
683 1158 750 1214 οὕτε
768 1157 815 1212 διά
834 1159 883 1224 τη“ν
901 1161 1007 1224 δίνησιν
1025 1159 1160 1220 θάττονος
1178 1157 1355 1228 τυγχάνοντα
1374 1177 1427 1228 φο-

300 1253 349 1316 ράς
367 1257 416 1314 τῆς
435 1253 534 1309 οίκιίας
552 1249 636 1320 ῥοπῆς
660 1246 699 1302 ἔτι
723 1247 863 1310 σοι’ζεσδαι
887 1253 1018 1302 τοσοῦτον
1036 1249 1152 1320 χρόνον,
1176 1247 1305 1318 καθάπερ
1327 1245 1427 1316 Ἐμπε·

302 1340 400 1406 δοκλῆς
419 1357 510 1408 φησιν.

373 1430 446 1483 Mare
464 1427 566 1482 sudoris
584 1429 678 1482 instar.
716 1428 761 1482 Ar.
786 1429 894 1482 Meteon.
914 1427 986 1482 113.
1006 1427 1154 1482 antaee:
1189 1423 1288 1496 ὁμοίως
1315 1425 1349 1479 δὲ
1376 1441 1427 1494 γε-

300 1518 375 1571 λοῖον
399 1520 444 1569 καὶ
469 1520 495 1568 τί
517 1535 556 1576 τις
579 1515 667 1570 εἰπάν
691 1517 796 1586 ἱδρῶτα
820 1521 866 1580 τῆς
891 1520 942 1584 γῆς
970 1502 1040 1568 εἶναι
1069 1515 1118 1579 τήν
1138 1508 1276 1568 θάλατταν
1294 1519 1383 1568 οἴεταί
1399 1533 1428 1568 τι

301 1611 388 1678 σαφὲς
413 1605 559 1673 εἰρηκέναι,
586 1604 714 1672 καθάπερ
740 1604 937 1675 Ἐμπεδοκλῆς·
963 1604 1033 1673 πρός
1056 1610 1164 1667 ποίησιν
1188 1604 1241 1674 μὲν
1264 1603 1317 1673 γάρ
1337 1601 1427 1664 οὕτως

301 1693 388 1749 είπῶν
406 1697 471 1752 ἴσως
490 1697 596 1762 εἴρηκεν
615 1696 713 1752 ἱκανῶς
727 1694 753 1761 (ἡ
767 1693 822 1761 γάρ
836 1689 982 1763 μεταφορά
997 1691 1154 1761 ποιητικόν),
1173 1688 1240 1762 πρός
1254 1693 1287 1746 δὲ
1305 1693 1335 1746 τά
1354 1699 1428 1762 γνῶ-

300 1801 346 1837 ναι
364 1782 412 1846 τη“ν
430 1781 515 1851 φύσιν
534 1779 587 1850 οδγ
605 1783 715 1841 λκανῶς.
751 1783 824 1838 Plan.
843 1783 887 1837 III
907 1785 949 1838 16.
974 1785 1037 1839 Dox.
1057 1783 1117 1838 381.
1153 1778 1230 1852 Ἐμπ.
1252 1781 1358 1851 ,ἱδρῶτα
1377 1786 1427 1846 τῆς

300 1875 351 1942 γῆς
370 1869 545 1942 ἐκκαιομένης
565 1869 618 1922 rino
636 1875 685 1923 τοῦ
705 1865 778 1934 ἡλίου
798 1870 843 1923 δισὶ
862 1870 912 1936 την
931 1871 977 1924 ἐπὶ
995 1870 1027 1922 τδ
1045 1871 1140 1923 πλεῖον
1159 1872 1274 1934 πίλησιν,

371 1975 398 2016 υ.
427 1960 500 2015 Plao.
519 1959 549 2013 II
568 1961 610 2013 11.
629 1961 693 2014 Dox.
712 1961 773 2014 339.
809 1955 988 2030 Ἐμπεδοκλῆς
1007 1961 1167 2028 στερέμνιον
1186 1945 1255 2012 εἶναι
1273 1959 1322 2011 τάν
1340 1955 1426 2030 ου’ρα-

301 2047 350 2102 νόν
369 2045 398 2110 ἐξ
417 2044 496 2118 α’ἐρσς
515 2051 708 2118 συμπαγέντος
728 2047 780 2100 tino
800 2053 886 2117 πυρός
912 2047 1160 2118 κρυσταλλοειδῶς,
1185 2046 1217 2099 τά
1236 2047 1362 2118 πυρῶδες
1380 2050 1428 2098 καὶ

302 2137 423 2207 αἐρῶδες
441 2137 472 2188 ἐν
491 2135 610 2209 ἑκατέρῳ
628 2141 684 2189 τῶν
703 2135 888 2207 ἡμισφαιρίων
907 2137 1077 2206 περιέχοντα.
1115 2137 1225 2191 Caelum
1253 2137 1338 2206 igitur
1365 2154 1428 2191 eon·

300 2228 394 2282 flatum
413 2229 453 2282 ost
472 2243 501 2280 ex
520 2243 576 2280 aere
595 2243 615 2280 s.
635 2226 739 2280 aethere
758 2231 785 2280 et
803 2228 874 2295 ignis
893 2227 920 2280 vi
939 2228 1145 2296 oonglaoiatnm,
1176 2241 1237 2280 nam
1257 2227 1315 2294 igni
1328 2226 1428 2279 tribuit

283 2347 284 2352 =
300 2317 354 2370 vim
373 2315 536 2384 congelant,
556 2333 580 2368 v.
599 2315 709 2370 Aristot.
729 2315 818 2370 Probl.
839 2315 928 2370 XXIV
944 2319 986 2371 11.
1024 2318 1062 2370 De
1082 2314 1426 2383 soiePlut.op.Ena18.

300 2405 488 2477 Dox.582,v11.
508 2398 648 2467 ὁδὲῆλιος
666 2399 715 2464 την
734 2400 822 2472 φύσιν
841 2399 890 2454 οιῖκ
908 2400 967 2456 ἔστι
985 2408 1041 2472 πῦρ
1056 2399 1123 2455 dats>
1138 2406 1188 2454 τοῦ
1201 2403 1288 2472 πυρός
1306 2395 1429 2454 ἀντανα-

300 2493 405 2557 κλασις,
434 2493 516 2561 ὁμοία
543 2496 574 2560 τῇ
601 2489 656 2561 άφ’
674 2488 776 2550 ὕδατος
798 2493 936 2561 γινομένη.
974 2493 1045 2548 Plut.
1066 2493 1145 2562 Pyth.
1170 2507 1238 2546 orac.
1259 2491 1300 2556 12,
1320 2507 1344 2560 p.
1364 2491 1429 2545 400.

299 2577 509 2653 Ἐμπεδοκλέους
523 2581 686 2649 καταγελᾶτε
701 2578 854 2650 φάσκοντος
868 2576 916 2633 τάν
935 2577 1012 2646 ἥλιον
1030 2585 1163 2650 πιριοιυγῆ
1176 2577 1320 2633 άνακλάσει
1334 2577 1430 2648 φωτδς

300 2667 427 2738 ου’ρανίσυ
446 2667 613 2739 γενόμενον,
633 2653 714 2728 αὖθις

375 2759 425 2813 151
462 2754 610 2828 α’νταυγεῖν
628 2758 698 2826 πρδς
712 2756 847 2826 Ὄλυμπον
864 2756 1034 2829 α’ταρβητσισι
1052 2755 1220 2824 προσείποις,
1340 2757 1391 2812 188

301 2849 348 2902 nbi
367 2847 494 2916 Olympus
513 2846 610 2901 dicitnr
629 2846 730 2900 eaelum
750 2847 908 2911 aetherium,
934 2847 1009 2900 cuins
1033 2847 1078 2900 lux
1103 2847 1190 2915 purior
1216 2848 1270 2901 soie
1296 2849 1429 2914 tanquam

302 2936 407 3004 speculo
433 2935 544 2988 collecta
568 2933 602 2987 ad
627 2951 673 2987 nos
693 2935 902 2990 transmittatur.
940 2935 978 2988 De
1003 2935 1068 2988 luna
1094 2933 1166 2988 Plnt.
1192 2951 1233 3005 ap.
1254 2934 1347 2990 Enseb.
1367 2934 1428 2989 18.

301 3024 364 3078 Dox.
384 3023 444 3084 582,
466 3022 507 3076 1⁶2.
544 3019 660 3086 σελήνην
688 3021 722 3073 δέ
749 3040 833 3092 φησιν
863 3027 993 3085 συστῆναι
1021 3018 1091 3074 καθ’
1108 3021 1203 3086 ἑαυτήν
1228 3019 1259 3074 ἐκ
1281 3023 1330 3074 τοῦ
1357 3017 1428 3074 άπο-

301 3110 456 3179 ληφθέντος
475 3109 555 3179 ἀέρος
574 3109 628 3184 δπδ
646 3115 695 3162 τοῦ
714 3111 807 3180 πυρός.
825 3116 924 3164 τοῦτον
942 3111 996 3182 γάρ
1015 3118 1139 3182 παγῆναι
1162 3111 1289 3179 καθάπερ
1314 3111 1359 3161 καλ
1377 3109 1428 3175 την

298 3199 436 3268 χάλαζαν·
456 3197 487 3251 τά
506 3199 539 3252 δὲ
558 3203 619 3268 φῶς
639 3195 726 3264 αάτὴν
745 3195 821 3269 ἔχειν
840 3198 894 3250 α’πό
913 3205 962 3251 τοῦ
982 3201 1063 3264 ἡλίου.
1102 3199 1232 3264 Eandem,
1252 3200 1275 3253 si
1294 3197 1428 3253 Achillem

301 3287 346 3356 (ad
360 3288 435 3342 Arat.
452 3289 485 3341 16
501 3279 525 3356 p.
539 3289 583 3356 λλ)
602 3287 732 3353 audimus,
752 3287 925 3358 α’πόσπασμα
945 3293 994 3340 τοῦ
1014 3285 1085 3348 η’λίου
1104 3287 1256 3358 appellavit.
1286 3288 1327 3342 cf.
1340 3288 1427 3356 ipsius

302 3393 407 3432 versum
425 3375 522 3429 ibidem
543 3377 684 3433 traditum:

373 3464 425 3518 154
462 3463 618 3532 κυκλοτερὲς
636 3467 700 3534 περὶ
718 3471 802 3534 γαῖαν
821 3463 953 3516 ἑλίσσεται
971 3462 1115 3535 α’λλότριον
1134 3467 1194 3534 φῶς
1209 3467 1228 3519 1.
1341 3465 1391 3517 190

187 3574 258 3614 motus
302 3553 385 3608 Initio
413 3552 623 3622 perturbationes
656 3553 850 3607 elementorum.
897 3555 959 3608 Dies
990 3553 1129 3622 longiores.
1175 3553 1263 3608 Tzatz.
1292 3551 1372 3620 Eneg.
1393 3551 1428 3605 11.

163 3635 284 3676 ¹⁰⁰⁰¹²ffi¹¹¹¹¹
301 3660 326 3711 p.
345 3641 452 3708 4217:
480 3640 551 3693 κατά
578 3639 631 3711 γάρ
649 3636 832 3712 ’Ἐμπεδοκλέα
860 3641 907 3694 τδν
932 3641 1051 3712 φυσικόν
1076 3647 1121 3694 καὶ
1145 3639 1213 3712 μετά
1236 3639 1268 3692 to*
1293 3645 1344 3712 γῆν
1369 3659 1428 3709 φα·

143 3695 380 3794 Θιοιῃθιιωῃηῃνηναι
408 3734 453 3781 καὶ
481 3729 624 3782 θάλασσαν
647 3726 767 3789 άτάκτως
792 3729 832 3784 ἔτι
856 3731 888 3782 τὰ
907 3740 1031 3800 στοιχεῖα
1050 3738 1189 3796 κεκίνητο,
1213 3727 1279 3782 ποτὲ
1301 3733 1355 3799 μὲν
1379 3731 1429 3780 τοῦ

302 3819 388 3888 πυρδς
407 3817 608 3887 ὑπερνικῶντος
627 3823 672 3870 καὶ
690 3819 928 3891 καταφλέγοντος,
953 3817 996 3872 ὁτὲ
1024 3819 1057 3873 δὲ
1081 3823 1126 3884 τῆς
1158 3815 1319 3878 ὑδατώδους
1343 3819 1427 3886 άπερ-

300 3907 445 3979 βλυζοάσης
463 3911 509 3959 καλ
526 3905 743 3970 κατακλυζούσης
762 3905 897 3978 ἐπιρροῆς.
926 3909 971 3959 καὶ
989 3905 1038 3961 τὸν
1056 3907 1133 3974 ἥλιον
1147 3909 1180 3962 δὲ
1198 3907 1213 3959 ὁ
1228 3905 1309 3966 ου’τδς
1328 3907 1376 3958 διοῖ
1395 3903 1425 3958 τὰ

373 4052 400 4118 1)
419 4051 460 4104 Ad
483 4053 575 4104 lunam
599 4050 728 4104 referebat
753 4051 827 4105 Stein
855 4053 936 4106 etiam
961 4067 1065 4106 versum
1086 4052 1137 4105 152
1156 4053 1231 4118 (193)
1256 4045 1271 4113 ri
1295 4049 1328 4102 δὲ
1354 4046 1428 4118 φλόξ

301 4138 407 4210 λλάειρα
425 4137 608 4209 μινυνθαδίης
633 4139 704 4208 τάγε
729 4143 821 4210 γαίης,
846 4141 940 4210 Simpl.
959 4141 1038 4210 Phys
1059 4141 1118 4194 747.
1138 4141 1199 4204 331,
1220 4140 1235 4190 7
1254 4141 1285 4193 Ι).
1324 4137 1427 4192 Eton-

300 4231 376 4282 textu
403 4229 538 4282 verborum
567 4227 699 4296 Simplicii
727 4230 841 4284 oonioias
870 4229 1017 4298 significari
1050 4232 1151 4298 partem
1188 4229 1311 4297 corporis.
1348 4227 1425 4282 Stein

300 4319 425 4370 mutabat
444 4315 532 4386 τύχον
552 4314 642 4386 οδγης.
680 4315 791 4370 Oculum
812 4317 865 4373 dici
884 4319 1014 4372 intellexit
1034 4318 1120 4383 Blass,
1141 4319 1172 4372 of¹
1189 4319 1271 4382 Diels,
1291 4316 1375 4386 θυεμ.
1395 4335 1422 4372 α.

300 4403 382 4474 Ernp.
402 4421 427 4474 p.
449 4407 483 4458 12
501 4407 556 4458 not.
576 4406 601 4458 2.
