3156 4988
647 333 749 408 Ethica.
1208 331 1263 394 389

138 490 171 546 V.
191 493 264 547 Hui.
282 492 321 544 IV
339 493 373 548 13
392 491 478 558 (Sluh⁸
497 491 566 547 Flor.
587 495 629 560 17,
647 496 699 567 30;
718 494 749 548 fr.
770 493 832 558 602)
851 495 942 564 ἔλεγεν
959 495 986 560 (ὁ
1002 489 1173 566 Ἐπίκουρος)
1191 495 1262 548 ἑτοί-Ι

138 602 199 655 μως
223 583 296 653 ἔχειν
318 587 365 636 καὶ
393 585 431 652 τῷ
455 587 511 639 Διὶ,
531 584 599 656 ὑπὲρ
623 585 805 658 εὐδαιμονίας
833 584 1048 653 διαγωνίζεσθαι
1070 585 1162 656 μᾶζαν
1192 585 1263 653 ἔχων,

138 677 186 726 καὶ
212 674 292 744 ὕδωρ.
330 671 368 726 cf.
388 671 493 742 Epicur.
519 671 567 742 Ep.
586 673 627 726 Ill
651 691 692 744 ap.
717 673 795 740 Πίος.
818 672 845 726 X
864 673 914 726 131
940 689 966 742 p.
991 673 1027 726 64
1044 671 1091 726 Us.
1133 670 1205 736 Quas
1228 673 1262 728 ad

140 761 188 814 has
213 761 365 831 voluptates
390 762 538 816 neccssaria
564 766 629 816 suut
652 763 728 817 facila
753 762 939 832 aoqulruuiur:
966 761 1072 832 Epicur.
1089 761 1207 816 Santoni.
1228 761 1261 820 15,

46 919 48 923 ι
139 867 181 919 ap.
200 850 277 918 Diog.
301 851 327 903 X
353 851 406 904 144
429 868 455 920 p.
481 851 515 905 74
532 850 580 906 Us.
609 857 689 920 ὁτῆς
716 855 825 924 φύσεως
854 854 973 912 πλοῦτος
999 855 1046 904 καὶ
1073 849 1188 924 ὥρισται
1214 855 1262 910 καὶ,

140 941 304 1012 εὐπόριστός
331 941 421 1004 ἔστιν,
451 941 517 994 ὑδὲ
545 951 599 994 τῶν
626 953 710 996 κενῶν
738 943 828 1003 δοξῶν
856 944 895 1001 εἰς
923 944 1038 1012 άπειρον
1061 941 1201 1004 ἐκπίπτει,
1229 939 1260 997 cl.

139 1025 245 1097 Epicur.
265 1028 296 1082 fr.
316 1029 370 1084 469
389 1045 430 1098 ap.
450 1028 524 1083 sub.
542 1029 612 1084 Flor.
633 1031 676 1096 17,
694 1031 738 1084 23.
774 1029 819 1082 Ila
843 1028 972 1099 Epicurus
997 1044 1058 1082 suos
1083 1029 1106 1081 si
1130 1045 1182 1082 uon
1208 1045 1262 1082 mo·

141 1116 197 1169 dios
216 1117 309 1183 vivero,
329 1121 417 1172 umen
436 1135 513 1188 posse
531 1118 630 1172 modico
649 1119 734 1172 vivero
748 1118 871 1183 docebat3
890 1117 959 1172 uude
976 1118 1076 1176 factum
1094 1119 1136 1170 osi
1154 1121 1186 1172 ui
1199 1135 1262 1172 nou-

140 1205 222 1260 uullis
247 1206 303 1260 cius
321 1207 468 1278 pracosptis
493 1224 526 1260 us
550 1207 692 1262 advorsarii
719 1207 826 1279 quidum
854 1207 959 1261 laudam
976 1209 1129 1274 'negarem
1157 1207 1188 1260 cf.
1209 1206 1261 1262 Cio.

140 1293 217 1347 Tusc.
237 1294 346 1362 11149;
374 1296 472 1350 Sousca
489 1296 537 1367 Ep.
556 1297 600 1364 33,
619 1299 650 1364 23
679 1297 711 1350 ds
736 1297 790 1350 vit.
815 1297 891 1350 Boot.
912 1298 953 1362 13,
978 1298 993 1349 1
1021 1295 1063 1362 (fr.
1083 1296 1146 1360 460)
1173 1297 1203 1350 ιἰι
1230 1315 1262 1354 ιο

137 1383 250 1450 quidem
267 1385 328 1452 ipse
346 1386 482 1440 sententia
500 1402 561 1440 oum
579 1415 613 1424 -
631 1387 728 1439 ιἰινιιίι
746 1386 796 1440 λοι
813 1386 916 1440 uostris
933 1385 1114 1453 popularibus
1139 1383 1262 1452 (Stoicis)

139 1471 230 1526 dicam
249 1501 283 1510 —-
301 1480 398 1528 caueto
416 1473 571 1542 Epicurum
588 1481 613 1529 et
626 1481 700 1530 rectu
715 1475 872 1544 praecipere
890 1481 923 1541 ct,
942 1475 968 1528 si
979 1475 1096 1542 propius
1109 1475 1262 1540 accesseris,

139 1560 249 1615 tristia.-
272 1561 398 1631 uoluptas
417 1563 489 1618 euim
506 1563 557 1617 illa
574 1563 613 1618 αδ
628 1579 745 1632 paruum
768 1568 793 1618 ct
812 1543 1050 1631 chimericum,
1069 1569 1095 1618 et
1113 1579 1193 1632 φιιαιιι
1211 1580 1262 1620 uos

138 1650 239 1704 uirtuti
258 1651 339 1718 λεριιιι
357 1653 481 1719 dicimus,
500 1669 558 1706 eum
575 1653 622 1707 ule
641 1652 708 1706 dicit
725 1652 869 1720 uoluptati.
898 1651 998 1722 Neque
1022 1651 1124 1706 dolores
1148 1653 1262 1724 corporis

139 1740 256 1808 sapienti
281 1741 307 1794 iu
332 1742 409 1794 bouis
433 1741 541 1795 vivendo
566 1741 667 1794 officere
691 1744 815 1812 possunt,
843 1743 875 1794 ut
899 1757 1010 1811 quorum
1035 1741 1074 1794 vis
1099 1742 1202 1796 minuta
1227 1743 1263 1795 sii

139 1836 221 1899 atquo
239 1829 331 1898 fugax:
350 1830 454 1901 Epicur.
475 1831 593 1884 Santoni.
612 1831 631 1884 4
649 1847 690 1900 ap.
710 1831 786 1896 Diog.
805 1829 831 1883 X
851 1829 903 1884 140
921 1847 947 1900 p.
968 1831 1002 1883 72
1019 1829 1066 1884 Us.
1096 1833 1129 1885 οὐ
1143 1835 1263 1905 χρονίζει
1373 1829 1376 1836 ’

142 1921 173 1972 τό
192 1921 297 1989 ἀλγοῦν
315 1931 435 1990 συνεχῶς
453 1922 483 1974 ἐν
501 1923 533 1993 τῇ
552 1925 640 1991 σαρκί,
660 1922 728 1973 ἀλλὰ
747 1923 779 1973 τὸ
796 1921 850 1992 μίν
868 1923 952 1990 άκρον
970 1921 1018 1972 τόν
1036 1921 1181 1990 ἐλάχιστον
1195 1923 1263 1992 χρό-

140 2029 190 2062 νον
218 2012 347 2082 πάρεστι,
378 2012 410 2062 τό
437 2009 469 2063 δὲ
495 2011 584 2082 μόνον
613 2011 772 2083 ὑπερτεῖνον
799 2010 831 2060 τὸ
857 2009 995 2080 ἡδόμενον
1021 2010 1091 2061 κατὰ
1117 2012 1205 2083 σάρκα
1230 2012 1263 2062 οὐ

141 2099 247 2157 πολλὰς
266 2099 368 2169 ἡμέρας
383 2103 536 2169 συμβαίνει.
576 2101 606 2150 αῖ
624 2097 655 2150 δὲ
671 2097 850 2169 πολυχρόνιοι
869 2107 923 2148 τῶν
938 2099 1096 2169 ἀρρωστιῶν
1114 2099 1263 2158 πλεονάζον

62 2222 64 2230 .
142 2187 239 2256 έχουσι
257 2189 289 2239 τὸ
307 2187 448 2258 ἡδόμενον
466 2187 495 2240 έν
513 2189 546 2258 τῇ
565 2189 646 2260 σαρκὶ
665 2189 733 2259 ἡπερ
753 2187 784 2238 τὸ
803 2187 913 2254 ἀλγοῦν,
949 2183 1011 2254 Ipsa
1029 2201 1107 2250 mors,
1132 2185 1202 2254 quod
1220 2190 1263 2240 est

140 2277 287 2328 extromum
306 2276 443 2338 malorum,
462 2275 529 2330 nihil
548 2278 636 2328 umen
654 2275 744 2339 habat,
769 2291 820 2343 quo
839 2273 991 2327 felicitatum
1010 2274 1137 2344 sapientis
1155 2275 1263 2328 turbare

141 2366 235 2432 queat:
264 2363 368 2433 Epicur.
393 2363 441 2434 Ep.
465 2363 506 2416 111
524 2380 565 2433 ap.
584 2363 660 2432 Diog.
686 2363 782 2416 x125
805 2380 830 2438 p.
851 2363 884 2416 61
903 2362 950 2415 Us.
980 2365 1011 2416 τὸ
1040 2365 1264 2434 φρικωδέστατον

144 2449 192 2504 οὖν
211 2463 265 2504 τῶν
282 2465 372 2506 κακῶν
391 2457 406 2506 ὁ
424 2456 548 2513 θάνατος
567 2453 651 2506 οὐδὲν
669 2455 738 2526 πρὸς
756 2455 836 2524 ἡμᾶς,
861 2453 1011 2523 ἐπειδήπερ
1029 2453 1097 2505 ὅταν
1113 2455 1167 2525 μὲν
1184 2457 1262 2527 ἡμεῖς

142 2539 229 2613 ὦμεν,
256 2545 413 2603 δδάνατος
438 2545 471 2594 οὐ
496 2545 644 2616 πάρεστιν,
669 2543 738 2594 ὅταν
763 2540 825 2594 δ’ὁ
844 2545 967 2602 θάνατος
986 2545 1073 2616 παρῇ,
1102 2539 1166 2595 τόθ’
1185 2547 1263 2616 ἡμεῖς

143 2633 192 2683 οὐκ
209 2633 300 2703 ίσμέν.

94 2859 133 2899 au
209 2844 334 2927 Epicur.
371 2845 513 2910 Santoni.
550 2853 568 2911 5
605 2865 654 2928 ap.
683 2845 828 2926 Diog.X
859 2829 987 2927 140'p.
1019 2852 1059 2910 72
1084 2846 1140 2910 Us.
1196 2844 1264 2912 Οὐκ
1289 2846 1355 2940 Βζῑξζ,

143 2944 230 3014 ἔστιν
252 2949 354 3038 ἡδέως
377 2949 433 3039 ζὴν
456 2947 531 3017 ίίνευ
553 2961 612 3016 τοῦ
635 2948 802 3038 φρονίμως
833 2949 890 3015 καί
913 2951 1022 3028 καλῶς
1045 2950 1102 3016 καὶ
1126 2949 1263 3032 δικαίως

146 3054 245 3138 <ouidi
272 3055 439 3144 φρονίμως
469 3057 527 3122 καὶ
550 3058 658 3136 καλῶς
688 3056 746 3122 καί
769 3054 949 3142 δικαίως)1
976 3056 1050 3123 illuso
1072 3069 1130 3124 τοῦ
1152 3059 1262 3148 ἡδέως.

143 3163 207 3248 ὅτφ
226 3151 262 3227 δ’
281 3159 314 3228 ἓν
329 3165 477 3258 τοὺτωνί
499 3166 544 3252 μὴ
567 3164 706 3251 ὑπάρχει
723 3155 791 3230 οἷον
814 3163 869 3251 ζῆν
884 3161 1059 3250 φρονίμως,
1083 3165 1140 3232 καί
1155 3167 1264 3244 καλῶς

143 3269 199 3334 καί
222 3267 359 3348 δικαίως
382 3271 529 3358 ὑπάρχει,
554 3270 611 3336 οὐκ
634 3267 704 3336 ἔστι
727 3281 840 3336 τοῦτον
863 3270 965 3358 ἡδέως,
986 3271 1049 3358 ζῆν.

213 3429 251 3484 Cf.
270 3429 348 3498 Diog.
366 3432 392 3485 X
411 3433 463 3486 138
482 3432 522 3498 (fr.
542 3431 607 3496 506)
632 3436 647 3482 ὑ
666 3427 697 3484 δ’
712 3427 873 3503 Ἐπίκουρος
891 3436 938 3485 καὶ
957 3434 1111 3504 ἀχώριστόν
1130 3450 1198 3503 φησι
1217 3441 1263 3501 τῆς
1289 3441 1361 3482 virius

143 3520 241 3590 ἡδονῆς
260 3522 309 3586 τὴν
327 3523 426 3594 ἀρετὴν
439 3524 535 3594 μόνην,
555 3523 589 3574 τά
604 3523 623 3576 δ
627 3519 634 3536 ¹
653 3525 722 3574 ι’ίλλα
737 3524 913 3592 χωρίζεσθαι,
934 3517 993 3574 οἷον
1011 3525 1108 3593 βρωτά.
1137 3519 1264 3574 Primaria

143 3609 227 3661 virius
255 3609 279 3662 si
307 3610 446 3663 videbatur
472 3627 530 3664 osso
557 3614 573 3677 ἡ
597 3613 742 3683 φρόνησις,
771 3626 838 3679 quaa
862 3609 1069 3680 philosophando
1087 3613 1261 3680 comparatur,
1288 3619 1407 3670 prouentu

144 3713 223 3766 quaro
242 3697 409 3768 philosophia
432 3699 516 3752 isdem
535 3699 630 3769 quibus
648 3700 734 3752 virtus
753 3699 902 3752 nominibus
917 3699 953 3751 ab
973 3715 1002 3752 so
1021 3699 1218 3752 commendatur
1236 3700 1264 3752 iu

143 3783 189 3856 Ep.
204 3787 245 3840 Ill
264 3803 306 3856 ap.
323 3787 399 3856 Diog.
418 3789 444 3842 X
458 3789 511 3842 122
525 3807 550 3858 p.
566 3788 601 3843 59
613 3788 661 3842 Us.
680 3791 749 3860 μὴτε
768 3793 828 3849 νέος
847 3809 887 3850 τις
905 3791 944 3840 ὢν
960 3791 1079 3861 μελλέτω
1098 3792 1266 3858 φιλοσοφεῖν

141 3878 210 3947 μήτε
229 3881 317 3947 γέρων
337 3880 467 3949 ὑπάρχων
487 3881 611 3932 κοπιάτω
626 3881 800 3949 φιλοσοφῶν·
820 3881 882 3931 οὐτε
901 3880 955 3947 γὰρ
974 3881 1061 3946 άωρος
1080 3877 1171 3938 οὐδείς
1189 3879 1265 3930 ἐστιν

144 3969 205 4018 οὔτε
235 3969 362 4037 πάρωρος
389 3969 458 4036 πρὸς
486 3969 517 4020 τό
535 3969 605 4020 κατὰ
635 3969 727 4037 ψυχὴν
753 3969 885 4036 ὑγιαῖνον.
924 3967 990 4020 ὁδί
1009 3970 1095 4036 λέγων
1112 3968 1199 4037 μήπω·
1215 3967 1266 4018 roo

144 4057 311 4125 φιλοσοφεῖν
331 4057 464 4130 ὑπάρχειν
483 4060 499 4121 ἡ
517 4059 735 4128 παρεληλυθέναι
754 4057 802 4122 τὴν
821 4055 895 4128 ὥραν
913 4057 1010 4128 ὅμοιός
1028 4058 1087 4109 ἐστι
1107 4058 1143 4123 τῷ
1157 4058 1265 4122 λέγοντι

142 4146 212 4216 πρὸς
239 4144 423 4214 εὐδαιμονίαν
452 4147 568 4216 ἡμὴττω
594 4151 723 4222 παρεῖναι
751 4147 799 4210 τὴν
826 4145 900 4214 ὥραν
923 4149 938 4210 ἡ
959 4149 1056 4217 μηκέτι
1080 4144 1157 4197 εἶναι.
1195 4143 1264 4201 ὥστε

194 4429 196 4434 ,
215 4373 242 4438 1)
260 4373 389 4428 Lacunam
410 4376 522 4445 explevit
541 4374 701 4430 Gassoudus.
721 4404 755 4430 ·,-
780 4375 808 4439 2)
827 4371 857 4440 δ’
879 4375 909 4428 ἓν
928 4378 1033 4434 τούτοιν
1050 4374 1111 4428 Ua:
1130 4374 1163 4428 δὲ
1181 4385 1265 4428 τοῦτο

143 4459 212 4514 libu'.
924 4519 927 4524 ,

117 4559 256 4637 iQuia.
271 4566 331 4608 rau
360 4569 400 4612 aa.
415 4569 463 4612 vu.
739 4593 740 4596 ι
1017 4555 1051 4607 26
