3156 4988
297 348 352 410 328
775 355 940 411 Aristoteles.

301 513 384 577 212b
409 522 459 578 16.
507 515 601 599 παρὰ
632 512 668 578 δέ
696 516 734 579 τὸ
763 526 831 580 πᾶν
860 515 917 582 καὶ
940 517 1014 582 ὅλον
1044 516 1135 582 οὐδέν
1159 517 1246 584 έστιν
1275 514 1339 598 ἔξω
1362 529 1421 586 τοῦ
1524 546 1529 554 ·
1558 539 1559 548 ’

299 619 432 698 παντός,
455 617 512 684 καὶ
536 620 591 684 διὰ
614 630 709 684 τοῦτο
732 618 765 685 έν
787 619 835 707 τῷ
858 621 982 710 οὐρανῷ
1004 624 1128 689 πάντα·
1160 625 1177 690 ό
1200 626 1261 711 χάρ
1286 623 1422 713 οὐρανὸς,

298 725 336 789 τὸ
359 735 427 789 πᾶν
449 721 538 802 ἴσως.
584 722 654 790 ἔστι
689 715 723 789 δ’
751 727 768 791 ὁ
796 729 898 806 τόπος
932 727 988 810 οὐχ
1022 731 1039 795 ὁ
1072 729 1212 816 οὐρανός,
1248 731 1332 796 ἀλλά
1361 743 1421 796 τοῦ

298 828 432 914 οὐρανοῦ
460 855 493 895 τι
523 833 561 896 τὸ
584 827 718 912 έσχατον
740 831 797 898 καὶ
821 833 1003 916 ἀπτόμενον
1032 847 1089 900 τοῦ
1112 847 1242 924 κινητοῦ
1265 838 1419 920 σώματος

299 935 419 1022 [πέρας
434 936 583 1024 ἠρεμοῦν]
600 939 626 976 ¹·
658 935 715 1001 καὶ
731 938 786 1002 διὰ
801 948 895 1004 τοῦτο
911 941 931 1028 ἡ
945 939 1004 1024 μέν
1028 953 1067 1028 χη
1082 940 1115 1006 έν
1130 943 1178 1026 τῷ
1193 943 1297 1022 όάατι,
1321 953 1416 1008 τοῦτο

298 1029 332 1106 δ’
350 1040 383 1106 ἕν
415 1045 463 1128 τη]
498 1041 584 1128 ἀέρι,
620 1037 712 1120 οὗτος
746 1033 778 1106 δ’
796 1043 829 1109 ἐν
851 1043 898 1131 τῷ
929 1043 1058 1134 αἰθέρι,
1089 1036 1162 1112 ὁδ’
1188 1045 1291 1136 αἰθὴρ
1316 1049 1349 1113 ἐν
1369 1050 1417 1134 τῷ

297 1145 431 1234 οὐρανῷ,
456 1149 473 1213 ό
497 1137 529 1214 6‘
549 1147 682 1236 οὐρανὸς
705 1147 811 1215 οὐκέτι
835 1149 868 1216 έν
891 1150 1007 1238 άλληιλ.
1025 1191 1067 1200 -
1091 1151 1148 1218 καὶ
1171 1149 1258 1219 έστιν
1281 1155 1417 1232 ότόπος

297 1253 355 1318 καὶ
378 1265 452 1333 ποῦ,
481 1254 536 1336 οὐχ
559 1257 603 1332 ὡς
626 1254 658 1320 έν
680 1256 774 1342 τόπηι
798 1255 842 1336 δέ,
873 1246 948 1322 ἀλλ’
975 1259 1019 1335 ὡς
1041 1260 1079 1325 τὸ
1103 1258 1207 1347 πέρας
1229 1259 1263 1325 έν
1285 1261 1333 1348 τηῖ
1356 1286 1418 1326 πε-

298 1359 500 1447 περασμένηι.
548 1360 584 1427 οὐ
615 1364 675 1448 χάρ
700 1373 767 1426 πᾶν
790 1365 828 1428 τὸ
857 1363 893 1428 ’ἀν
916 1363 948 1428 έν
971 1365 1081 1450 τόπῳ,
1110 1365 1193 1430 ἀλλά
1223 1369 1261 1433 τὸ
1290 1369 1418 1455 κινητὸν

298 1477 421 1548 σῶμαο.

370 1586 398 1625 a.
418 1571 496 1639 Phys.
516 1573 554 1624 IV
572 1574 596 1626 4.
616 1573 724 1627 21205
750 1577 854 1644 ἀνάγκη
874 1578 922 1628 τὸν
941 1578 1028 1628 τόπον
1046 1577 1117 1630 εἶναι
1141 1607 1177 1614 -
1201 1581 1232 1631 τὸ
1257 1585 1342 1651 πέρας
1367 1590 1418 1632 τοῦ

298 1666 473 1730 περιέχοντος
493 1664 628 1733 σώματος,
644 1659 733 1728 (καθ’
752 1665 767 1715 ὃ
786 1668 921 1718 συνάπτει
940 1669 977 1733 τῷ
991 1667 1212 1738 περιεχομένην).
1241 1667 1280 1720 De
1298 1668 1347 1721 hoe
1359 1669 1419 1720 low

298 1765 312 1800 ε
331 1747 464 1817 Simplicio
483 1750 628 1818 supplendo
653 1751 684 1804 ef.
702 1751 790 1818 Diels,
815 1769 866 1806 ταν
886 1753 1042 1822 Τικῦροεολ.
1063 1755 1088 1807 d.
1109 1755 1158 1807 Ar.
1178 1753 1279 1822 Phys„
1298 1755 1368 1808 Αῦλ.
1387 1755 1415 1807 ά.

297 1835 373 1890 Berl.
393 1838 444 1890 Αλ.
465 1838 542 1902 1882,
561 1855 587 1907 p.
606 1840 671 1908 4sq.

369 1942 666 2024 1›.cf.m›·332b.⁴

306 2097 307 2100 ,
372 2063 398 2103 ο.
417 2049 536 2118 Respicit
549 2055 733 2118 argumentum
743 2053 852 2106 Zenonis
862 2058 905 2104 ΒΡ
918 2054 975 2106 106.
987 2083 1020 2090 -
1031 2053 1106 2108 Hane
1121 2054 1200 2124 spatii
1214 2054 1346 2108 notionem
1359 2071 1417 2124 per-

298 2143 404 2191 secutus
422 2155 531 2190 vacuum
555 2156 631 2208 posse
655 2156 739 2208 neque
763 2141 791 2194 in
816 2141 913 2194 mundo
938 2158 1021 2210 neque
1046 2146 1121 2196 extra
1138 2143 1265 2196 mundum
1283 2161 1339 2196 esse
1358 2161 1415 2196 eon-

297 2227 398 2280 tendit:
417 2227 496 2294 Phys.
514 2227 552 2278 IV
571 2229 649 2282 6-9.

363 2386 459 2467 Phys.
482 2386 529 2448 IV
556 2395 605 2451 10.
630 2387 713 2452 218b
738 2396 766 2453 9.
810 2376 904 2454 Ἐπεὶ
933 2387 969 2453 δὲ
999 2389 1089 2454 δοκεῖ
1117 2389 1261 2470 Ιιιάλιστα
1292 2387 1415 2478 κίνησις
1425 2409 1468 2448 ³28

296 2483 380 2555 εἶναι
404 2489 463 2555 καὶ
485 2492 648 2579 μεταβολή
672 2517 723 2570 τις
746 2493 764 2558 ὁ
785 2493 904 2579 χρόνος,
935 2483 1024 2558 τοῦτ)
1051 2494 1089 2558 ἀν
1111 2489 1160 2582 εἴη
1184 2495 1349 2560 σκεπτέον.
1396 2499 1416 2584 ἦ

295 2595 356 2679 μέν
379 2593 432 2661 οὖν
456 2593 592 2662 ἑκάστου
607 2599 771 2686 μεταβολὴ
793 2598 852 2664 καὶ
874 2597 999 2688 κίνησις
1022 2599 1055 2664 έν
1071 2598 1159 2685 αὐτῷ
1182 2600 1229 2686 τηῖ
1251 2602 1416 2685 μεταβάλ-

297 2703 384 2768 λοντι
407 2703 504 2785 μόνον
527 2700 629 2782 ἐστίν,
665 2699 747 2792 ἢοῦ
768 2705 806 2768 ἀν
828 2706 903 2792 τάχη
932 2705 968 2770 ’ἀν
992 2703 1071 2770 αὐτὸ
1094 2707 1131 2770 τὸ
1154 2707 1336 2789 κινούμενον
1358 2707 1417 2772 καὶ
1506 2707 1509 2714 '

295 2809 516 2892 μεταβάλλον·
562 2809 580 2874 ό
610 2809 646 2874 δέ
673 2811 784 2895 χρόνος
814 2809 935 2893 ὁμοίως
964 2810 1022 2876 καὶ
1044 2811 1213 2892 πανταχοῦ
1241 2812 1298 2877 καὶ
1321 2816 1417 2900 παρὰ

296 2925 415 2978 πᾶσιν·
462 2911 510 2980 έτι
534 2915 570 2980 ἀὲ
592 2903 755 3003 μεταβολὴ
778 2915 837 2998 μέν
859 2913 930 2982 ἐστι
958 2928 1052 2982 πάσα
1082 2917 1216 2982 θάττων
1245 2919 1302 2984 καὶ
1331 2925 1415 3006 βρα-

297 3020 424 3105 ἀστέρα,
446 3020 558 3106 χρόνος
582 3010 614 3085 δ’
633 3019 690 3087 οὐκ
713 3008 810 3086 ἔστιν.
841 3059 885 3068 -
920 3023 971 3087 ότι
993 3022 1053 3105 μὲν
1076 3021 1181 3088 τοίνυν
1210 3022 1268 3088 οὐκ
1291 3021 1360 3090 έστι
1385 3026 1418 3109 (ά

294 3125 420 3212 χρόνος)
451 3123 588 3214 κίνησις,
618 3128 771 3214 φανερόν·
817 3127 917 3216 μηδὲν
946 3128 982 3194 δὲ
1012 3128 1192 3216 διαφερέτω
1216 3128 1318 3214 λέγειν
1339 3131 1419 3217 ἡμῖν

296 3230 329 3296 έν
351 3232 399 3316 τῷ
422 3233 563 3319 παρόντι
592 3231 717 3321 κίνησιν
739 3235 759 3321 ἢ
781 3234 971 3322 μεταβολήν.
1005 3273 1047 3282 -
1079 3245 1127 3298 11.
1157 3244 1239 3300 219ὅ
1264 3245 1292 3300 2.
1328 3235 1416 3322 ληπ-

296 3336 368 3402 τέον
391 3335 434 3418 δέ,
459 3336 532 3402 ἐπεὶ
556 3338 709 3426 ζητοῦμεν
724 3336 758 3403 τί
773 3339 861 3404 ἐστιν
876 3340 893 3404 ὁ
906 3340 1026 3427 χρόνος,
1051 3339 1196 3406 ἐντεῦθεν
1219 3339 1417 3427 ἀρχομένοις,

295 3441 330 3508 τί
351 3457 409 3530 τῆς
432 3445 584 3530 κινήσεώς
607 3443 701 3509 ἐστιν.
748 3447 817 3526 ἀμα
841 3447 901 3531 γάρ
921 3447 1074 3533 κινήσεως
1090 3443 1342 3528 αἰσθανόμεθα“
1356 3447 1415 3512 καὶ

292 3549 422 3635 χρόνου·
468 3549 609 3637 καὶγὰρ
633 3549 688 3615 έάν
711 3536 733 3638 ᾖ
756 3552 871 3628 σκότος
895 3551 952 3616 καὶ
974 3552 1076 3639 μηδὲν
1099 3553 1154 3616 διὰ
1184 3563 1241 3616 τοῦ
1263 3554 1417 3634 σώματος

297 3655 480 3737 πάσχωμεν,
503 3653 629 3744 κίνησις
652 3655 689 3721 δέ
710 3681 761 3734 τις
783 3656 816 3721 έν
839 3657 882 3745 τῇ
906 3657 996 3745 ψυχῇ
1019 3657 1081 3744 ἐνῇ,
1112 3655 1209 3734 εὐθὺς
1232 3660 1301 3740 ἅμα
1325 3659 1417 3722 δοκεῖ

294 3785 347 3837 τις
380 3759 541 3844 γεγονέναι
575 3761 633 3843 καλ
666 3763 786 3848 χρόνος.
833 3761 915 3827 ἀλλὰ
949 3765 1011 3851 μὴν
1045 3762 1102 3829 καὶ
1134 3763 1211 3828 ὅταν
1240 3787 1274 3847 χε
1301 3763 1416 3849 χρόνος

295 3867 377 3955 δοκῇ
400 3866 561 3952 γεγονέναι
583 3892 642 3948 τις,
667 3871 737 3950 ἅμα
760 3865 817 3932 καὶ
839 3866 965 3956 κίνησίς
988 3894 1038 3946 τις
1061 3865 1213 3956 φαίνεται
1243 3868 1413 3954 γεγονέναι.

295 3975 377 4038 ὥστε
406 3971 478 4060 ἢτοι
508 3970 632 4060 κίνησις
655 3974 675 4061 ἢ
697 3985 755 4061 της
784 3975 937 4062 κινήσεώς
966 3972 1000 4038 τί
1023 3974 1110 4040 ἐστιν
1133 3975 1150 4039 ὁ
1171 3973 1290 4062 χρόνος.
1338 3973 1413 4040 ἐπεὶ

294 4075 348 4144 οὖν
382 4077 419 4144 οὐ
452 4076 592 4167 κίνησις,
628 4078 748 4167 ἀνάγκη
782 4091 840 4166 τῆς
868 4082 1021 4168 κινήσεώς
1054 4106 1087 4145 τι
1121 4073 1204 4146 εἶναι
1239 4079 1344 4145 αὐτόν.
1368 4117 1412 4128 -

294 4191 365 4247 22⁸.
398 4184 481 4248 ἀλλὰ
503 4186 566 4272 μὴν
588 4183 645 4248 καὶ
668 4186 724 4250 τὸν
745 4186 856 4276 χρόνην
880 4210 914 4270 γε
930 4183 1129 4274 γνωρίζομεν,
1154 4187 1232 4252 ὅταν
1255 4182 1414 4272 ὁρίσωμεν

365 4359 392 4424 1)
416 4365 500 4431 πέρας
524 4363 643 4434 ἠρεμοῦν
661 4377 710 4414 om.
730 4361 786 4414 cod.
805 4361 841 4426 E,
867 4361 981 4431 Simplic.
999 4363 1079 4430 Phys.
1104 4380 1129 4432 p.
1150 4363 1216 4430 594,
1235 4361 1284 4429 25;
1304 4362 1369 4428 602,
1394 4363 1413 4418 3

289 4445 375 4500 Diels,
404 4445 442 4500 Cf.
461 4447 489 4501 Z.
507 4447 587 4501 112³
606 4449 690 4516 3984;
709 4449 790 4517 Diels,
809 4466 848 4503 κν.
870 4451 1027 4518 Τικῦροεολ.
1048 4453 1090 4504 4⁸.
