3156 4988
687 311 788 379 [οσον.
1244 312 1300 375 τοο

175 456 209 533 d'
227 467 365 557 ἐννόημα
388 469 610 558 φάντασμα
634 469 781 550 διανοίας
796 473 928 558 λογικοῦ
942 467 1041 560 ζρίοο·
1065 476 1103 540 τὸ
1128 477 1188 564 γάρ
1213 477 1296 566 φάν-

175 597 299 660 τασμα,
320 574 455 642 ἐπειδάν
470 577 585 668 λογικῇ
602 575 801 668 προσπίπτῃ
824 578 924 670 ψυχῇ,
947 581 1021 647 τότε
1043 580 1221 672 ἐννόημα
1236 609 1297 650 κα·

175 681 281 748 λτῖται
311 679 444 772 εἰληφὸς
473 683 613 768 τοόνομα
638 687 731 772 παρὰ
758 685 819 752 ’τοῦ
841 698 905 753 νοῦ.
926 717 927 720 “
952 687 1068 775 διόπερ
1091 693 1162 768 τοῖς
1185 689 1299 770 άλλοις

175 783 272 875 ζῴοις
302 791 363 856 ὅσα
393 789 618 880 προσπίπτει,
653 793 875 881 φαντάσματα
907 794 1006 878 μόνον
1035 793 1136 877 ἐστίν,
1172 797 1233 863 ὅσα
1261 797 1298 864 δὲ

175 897 250 984 ἡμῖν
272 896 330 962 καὶ
352 901 423 976 τοῖς
445 903 546 980 θεοῖς,
571 910 675 966 ταῦτα
699 899 757 965 καὶ
779 900 1002 988 φαντάσματα
1026 905 1112 968 κατά
1135 903 1224 990 γένος
1239 904 1299 972 καὶ

175 1001 355 1092 ἐννοήματα
378 994 456 1070 κατ’
474 998 560 1085 εἶδος
576 1011 596 1072 ¹.
1267 1032 1269 1034 ·

246 1139 274 1184 α.
306 1133 343 1184 Τὸ
368 1133 583 1204 ἡγεμονικὸν
606 1133 647 1199 (ef.
667 1131 719 1187 Cie.
738 1132 815 1187 Deor.
835 1133 869 1188 N.
888 1131 916 1186 Π
934 1133 979 1200 29)
1003 1135 1071 1188 idem
1096 1136 1149 1190 fere
1167 1139 1210 1190 est
1228 1137 1300 1208 qued

173 1217 305 1288 prioribus
324 1219 460 1276 dicebatur
478 1233 548 1284 νοος.
873 1214 876 1222 ’

246 1307 276 1363 b.
302 1309 366 1362 Iade
385 1309 536 1364 efficiuntur
554 1312 610 1364 visa
629 1329 648 1364 s.
669 1318 830 1384 φαντασίαι,
850 1312 882 1366 ef.
901 1318 945 1368 BP
964 1313 1024 1367 392.

247 1411 273 1452 ο.
298 1397 348 1452 His
367 1399 513 1470 explicatur
538 1418 589 1472 quo
613 1401 689 1454 modo
708 1401 828 1454 notiones
853 1402 988 1470 generales
1007 1402 1034 1456 in
1053 1403 1139 1457 animo
1157 1405 1298 1472 exsistant,

173 1505 197 1540 v.
216 1486 293 1556 Diog.
312 1487 364 1540 VII
382 1488 417 1542 54
436 1491 495 1543 ἔστι
514 1486 544 1543 δ’
562 1493 578 1557 ἦ
598 1492 776 1566 πρόληψις
795 1491 887 1544 ἔννοια
907 1493 1009 1562 φυσικὴ
1028 1503 1082 1546 των
1099 1495 1229 1547 καθόλου.
1257 1494 1296 1548 Ib.

173 1576 209 1630 52
228 1579 244 1642 ἡ
263 1577 294 1630 dd
312 1581 465 1646 κατάληψις
488 1581 541 1646 (BP
559 1579 624 1644 392)
648 1584 754 1649 γίνεται
772 1576 834 1632 κατ’
853 1581 952 1640 αὐτοὺς
978 1583 1108 1648 αἰσθήσει
1124 1583 1179 1653 μὲν
1197 1587 1299 1638 λευκῶν

173 1669 220 1720 καὶ
238 1669 364 1737 μελάνων
381 1672 428 1720 καὶ
447 1673 568 1740 τραχέων
586 1672 632 1722 καὶ
651 1671 736 1732 λείων,
756 1671 828 1738 λόγῳ
847 1669 879 1722 δὲ
898 1679 952 1721 τῶν
966 1665 1006 1723 δι’
1024 1670 1193 1732 ἀποδείξεως
1213 1690 1297 1726 σανα-

174 1761 307 1828 μομίνων,
328 1755 419 1830 ὥσπερ
438 1759 469 1810 τὸ
487 1759 569 1818 θεοὺς
586 1757 659 1811 εἶναι
677 1762 723 1810 καὶ
743 1763 872 1829 προνοεῖν
890 1760 1010 1819 τούτους.
1036 1769 1089 1812 τῶν
1108 1762 1162 1830 γὰρ
1180 1767 1297 1834 νοουμέ-

173 1865 229 1897 νων
256 1847 290 1898 τὰ
317 1847 370 1918 μὲν
392 1849 462 1900 κατὰ
482 1853 653 1920 περίπτωσιν
675 1849 789 1914 ἐνοήθη,
819 1848 853 1900 τὰ
878 1847 910 1900 δὲ
928 1845 995 1901 καθ’
1019 1849 1182 1920 ὁμοιότητα,
1211 1851 1245 1903 τὰ
1265 1851 1297 1905 dt

174 1929 237 1988 κατ’
256 1937 421 2004 ἀναλογίαν,
450 1937 483 1988 τὰ
510 1936 541 1990 δὲ
560 1938 630 1989 κατὰ
648 1939 813 2008 μετάθεσιν,
843 1937 876 1988 ul
896 1936 928 1989 δὲ
946 1939 1016 1989 κατὰ
1036 1939 1181 2003 σύνθεσιν,
1211 1941 1245 1992 τὰ
1264 1940 1297 1994 δὲ

174 2019 236 2076 κατ’
254 2025 422 2078 ἐναντίωσιν.
468 2023 521 2078 Cie.
540 2023 597 2078 Fin.
617 2024 658 2076 ΠΙ
677 2025 711 2078 33
736 2019 850 2093 οιιιιιιμιο
874 2040 967 2078 reram
990 2026 1115 2080 notiones
1138 2027 1171 2079 ιἰι
1195 2027 1298 2081 animis

174 2111 261 2179 ibant,
286 2113 311 2166 αι’
337 2119 387 2166 aaa
404 2130 459 2168 aaa
478 2113 588 2184 aliquid
607 2114 745 2182 οοριιίίιιια
763 2113 801 2167 sit
820 2118 869 2166 eat
889 2113 1082 2168 coniunctione
1100 2121 1152 2168 aut
1170 2116 1298 2170 similitu—

175 2201 240 2256 da'ae
258 2207 311 2256 οιιί
330 2203 473 2256 collatione
491 2204 626 2270 rationis,
645 2203 696 2257 boe
714 2207 826 2274 quarte,
852 2202 926 2272 quoa
944 2207 1093 2256 extremum
1107 2205 1207 2272 posui,
1232 2205 1298 2259 boaa'

173 2291 278 2345 aetitia
301 2289 380 2357 faeta
404 2297 449 2346 eet.
487 2307 548 2346 οιιια
572 2293 644 2346 enim
669 2291 704 2346 ab
730 2292 766 2346 a'a'e
784 2292 878 2359 rebus,
904 2291 978 2360 quaa
992 2297 1060 2345 aaut
1078 2293 1230 2348 secundum
1247 2312 1297 2348 ιια

174 2385 283 2446 turam,
312 2381 437 2436 aseendit
465 2382 574 2436 animas
598 2381 745 2436 οοίίοίιοιιι
768 2381 905 2447 rationis,
933 2385 992 2434 tam
1016 2381 1055 2434 αοί
1073 2383 1214 2438 notionem
1233 2383 1298 2438 beai

169 2470 304 2538 μαντον-τί.
342 2469 412 2524 Nam
430 2470 510 2524 etiam
528 2487 644 2524 summae
662 2470 796 2537 notiones,
816 2471 907 2540 quales
926 2473 990 2524 sunt
1008 2471 1069 2524 beni
1088 2474 1115 2524 et·
1133 2471 1188 2538 dei,
1207 2472 1297 2526 eadem

175 2575 226 2628 qua
253 2562 354 2612 ceterae
378 2560 421 2612 via
445 2559 607 2614 efficiuntur:
636 2577 687 2628 que
709 2560 826 2629 pertinet
851 2559 920 2629 quod
938 2559 1019 2614 etiam
1036 2560 1133 2614 bonum
1156 2564 1184 2614 et
1208 2579 1298 2616 omnes

175 2648 339 2701 substantias
367 2650 455 2715 (ὄντα)
483 2666 592 2718 corpora
619 2651 647 2701 et
675 2649 809 2702 sensibilia
836 2665 893 2702 esse
917 2649 1087 2715 statuebant,
1115 2649 1147 2703 ef.
1172 2655 1216 2704 ΒΡ
1235 2649 1296 2706 396.

174 2737 319 2790 Plurimum
345 2737 499 2792 tribuebant
524 2743 555 2812 τῇ
580 2743 726 2806 συνηθείᾳ,
752 2737 769 2792 i.
789 2735 810 2790 e.
831 2736 933 2806 vulgari
958 2737 1140 2791 consuetudini
1164 2740 1297 2808 cogitandi

174 2828 203 2880 et
220 2843 262 2880 res
281 2825 478 2892 denominandi,
504 2827 535 2880 de
559 2845 611 2896 qua
635 2827 777 2896 scripserat
795 2811 969 2896 Chpysippue,
989 2826 1029 2879 ita
1047 2826 1152 2896 quidem
1170 2832 1202 2882 ut
1219 2829 1297 2898 longe

174 2916 268 2970 melius
293 2915 418 2970 adversus
443 2915 516 2969 illam
540 2932 618 2986 quarn
641 2933 688 2986 pre
712 2931 743 2969 ea
761 2916 912 2985 disputasse
930 2915 1077 2982 videretur,
1101 2933 1125 2970 v.
1144 2916 1196 2972 (lie.
1216 2917 1296 2973 Aead.

173 3006 202 3059 II
218 3007 266 3069 87;
292 3005 427 3058 Plutarch.
454 3005 533 3058 Steie.
558 3005 622 3076 Rep.
650 3007 696 3072 10,
715 3006 733 3059 4
751 3024 777 3076 p.
797 3005 875 3060 1036.
919 3005 959 3058 De
985 3005 1134 3060 discrimine
1158 3007 1229 3062 inter
1252 3021 1297 3061 na

174 3095 272 3148 turalia
296 3095 353 3148 visa
377 3097 406 3148 et
425 3093 572 3148 artificialia
590 3112 613 3149 v.
632 3095 709 3164 Dieg.
728 3095 779 3148 Vll
797 3095 831 3150 51
856 3099 903 3150 καὶ
924 3098 954 3148 αἱ
970 3099 1024 3167 μέν
1041 3097 1107 3161 (τον
1125 3098 1297 3167 φαντασιῶν)

173 3190 229 3238 εἰσι
248 3190 377 3254 τεχνικαί,
398 3187 428 3237 αἱ
446 3185 477 3238 δὲ
498 3189 621 3256 ίίτεχνοι’
647 3187 732 3246 ίίλλως
750 3195 819 3254 γοῦν
837 3190 981 3255 θεωρεῖται
1002 3186 1056 3238 ὑπὸ
1075 3190 1202 3254 τεχνίτου
1220 3187 1298 3240 εἰκὼν

174 3279 220 3327 καὶ
240 3277 327 3334 άλλως
349 3271 402 3327 ὑπὸ
421 3276 548 3344 ἀτέχνου.

246 3380 276 3434 (l.
301 3380 378 3448 Dieg.
397 3379 448 3432 VH
463 3380 497 3434 55
517 3376 585 3449 ζῴου
603 3385 656 3451 μέν
674 3382 733 3434 ἔστι
752 3381 829 3452 φωνὴ
849 3381 900 3450 ἀὴρ
921 3381 974 3432 ὑπὸ
994 3381 1078 3452 ὁρμῆς
1096 3383 1295 3452 πεπληγμένος,

175 3471 329 3542 ἀνθρώπου
348 3467 382 3522 όέ
398 3471 473 3522 ἐστιν
487 3469 620 3542 ἔναρθρος
637 3471 684 3522 καὶ
703 3471 761 3522 ἀπὸ
780 3469 906 3530 διανοίας
921 3471 1125 3541 ἐκπεμπομένη,
1145 3471 1180 3530 ὡς
1199 3471 1296 3522 ὁΔιο-

175 3562 254 3627 μόνης
264 3563 363 3630 φησίν,
374 3559 431 3625 ἥτις
441 3560 499 3612 ἀπὸ
509 3558 717 3632 δεκατεσσάρων
727 3561 795 3613 ἐτῶν
808 3562 964 3612 τελειοῦται.
993 3558 1063 3611 Plae.
1073 3557 1098 3609 V
1107 3558 1150 3612 23.
1167 3557 1232 3612 Dox.
1242 3557 1297 3612 434

174 3651 315 3719 ίίρχεσθαι
343 3650 407 3708 τοὺς
435 3650 601 3722 ἀνθρώπους
629 3657 675 3714 τῆς
702 3649 867 3716 τελειότητος
891 3652 958 3720 ’περὶ
986 3648 1035 3714 τὴν
1058 3647 1191 3722 δευτέραν
1218 3648 1297 3716 ἐβόσ-

173 3737 267 3810 μάόα
288 3766 323 3774 -
348 3741 411 3808 περὶ
429 3738 461 3792 δὲ
480 3738 529 3803 τὴν
547 3737 680 3811 δευτέραν
697 3737 845 3810 ίβόομοίόα
864 3738 957 3792 ἔννοια
976 3741 1083 3806 γίνεται
1100 3741 1186 3790 καλοῦ
1204 3755 1232 3790 τε
1249 3741 1297 3790 καὶ

173 3836 266 3880 κακοῦ.
305 3824 377 3878 Stob.
396 3825 451 3880 llel.
477 3825 570 3880 1792.
599 3853 632 3863 -
661 3828 757 3896 Λόγος
784 3829 812 3880 et
836 3825 1006 3880 concludendi
1029 3825 1183 3878 tenultatem
1210 3825 1296 3894 (Diog.

173 3913 225 3967 VII
245 3915 289 3980 76)
313 3917 341 3966 et
365 3914 427 3968 beni
450 3914 661 3984 perspicientiam
687 3913 884 3984 comprehendit
910 3913 996 3983 (Diog.
1016 3913 1067 3966 VII
1091 3913 1138 3980 863
1162 3912 1214 3968 cie.
1239 3911 1296 3968 Fin.

172 4001 214 4056 ῙΠ
232 4003 337 4073 20sq.).
457 4013 458 4016 ’

125 4181 165 4224 αι
243 4163 307 4230 (lie.
335 4165 431 4228 Aead.
460 4143 593 4232 11145.
646 4167 689 4228 At
724 4165 803 4229 seire
837 4166 963 4248 negatis
999 4183 1194 4246 quemquam
1228 4182 1296 4228 rem
1347 4161 1444 4206 θεῖναὶ·

174 4273 276 4335 Ullam
305 4271 368 4334 ”1⁸1
392 4272 576 4354 sapientem,
621 4271 664 4336 nt
686 4272 746 4335 hee
770 4271 899 4353 quidem
923 4273 1007 4336 Zeno
1037 4273 1130 4354 gestu
1154 4269 1296 4334 eenfieie·
1338 4217 1447 4270 ”mm

170 4461 181 4486 ··
246 4449 274 4514 1»)
292 4448 389 4502 Leeum
406 4448 434 4502 in
452 4449 528 4502 libris
547 4449 722 4502 deformatum
740 4447 862 4502 restituit
879 4445 962 4502 Diels.
