3130 4980
299 359 353 422 220
812 364 908 434 Cynici.

299 523 444 604 δεῖσθαι,
467 537 532 588 τῶν
555 522 591 589 δὲ
612 528 705 602 θεοῖς
728 523 848 608 ὁμοίιον
871 526 908 590 τὸ
931 521 1049 610 όλίγων
1069 519 1224 613 χρῄζεινλ.
1243 563 1285 572 -
1310 565 1353 573 -
1377 528 1418 590 τά

117 635 263 706 ἀδιάφορα
295 628 332 696 δέ
353 629 474 712 μεταξὺ
501 629 615 718 ἀρετῆς
638 629 695 696 καί
718 628 837 709 κακίας
864 631 1032 720 ἀδιάφορα
1055 630 1208 716 λέγουσιν.
1225 667 1269 678 -
1287 643 1337 697 11.
1361 633 1418 698 τὸν

295 738 396 826 σοφὸν
426 735 462 802 οδ
490 738 576 802 κατά
599 739 674 815 τοὺς
697 735 861 821 κειμένους
883 737 1000 821 νόμους
1022 738 1298 818 πολιτεύσεσθαι,
1334 737 1417 803 ἀλλὰ

294 845 380 908 κατὰ
409 844 465 909 τὸν
492 856 549 931 της
578 842 701 932 ἀρετης.
740 845 895 933 γαμήσειν
923 867 958 910 τε
987 842 1197 923 τεκνοποιίας
1225 845 1320 930 χάριν
1342 849 1417 922 ταῖς

294 949 527 1038 εὐφυεστάταις
542 952 554 989 1
570 950 719 1016 συνιόντα
741 947 877 1036 γυναιξί.
907 949 965 1016 καί
980 947 1230 1040 ἐρασθήσεσθαι
1246 950 1298 1017 δέ·
1321 951 1418 1034 μόνον

295 1057 355 1143 γάρ
379 1052 499 1122 εἰδέναι
521 1056 578 1122 τὸν
599 1058 701 1144 σοφὸν
730 1053 825 1122 τίνων
846 1059 905 1146 χρὴ
929 1056 1012 1144 έρᾶν.
1044 1068 1094 1124 12.
1120 1097 1161 1106 -
1186 1097 1227 1106 -
1252 1057 1300 1144 τῷ
1322 1057 1417 1146 σοφῷ

295 1161 383 1241 ξένον
407 1160 498 1228 οὐδέν
521 1151 592 1227 οὐδ’
618 1161 753 1250 δίπορον.
779 1202 821 1211 —-
854 1174 905 1230 72.
929 1163 1028 1252 μόνην
1057 1188 1092 1230 τε
1120 1162 1223 1252 ὀρθὴν
1246 1161 1418 1231 πολιτείαν

294 1261 377 1334 εἶναι
400 1270 457 1356 τὴν
479 1267 512 1334 έν
534 1268 665 1356 κόσμιμο
688 1265 805 1355 (ἔλεγεν
827 1268 1034 1359 ὁΔιογένης).
1067 1267 1153 1356 ἔλεγε
1175 1269 1212 1337 δέ
1234 1271 1291 1336 καί
1306 1273 1418 1348 καινάς

295 1369 378 1441 εἶναι
409 1376 475 1441 δεῖν
504 1377 564 1454 τὰς
593 1380 747 1461 γυναῖκας
774 1375 877 1462 γάμον
906 1376 1029 1466 μηδένα
1052 1375 1219 1460 νομίζωνᾱ,
1255 1377 1339 1442 ἀλλά
1362 1379 1418 1442 τὸν

295 1479 458 1547 πείσαντα
480 1481 523 1570 τῇ
545 1480 721 1571 πεισθείσῃ
744 1487 903 1549 συνεῖναι·
940 1486 1065 1562 κοινοὺς
1094 1483 1131 1550 δέ
1158 1485 1214 1549 διά
1237 1495 1332 1550 τοῦτο
1358 1483 1416 1549 καί

295 1589 369 1666 τοὺς
391 1584 489 1666 υἱέας.
537 1597 588 1655 73.
618 1589 719 1677 μηδέν
748 1613 783 1656 τε
808 1589 934 1656 δι’τοπον
962 1583 1046 1656 εἶναι
1076 1588 1112 1669 έξ
1140 1586 1227 1676 ἱεροῦ
1248 1615 1281 1656 τι
1305 1591 1418 1675 λαβεῖν

295 1695 315 1782 ἢ
344 1707 409 1760 τῶν
436 1691 526 1780 ζηῖων
555 1697 641 1774 τινὸς
670 1697 869 1782 γεύσασθαι·
904 1687 985 1786 μηδ’
1011 1697 1143 1763 ἀνόσιον
1178 1690 1262 1763 εἶναι
1296 1699 1335 1763 τὸ
1359 1697 1418 1762 καί

295 1813 360 1865 τῶν
376 1798 594 1888 ἀνθρωπείων
609 1817 710 1890 κρεῶν
725 1806 896 1892 ἅψασθαι,
920 1805 964 1882 ὡς
980 1804 1075 1892 δῆλον
1099 1804 1135 1870 ἐκ
1158 1817 1223 1869 τῶν
1237 1801 1417 1888 ἀλλοτρίων

296 1905 392 1972 έθῶν.
1129 1905 1152 1944 ’

367 2045 395 2086 a.
414 2031 495 2084 Marc.
514 2029 641 2086 Antonin.
660 2033 710 2085 VH
728 2034 771 2087 36.
807 2030 1023 2088 Ἀντισθενικόν·
1048 2037 1189 2102 βασιλικὸν
1206 2037 1259 2107 μὲν
1278 2032 1308 2088 εὖ
1327 2039 1415 2106 πράτ-

297 2139 352 2174 τειν
370 2131 458 2180 κακῶς
477 2116 506 2173 δ’
525 2122 641 2174 ἀκούειν.
679 2119 716 2174 Cf.
736 2120 821 2190 Epicu.
841 2121 912 2175 Diss.
931 2121 969 2174 IV
987 2121 1018 2186 53
1037 2121 1113 2190 Diog.
1133 2121 1170 2174 VI
1188 2123 1213 2176 3.

366 2226 396 2281 b.
416 2225 454 2280 cf.
473 2225 594 2280 Socrates
612 2232 656 2279 ΒΡ
674 2227 727 2281 200
741 2226 773 2281 A.

366 2347 393 2388 ο.
418 2333 494 2401 Diog.
520 2333 557 2385 Vl
582 2335 616 2387 63
649 2336 793 2407 ἐρωτηθεὶς
819 2337 908 2388 πόθεν
939 2341 991 2402 εἴη·
1030 2339 1260 2408 Κοσγισπολίτης,
1290 2337 1357 2408 ἔφη,
1386 2337 1422 2390 cf.'

294 2423 330 2475 ib.
350 2423 391 2476 93.
429 2420 471 2475 Ad
489 2421 624 2475 Socratem
648 2422 732 2475 simile
758 2422 858 2476 dictum
883 2423 965 2476 refert
989 2421 1135 2478 Cic‘Tuec.
1155 2423 1180 2474 V
1198 2425 1257 2478 108.
1284 2455 1320 2463 —
1344 2424 1417 2478 Stob.
1460 2483 1462 2488 ⁸

295 2509 382 2564 Floril.
401 2511 445 2576 45,
474 2511 509 2564 28
534 2507 709 2578 Ἀντισθένης
738 2513 882 2583 ἐρωτηθεὶς
910 2523 967 2573 πῶς
995 2517 1030 2565 όν
1056 2534 1096 2573 τις
1121 2517 1273 2587 προσέλθοι
1292 2517 1417 2583 πολιτείᾳ

204 2669 206 2673 Ι
296 2600 367 2654 εἶπε·
397 2603 536 2670 Καθάπερ
555 2604 623 2674 πυρὶ
640 2601 709 2672 μήτε
728 2603 791 2652 λίαν
808 2602 898 2670 ἐγγύς,
924 2605 969 2653 ἵνα
987 2603 1028 2674 μὴ
1045 2605 1118 2674 copie,
1146 2603 1216 2674 μήτε
1235 2603 1341 2675 πόρρω,
1371 2606 1417 2655 ἵνα

295 2691 335 2760 νὴ
353 2691 475 2763 cichros·

368 2795 397 2849 u.
417 2795 519 2848 Similia
543 2793 698 2848 Antistheni
722 2795 852 2864 placuisse
876 2795 1014 2863 videntur,
1043 2815 1065 2849 v.
1090 2797 1207 2866 Xenoph.
1227 2791 1304 2852 soni.
1329 2798 1355 2864 4,
1375 2799 1417 2852 38.

296 2883 372 2951 Diog.
391 2884 471 2938 V13.
490 2883 515 2936 4.

255 3079 271 3118 ιι
365 3060 539 3124 Philodem.
563 3060 601 3124 tle
617 3059 742 3124 Pietate
759 3079 784 3124 c.
802 3070 849 3125 7².
864 3045 869 3056 ⁸
887 3061 965 3126 Dox.
991 3069 1064 3127 538.
1101 3051 1187 3149 Hcp‘
1211 3051 1417 3129 Ἀντισθένει
1427 3083 1498 3124 croi

298 3153 330 3230 δ’
356 3163 389 3230 έν
410 3163 469 3248 μὲν
491 3164 538 3251 τῴ
564 3165 698 3252 Φυσικῷ
721 3163 850 3250 λέγεται
872 3169 910 3232 τὸ
933 3169 1019 3232 κατὰ
1041 3167 1139 3250 νόμον
1168 3160 1251 3234 εἶναι
1275 3170 1418 3248 πολλοὺς

296 3273 402 3352 θεούς,
426 3273 511 3337 κατὰ
535 3270 571 3336 δέ
594 3273 691 3360 φάσιν
713 3269 798 3336 ttae.

118 3504 172 3567 reus
186 3504 269 3568 neuun
365 3486 462 3551 Olem.
478 3485 636 3567 Protrept.
655 3493 693 3550 61
712 3484 747 3548 Ρ.
776 3471 989 3572 Ἀντισθένης
1005 3523 1047 3530 -
1063 3486 1142 3551 θεὸν
1158 3485 1261 3552 οὐδενί
1277 3486 1496 3553 intricamur

151 3557 232 3598 smus
297 3588 408 3680 φησίν·
432 3591 547 3677 διόπερ
572 3588 669 3656 αὐτὸν
692 3588 796 3668 οὐδείς
819 3589 980 3673 ἐκμαθεῖν
1003 3589 1038 3669 ἐξ
1061 3587 1183 3670 εἰκόνος
1206 3593 1372 3658 δόναταιῑ).

369 3748 398 3787 ιι.
417 3731 468 3786 Cic.
487 3733 563 3785 Deor.
582 3732 645 3786 Nat.
665 3706 739 3786 13'2.
776 3731 950 3786 Antisthenes
974 3733 1002 3786 in
1027 3750 1057 3786 eo
1075 3734 1151 3800 libre,
1170 3734 1216 3803 qui
1233 3735 1363 3802 Physicus
1380 3735 1420 3788 in·

298 3821 430 3887 scribitur,
450 3821 589 3890 populares
608 3821 670 3874 deos
688 3821 796 3888 multoe,
822 3821 972 3874 naturalem
990 3838 1072 3875 unum
1091 3839 1147 3876 esse
1167 3822 1256 3876 dicens
1275 3824 1348 3876 tollit
1366 3824 1419 3878 vim

296 3915 325 3965 et
342 3912 465 3964 naturam
484 3909 597 3962 deorum.
634 3907 672 3963 cf.
691 3908 801 3962 Krische
820 3909 935 3964 Forech.
954 3927 978 3980 p.
998 3911 1051 3964 234
1062 3928 1100 3980 sq.

368 4035 397 4092 b.
419 4033 456 4089 cf.
466 4033 545 4088 Clcm.
560 4031 655 4086 Stronr.
675 4033 798 4088 V714P.
810 4062 844 4072 -
858 4034 898 4087 De
918 4034 1077 4104 sapientium
1092 4052 1150 4088 cum
1165 4036 1206 4089 dis
1220 4035 1418 4106 propinquitate

297 4142 319 4177 v,
338 4125 410 4177 Stob.
429 4122 518 4176 Floril.
537 4121 656 4191 Append.
674 4139 699 4191 p.
720 4123 771 4176 199
790 4122 868 4175 Mein.
903 4119 1078 4191 Ἀντισθένης
1102 4126 1246 4198 έρωτηθεὶς
1271 4127 1326 4178 έπό
1345 4147 1419 4187 τινος

298 4218 326 4274 τιζ
343 4212 452 4274 διδάξει
477 4214 525 4265 τὸν
545 4213 605 4264 υἱὸν
623 4211 712 4264 εἶπεν·
741 4217 776 4264 Εἰ
793 4212 847 4283 μέν
870 4217 948 4272 θεοῖς
971 4215 1064 4284 μέλλει
1089 4221 1226 4286 συμβιοῦν
1250 4216 1416 4286 φιλόσοφον,

299 4305 322 4354 εἰ
341 4297 369 4354 δ’
389 4303 547 4374 ἀνθρώποις
566 4301 673 4374 ῥήτορα.
710 4298 785 4368 Diog.
805 4299 843 4352 VI
862 4301 895 4352 72
920 4303 1072 4366 (τοιούτους
1089 4305 1189 4372 λόγους
1207 4303 1295 4375 ἠρώτα
1316 4307 1331 4356 ὁ
1350 4309 1417 4357 Διο-

370 4477 396 4542 1)
417 4480 603 4548 ἀφυεστάταις
620 4477 707 4532 neseio
725 4491 759 4529 an
777 4479 847 4530 reete
865 4477 1021 4544 Ηινικακνι,
1045 4479 1261 4536 ll'icctelmacc.
