3150 4996
193 1375 286 1408 vacuum

314 292 350 355 62
592 297 602 308 ”
788 297 956 368 Pythagorei.

314 459 448 514 inventam
467 457 543 513 docet
562 459 644 513 Arist.
659 457 758 514 Caell
776 459 818 514 10.
833 458 904 513 ‘arab
923 459 966 513 30.
1003 457 1075 512 Idem
1086 457 1149 513 ibid.
1161 459 1233 514 arab
1245 461 1278 516 12
1293 459 1388 515 diserte
1398 462 1442 516 ait

315 544 370 615 [τόν
389 543 518 616 ου’ρανόν]
536 543 691 617 γενόμενον
709 550 762 618 μὲν
777 542 896 606 ἅπαντες
910 533 983 598 εἷναί
995 562 1091 616 φασιν.
1127 547 1200 614 Quae
1212 550 1395 619 proposuimus
1409 566 1441 604 ex

313 636 377 690 Met.
388 635 453 689 XIV
462 637 487 700 3,
508 636 546 691 sic
560 637 752 706 interpretatur
767 636 865 690 Bonita
879 636 906 690 iu
921 639 1060 691 comment.
1071 654 1096 706 p.
1107 638 1172 693 583:
1192 637 1271 708 Pyth.
1291 637 1360 708 quod
1378 639 1440 692 uni-

314 726 396 778 tatem
410 727 544 779 extensam
557 728 700 780 consistere
709 739 741 780 ac
751 726 895 780 coalescere
913 726 1007 780 volunt
1025 742 1055 780 ex
1073 727 1159 780 nescio
1178 725 1274 796 quibus
1292 727 1438 796 elementis,
1504 733 1508 739 '

313 816 341 867 et
359 813 490 882 proximas
509 829 627 883 quasque
646 813 745 868 infiniti
764 817 854 883 partes
873 814 977 868 attrahi
996 817 1023 868 et
1041 813 1144 868 definiri
1167 815 1261 870 dicunt
1279 815 1314 870 ab
1332 817 1440 871 unitate

313 902 434 966 finiente,
461 901 527 956 adeo
546 905 635 972 aperte
653 919 710 956 cam
730 919 816 956 rernm
836 902 1012 958 condicionem
1032 919 1099 973 quae
1118 907 1198 958 antea
1217 904 1297 959 fuerit
1320 908 1348 960 et
1370 921 1439 975 quae

312 994 404 1061 postea
417 992 549 1046 exstiterit
564 991 744 1061 distinguunt,
764 995 865 1046 utnon
884 1008 976 1047 nornen
996 991 1072 1046 modo
1091 993 1271 1062 generationis
1289 993 1333 1048 sed
1352 995 1439 1064 ipsam

313 1081 508 1151 generationem
528 1080 563 1135 ab
581 1081 616 1134 iis
635 1082 720 1135 statui
739 1083 874 1150 appareat.

385 1170 416 1225 h.
447 1169 564 1224 Eandem
590 1169 778 1224 obscuritatem
804 1171 939 1240 vituperat
963 1170 1026 1226 Ilet.
1047 1169 1117 1224 XIII
1137 1173 1161 1225 6.
1182 1171 1270 1227 1080b
1289 1173 1337 1227 20:
1365 1172 1442 1232 ὅπως
1489 1227 1492 1236 ,

314 1257 347 1312 δὲ
366 1257 397 1310 τό
415 1263 531 1326 πρῶτον
549 1256 580 1309 ἓν
598 1258 715 1320 συνέστη
733 1254 802 1328 ἔχον
820 1259 952 1329 μέγεθος,
971 1253 1087 1327 α’πορεῖν
1105 1257 1234 1312 ἐοίκασιν.

386 1363 412 1404 a·
442 1347 553 1402 Aristot.
573 1347 653 1418 Phys.
672 1348 713 1402 IV
732 1350 756 1402 6.
776 1348 847 1403 213b
866 1349 909 1403 22.
938 1335 1009 1400 εἶναι
1035 1347 1066 1399 δ’
1085 1345 1194 1418 ἔφασαν
1221 1350 1265 1400 καὶ
1296 1353 1321 1400 ol
1345 1353 1441 1401 Ποθα-

315 1436 421 1507 γόρειοι
439 1434 530 1506 κενόν,
549 1439 593 1488 καὶ
612 1433 759 1489 ἐπεισιέναι
777 1434 847 1489 αότό
865 1440 904 1507 τῷ
920 1433 1029 1510 ου’ρανρῖ
1053 1433 1083 1488 ἐκ
1102 1440 1153 1488 τοῦ
1174 1435 1289 1507 α’πείρον
1313 1435 1441 1508 πνεύμο-

314 1525 375 1585 τος1
395 1525 432 1584 ede
450 1522 619 1576 decrescere
637 1526 682 1576 recl
700 1521 731 1577 τό
751 1523 841 1594 κενόν,
861 1523 878 1577 δ’
896 1523 1008 1594 διορίζει
1025 1521 1074 1585 τός
1093 1523 1207 1595 φύσεις,
1232 1527 1269 1586 οἷς
1287 1525 1367 1586 ὄντος
1390 1530 1444 1580 τοῦ

314 1619 398 1667 κενοῦ
413 1617 558 1684 χαρισμοῠ
576 1631 648 1673 τινος
665 1617 723 1666 τοῖν
742 1611 843 1684 ἐφεξῆς
861 1617 907 1666 καί
926 1613 1085 1683 διορίσεος·
1103 1617 1150 1666 καὶ
1173 1611 1247 1668 τοῦτ’
1271 1602 1344 1668 εἶναι
1360 1620 1442 1686 προῖ-

315 1721 364 1756 τον
382 1701 412 1756 ἐν
431 1709 487 1761 τοῖς
505 1697 656 1773 α’ριθμοῖς·
675 1702 708 1756 τό
726 1700 782 1773 γόρ
801 1702 881 1756 κενόν
900 1702 1032 1772 διορίζειν
1050 1702 1098 1767 τόν
1117 1702 1205 1774 φύσιν
1224 1702 1325 1756 αότοῑν.

118 1793 122 1802 ’
186 1812 296 1853 munitum
388 1793 418 1849 d.
439 1793 498 1846 Non
509 1793 580 1862 Ignis
589 1792 771 1858 circumfusus,
791 1791 836 1846 sed
855 1795 896 1847 est
914 1789 1028 1862 ἄπειρον
1045 1797 1159 1863 πνεῦμα
1173 1793 1295 1848 infinitus
1309 1809 1354 1848 aer
1367 1796 1442 1849 extra

201 3619 292 3650 vacuum

315 1898 374 1937 enm
393 1882 506 1951 positus,
524 1881 592 1935 unde
610 1881 723 1936 mundus
741 1882 865 1951 spiritum
880 1881 962 1936 ducit.
999 1881 1055 1936 Nec
1069 1881 1154 1937 officit
1168 1881 1251 1936 Arist.
1267 1881 1347 1952 Phys.
1361 1882 1406 1936 III
1424 1882 1443 1937 4

314 1967 380 2023 καθ’
398 1967 474 2034 αὐτό,
493 1967 543 2039 οιῗχ
562 1968 599 2030 οἷς
617 1969 785 2042 συμβεβηκός
804 1987 858 2022 τινι
877 1969 975 2044 ἑτέρῳ,
1002 1966 1061 2022 ἄλλ’
1079 1967 1176 2023 ου’σίαν
1195 1969 1264 2024 αὐτό
1283 1967 1323 2037 ὅν,
1343 1999 1377 2011 -
1396 1972 1442 2024 καὶ

315 2047 386 2113 εἶναι
410 2059 441 2112 τό
469 2056 521 2122 ἔξω
545 2065 595 2112 τοο·
619 2058 743 2130 ου’ρανοι·
770 2057 891 2126 ἄπειρον,
938 2060 1028 2114 Etiam
1057 2060 1164 2130 planius
1192 2059 1265 2115 Plac.
1285 2061 1441 2116 119.1>01.

315 2151 381 2206 338:
401 2153 427 2200 oi
444 2144 499 2202 α’πδ
518 2147 688 2219 Πυθαγόρου
714 2147 795 2208 ἐκτός
819 2133 889 2201 εἶναι
912 2153 965 2202 τοῦ
988 2147 1095 2219 κόσμου
1119 2146 1210 2212 κενόν,
1233 2151 1273 2208 είς
1291 2147 1307 2200 δ
1325 2146 1446 2202 ἀναπνεῖ

315 2235 330 2292 ὁ
349 2237 453 2310 κόσμος
472 2240 517 2290 καὶ
536 2235 566 2300 ἐξ
584 2228 625 2292 οὗ.
662 2238 794 2308 Archytas
812 2238 949 2292 infinitum
967 2241 1043 2293 extra
1061 2237 1187 2292 mundum
1207 2253 1262 2292 esse
1277 2237 1442 2294 demonstrat

317 2346 358 2399 ap.
383 2328 501 2398 simplic.
525 2328 604 2398 Phys.
626 2330 701 2384 1081.
721 2329 783 2393 467,
803 2329 838 2382 26
848 2328 880 2382 Ι).
917 2323 1045 2396 Ἀρχύτας
1070 2325 1118 2392 δέ,
1145 2325 1184 2386 ὥς
1203 2342 1288 2396 φησιν
1305 2323 1442 2398 Εὔδημος,

316 2414 405 2476 οδτιος
424 2413 515 2485 ἠρώτα
533 2415 582 2469 τόν
595 2415 700 2486 λόγον·
720 2414 750 2468 ἐν
773 2421 814 2487 τῷ
833 2414 939 2487 ἐσχάτῳ
959 2405 1017 2467 οἷον
1036 2419 1075 2487 try*
1093 2413 1213 2467 α’πλανεϊ
1233 2410 1340 2486 οόρανῷ
1357 2413 1441 2484 γενό-

316 2522 410 2577 μενος,
428 2504 549 2576 πότερον
569 2504 720 2575 ἐκτείναιμι
740 2503 775 2556 ἄν
793 2502 842 2568 τήν
853 2510 936 2574 χεῖρα
956 2501 971 2565 ἢ
988 2501 1037 2567 τήν
1048 2501 1154 2574 ῥάβδον
1173 2507 1212 2562 είς
1230 2502 1262 2555 τό
1282 2500 1341 2570 ἔξω,
1361 2501 1376 2566 ἢ
1394 2501 1443 2556 aare

315 2593 367 2659 όνς
393 2591 423 2648 τό
453 2598 507 2665 μὲν
534 2584 584 2647 οὖν
611 2593 651 2664 μή
678 2590 817 2657 ἐκτείνειν,
845 2589 965 2645 ἄτοπον
991 2595 1019 2644 εί
1041 2591 1074 2644 δὲ
1093 2591 1219 2658 ἐκτείνοι,
1245 2590 1300 2656 ἤτοι
1324 2589 1443 2662 σαῑμαῆ

316 2682 402 2744 τόπος
419 2683 452 2736 τό
469 2683 549 2742 ἐκτός
568 2680 650 2736 ἔσται.
676 2680 772 2734 διοίσει
797 2681 830 2734 δὲ
849 2679 940 2746 οὐδέν,
967 2681 1003 2739 ede
1027 2679 1227 2752 μαθησόμεθα.
1252 2676 1295 2732 αἐὶ
1320 2664 1368 2732 οὖν
1392 2686 1441 2749 βα·

317 2772 416 2826 διεῖται
435 2771 482 2824 τόν
507 2768 593 2824 αότόν
611 2771 716 2840 τρόπον
735 2769 780 2822 ἐπὶ
798 2767 830 2822 τό
848 2766 893 2822 αἐὶ
911 2767 1124 2840 λαμβανόμενον
1148 2769 1233 2839 πέρας
1241 2808 1248 2833 ,
1272 2771 1317 2820 καὶ
1342 2766 1442 2822 ταότδν

318 2861 454 2930 ἐρωτήσει,
473 2863 517 2912 καὶ
536 2862 561 2911 εἰ
577 2856 620 2910 αἐὶ
639 2859 732 2928 ἕτερον
751 2855 837 2922 ἔσται,
856 2856 931 2928 ἐφ’ὃ
947 2855 961 2923 ὴ
975 2851 1087 2927 ῥοῖβδος,
1105 2856 1190 2922 δῆλον
1204 2853 1243 2911 ὅτι
1257 2859 1301 2910 καὶ
1319 2857 1441 2925 ἄπειρον.

319 2951 368 3004 Sed
392 2953 423 3004 ut
447 2951 500 3003 iam
526 2951 554 3003 ln
580 2949 622 3002 his
647 2949 779 3018 Archytae
803 2948 993 3004 conclusionem
1013 2948 1206 3017 Peripateticus
1231 2949 1309 3002 homo
1328 2947 1443 3017 amplifi-

319 3039 399 3104 cavit,
417 3039 457 3092 ita
476 3054 543 3107 quae
561 3041 706 3106 sequuntur
725 3054 793 3091 mere
811 3037 843 3090 de
861 3053 907 3090 suo
927 3036 1032 3090 adiecit.

394 3150 421 3191 e.
450 3137 562 3205 Tempus
581 3136 666 3204 igitur
693 3152 723 3190 ex
747 3135 853 3189 infinito
878 3135 906 3188 in
933 3133 1060 3188 mnndum
1085 3133 1228 3188 inducitur.
1266 3133 1351 3188 Aliter
1369 3134 1442 3188 Plac.

319 3226 395 3281 121.
415 3226 477 3280 Dox.
497 3226 563 3280 318:
584 3229 650 3278 llos.
672 3222 721 3276 τόν
739 3221 847 3292 χρόνον
871 3223 920 3284 τήν
944 3228 1065 3294 σφαῖραν
1090 3227 1140 3274 τοῦ
1165 3222 1339 3291 περιέχοντος
1364 3209 1444 3275 εἶναι.

319 3315 402 3370 Arist.
421 3313 500 3384 Phys.
519 3313 559 3367 IV
578 3314 620 3368 10.
639 3314 721 3378 (218ιι
739 3314 774 3366 33
792 3313 830 3380 ct)
849 3311 921 3366 2181>
940 3311 970 3365 5:
991 3304 1052 3374 ἡδὲ
1076 3315 1127 3361 τοο·
1149 3305 1212 3361 ὅλου
1236 3318 1344 3381 σφαῖρα
1363 3308 1443 3372 ἔδοξε

319 3408 372 3476 μὲν
400 3411 456 3462 τοῖς
484 3405 611 3454 εἰποῦσιν
629 3387 731 3454 εἷναιό
756 3399 875 3470 χρόνος,
900 3396 940 3452 ὅτι
964 3396 995 3452 ἔν
1020 3415 1050 3451 τε
1074 3404 1115 3470 τρῖ
1138 3397 1234 3470 χρόνῳ
1262 3396 1357 3451 πάντα
1384 3397 1443 3452 ἐστὶ

319 3494 364 3545 καὶ
383 3491 414 3544 ἐν
433 3497 468 3560 τῇ
486 3496 536 3542 τοῦ
554 3486 617 3542 ὅλον
636 3494 748 3559 σφαίρᾳ.
786 3489 829 3544 Cf.
849 3488 944 3558 Simpl.
967 3489 1043 3544 165&
1064 3490 1124 3552 700,
1145 3489 1221 3542 191).

391 3592 415 3646 f.
443 3591 481 3644 De
506 3606 589 3644 vacuo
614 3589 646 3644 cf.
671 3588 858 3653 Teichmiiller,
887 3585 966 3642 Staret.
992 3604 1015 3640 z.
1042 3585 1137 3642 Gesch.
1164 3586 1190 3640 ό.
1215 3585 1308 3655 Beer,
1332 3603 1357 3655 p.
1381 3585 1443 3644 555.

321 3680 385 3734 Esse
404 3678 511 3748 aliquod
530 3694 650 3742 vacuum,
671 3675 741 3746 apud
760 3676 843 3731 Arist.
863 3675 942 3745 Phys.
962 3675 1001 3728 IV
1016 3677 1032 3730 9
1050 3675 1110 3729 init.
1129 3673 1213 3729 efficit
1226 3673 1333 3727 Xuthus
1343 3674 1444 3744 Pytha·

321 3784 427 3839 gorens:
447 3765 542 3838 εἰμὲν
560 3761 614 3835 γδρ
631 3763 671 3836 μή
689 3763 746 3817 ἐστι
763 3762 853 3835 μανόν
871 3767 917 3815 καί
935 3763 1048 3828 πυκνόν,
1074 3759 1140 3815 ου’δὲ
1158 3762 1277 3815 συνιέναι
1294 3765 1340 3814 καὶ
1358 3761 1444 3814 nris?-

322 3861 389 3909 σθαι
402 3845 462 3906 οἷόν
476 3871 514 3909 τε.
533 3856 559 3907 εί
571 3853 604 3908 δὲ
617 3857 695 3906 τοῦτο
709 3851 749 3924 μῆ
766 3855 814 3922 εἴη,
835 3848 934 3916 ἢόλως
953 3855 1053 3915 κίνησις
1072 3846 1123 3902 ov're
1140 3847 1223 3920 ἔσται,
1242 3848 1259 3915 ἢ
1276 3856 1395 3922 κυμανεῖ
1410 3849 1443 3903 τό

324 3942 399 3998 δίον.

395 4162 422 4225 1)
443 4158 599 4230 πνεύματος
622 4157 755 4226 chaignet
772 4155 802 4209 H
823 4156 869 4221 70;
890 4154 942 4209 157
966 4156 1046 4224 putat
1064 4155 1113 4208 aut
1137 4152 1282 4208 tollendum
1310 4169 1366 4207 esse
1395 4155 1444 4208 aut

323 4248 480 4306 mutandum
498 4249 526 4303 in
544 4250 662 4318 πνεῦμα.
686 4243 781 4300 Prantl
795 4261 825 4298 ex
843 4260 894 4298 unc
913 4241 969 4299 cod.
988 4243 1044 4297 edit
1063 4240 1157 4315 αότρῑ
1174 4239 1344 4314 reinciperet.
1381 4240 1445 4296 Pro·

323 4340 372 4394 hat
390 4337 417 4392 id
435 4338 545 4400 Bonita.
564 4337 674 4391 Aristot.
695 4333 771 4388 stud.
789 4333 804 4388 I
822 4334 906 4390 206⁸.
932 4327 1007 4404 αότῴ
1031 4332 1135 4389 ridetur
1159 4331 1252 4402 Simpl.
1278 4331 1362 4386 152v.
1382 4329 1442 4395 651,

324 4429 400 4485 271).
420 4427 523 4498 legisse,
542 4429 572 4481 at
592 4422 660 4481 αὐτό
678 4424 780 4494 Philop.
799 4424 827 4478 et
845 4421 1015 4477 Themistius.
