3130 4980
623 284 781 339 Dialectica.
1208 283 1262 345 247

138 445 273 530 σημεῖον
294 435 387 524 εἶναι,
410 443 449 508 τὸ
472 440 508 508 δὲ
530 441 599 508 τινὲ
621 444 719 525 δυοῖν,
742 445 781 510 τὸ
804 441 841 508 δὲ
862 442 948 522 τινὲς
970 445 1112 511 πολλῶν.
1140 449 1262 513 ΘΕΑΙ.

138 553 220 627 Πῶς
244 551 306 636 γὰρ
329 547 407 632 οὕςο

210 706 239 746 8.
269 691 385 760 Sophist.
405 691 491 745 263ss
521 693 627 747 Οὐκοῦν
645 692 758 745 διάνοια
776 692 830 764 μὲν
847 696 894 746 καλ
913 695 994 762 λόγος
1012 695 1127 748 ταύτόν·
1157 697 1262 762 πλὴνὸ

136 781 190 853 μὲν
208 782 285 842 ἐντὸς
304 791 350 848 τῆς
368 791 459 851 ψυχῆς
477 782 546 851 πρὸς
565 782 649 847 αὐτὴν
667 781 799 850 διάλογος
817 785 883 834 uoco
902 791 994 853 φωνῆς
1007 785 1172 855 γιγνόμενος
1186 781 1257 837 τοῦτ’

137 871 207 922 αὐτὸ
225 872 293 942 ἡμῖν
311 871 507 941 ἐπωνομάσθη,
527 868 641 922 διάνοια
649 892 658 934 5
698 874 794 923 ΘΕΑΙ.
824 872 906 922 Πάνυ
923 870 977 941 μέν
996 868 1051 923 οὖν.
1087 873 1138 930 ΞΕ.
1172 873 1210 925 Τὸ
1228 870 1263 926 δέ

136 954 160 1028 γ’
183 955 231 1011 ἀπ’
253 961 354 1024 ἐκείνης
381 959 468 1032 ῥεῦμα
497 957 545 1011 διδι
574 967 623 1010 τοῦ
651 958 790 1030 στόματος
818 959 861 1010 ἐὸν
887 959 958 1029 μετὰ
987 961 1118 1029 φθόγγου
1135 963 1260 1026 κέκληται

135 1048 235 1116 λόγος;
266 1052 362 1101 ΘΕΑΙ.
385 1041 492 1114 Ἀληθῆ.
508 1075 542 1084 -
562 1044 687 1114 Sequitur
705 1048 737 1099 ut
756 1062 798 1098 ors
817 1044 959 1100 dialectico
974 1063 1033 1100 oum
1051 1048 1079 1101 in
1099 1046 1165 1104 ideis
1179 1049 1260 1116 atquo

135 1135 289 1188 notionibus
316 1137 385 1188 recte
412 1133 567 1203 copulandis
594 1132 792 1202 dividendisque
821 1135 943 1189 cernatur
970 1136 1029 1190 tum
1063 1136 1090 1189 iu
1123 1135 1259 1190 vocabulis

133 1219 205 1277 'recto
223 1223 382 1292 usurpandis
401 1225 481 1292 atquc
495 1221 683 1288 consonantiis,
702 1239 727 1276 v.
742 1223 843 1292 cratyl.
858 1223 942 1277 3900
973 1226 1028 1277 Τὸν
1047 1225 1078 1279 δὲ
1097 1226 1200 1297 ἐρωτᾶν
1212 1228 1259 1278 καὶ

135 1315 339 1386 ἀποκρίνεσθαι
357 1314 544 1384 ἐπιστάμενον
562 1316 629 1365 άλλο
648 1333 675 1365 τι
694 1314 729 1365 σὺ
747 1315 837 1373 καλεῖς
855 1315 871 1378 ἢ
889 1313 1060 1366 διαλεκτικόν
1067 1337 1076 1379 ;
1101 1339 1135 1350 -
1164 1320 1259 1386 Νομο-

133 1405 220 1454 θέτοο
239 1402 274 1454 δέ
290 1420 321 1470 γε
340 1404 375 1461 ὡς
393 1403 480 1455 ἔοικεν
507 1400 600 1472 (ἔργον
618 1403 678 1456 ἐστὶ
697 1398 826 1470 ποιῆσαι)
855 1405 947 1474 ὄνομα
971 1403 1123 1468 ἐπιστάτην
1147 1403 1259 1472 ἔχοντος

131 1491 308 1548 ,διαλεκτικὸν
327 1490 424 1563 ἄνδρα,
448 1493 473 1543 ελ
489 1493 583 1562 μέλλει
601 1493 688 1549 καλῶς
707 1491 832 1562 ὀνόματα
851 1491 998 1556 θήσεσθαι.
1028 1517 1062 1526 -
1090 1489 1258 1559 Quamquam

133 1577 161 1630 in
181 1577 369 1631 vocabulorum
388 1577 630 1646 significationibus
655 1593 706 1631 non
731 1577 816 1631 solum
835 1593 922 1632 rerurn
947 1579 1085 1642 naturum,
1113 1577 1258 1632 sedetiam

133 1671 210 1720 usum
230 1669 258 1720 ct
277 1682 368 1719 casum
387 1665 501 1719 multum
520 1667 606 1720 valere
624 1665 803 1731 existimabat,
822 1665 925 1735 Crutyi.
944 1666 1029 1720 4350
1057 1669 1121 1740 ἐμοὶ
1139 1668 1192 1740 μὲν
1211 1665 1260 1721 οὖν

133 1759 179 1808 καλ
204 1757 279 1824 αὐτῷ
304 1757 411 1828 ἀρέσκει
438 1756 492 1828 μὲν
516 1757 586 1809 κατὰ
611 1757 643 1808 τὸ
662 1755 786 1808 δυνατὸν
810 1755 894 1828 ὅμοια
913 1756 984 1809 εἶναι
1003 1757 1037 1809 τὰ
1057 1758 1182 1827 ὀνόματα
1201 1761 1260 1817 τοῖς

132 1847 314 1916 πράγμασιν·
344 1846 412 1896 ἀλλὰ
430 1845 470 1916 μὴ
489 1846 524 1904 ὡς
542 1846 650 1910 ἀληθῶς
669 1871 703 1880 -
722 1847 840 1917 γλίσχρα
858 1838 875 1916 ᾗ
893 1847 909 1910 ἡ
929 1846 992 1910 δλκη
1011 1845 1079 1911 αὕτη
1098 1854 1143 1911 της
1162 1845 1258 1916 ὁμοιό-

132 1953 221 2000 τητος,
242 1935 396 2003 ἀναγκαῖον
415 1933 446 1986 δὲ
465 1927 481 2004 ᾗ
499 1937 546 1986 καὶ
565 1936 603 2001 τῷ
618 1937 738 2004 φορτικῷ
757 1935 846 2001 τούτῳ
859 1939 1064 2007 προσχρῆσθαι,
1084 1936 1117 2005 τῇ
1131 1935 1258 2006 ξυνθήκη,

131 2027 170 2083 εἰς
189 2025 337 2096 ὀνομάτων
355 2023 500 2094 ὀρθότητα.
519 2049 553 2060 -
572 2022 658 2076 436Β
682 2023 767 2089 δῆλον
785 2023 828 2074 ὅτι
848 2025 863 2075 ὁ
881 2026 999 2092 θέμενος
1017 2031 1124 2094 πρῶτος
1144 2022 1177 2074 τδι
1196 2023 1257 2074 ὀνό-

129 2131 221 2184 ματα,
253 2105 298 2164 οἷα
325 2113 420 2179 ἡγεῖτο
448 2110 518 2163 εἶναι
547 2112 581 2163 τὰ
609 2113 778 2183 πράγματα,
807 2120 922 2162 τοιαῦτα
948 2111 1056 2163 ἐτίθετο
1078 2111 1177 2162 καὶτὰ
1197 2111 1258 2162 δνό-

129 2219 216 2272 ματα.
245 2227 280 2236 -
309 2204 333 2253 εἰ
361 2195 410 2251 οἷν
437 2199 538 2259 ἐκεῖνος
563 2200 603 2270 μὴ
631 2201 718 2272 ὀρθῶς
745 2201 852 2268 ἡγεῖτο,
881 2199 961 2252 ἔθετο
990 2197 1022 2252 δὲ
1041 2191 1086 2251 οἷα
1104 2201 1204 2267 ἡγεῖτο,
1230 2203 1259 2251 τί

131 2293 184 2342 οἴει
202 2291 276 2360 ἡμᾶς
295 2288 358 2348 τοὺς
377 2289 601 2347 ἀκολουθοῦντας
628 2289 701 2357 αὐτῷ
719 2292 884 2353 πείσεσθαι,-
913 2290 979 2340 ocu>
1000 2307 1028 2340 τι
1046 2290 1062 2353 ἦ
1080 2288 1256 2354 ἐξαπατηθή·

130 2384 249 2442 σεσθαι,

201 2499 231 2557 b.
254 2495 371 2571 ’Όνομα
400 2502 441 2554 est
468 2499 596 2568 quidquid
623 2499 727 2554 nominc
759 2516 807 2553 suo
833 2499 965 2569 propriam
992 2501 1116 2554 naturum
1144 2497 1254 2565 indicat,

128 2591 205 2664 ῥῆμα
234 2588 261 2642 id
285 2605 337 2656 quo
363 2587 394 2648 dc
417 2587 566 2642 actionibus
591 2589 629 2642 rei
654 2587 756 2657 aliquid
779 2589 942 2642 enuntiatur.
971 2615 1005 2625 —
1034 2586 1149 2656 Sophist.
1169 2588 1253 2642 25913

128 2681 280 2744 τελεωτάτη
299 2680 411 2730 πάντων
428 2679 518 2747 λόγων
537 2679 613 2731 ἐστὶν
632 2678 764 2747 ἀφάνισις
783 2679 814 2730 τὸ
833 2677 957 2732 διαλύειν
971 2677 1087 2732 ἕκαστον
1106 2677 1163 2730 ἀπὸ
1182 2680 1254 2730 πάν-

128 2780 197 2820 των·
218 2767 237 2820 δ
241 2768 270 2820 ιὰ
289 2768 344 2838 γὰρ
362 2767 411 2830 τὴν
429 2767 550 2832 ἀλλήλων
569 2776 622 2818 τῶν
641 2765 723 2819 εἰδῶν
742 2767 904 2837 συμπλοκὴν
923 2768 1029 2835 ὁλόγος
1047 2770 1160 2834 γέγονεν
1178 2768 1254 2836 ἡμῖν.

125 2853 170 2908 Cf.
190 2854 315 2918 Classen,
344 2851 375 2906 dc
393 2855 584 2922 grammaticus
603 2852 718 2908 Graecae
736 2852 900 2922 primordiis,
919 2854 1003 2908 Boun.
1021 2854 1100 2919 1829,
1123 2871 1149 2923 p.
1168 2853 1203 2908 45
1214 2869 1251 2923 sq.

127 2943 273 3008 Deusohlo,
293 2942 320 2997 δ.
336 2943 406 3010 plot.
424 2939 707 3011 Sprocbpbciooopbie,
725 2943 810 2996 Morb.
831 2942 908 2997 1852.
1010 2985 1016 2996 .
1089 2973 1092 2978 ·

203 3080 230 3122 c.
259 3067 332 3120 Hooo
358 3081 387 3121 eo
405 3066 526 3131 redeunt,
551 3069 584 3119 ut
608 3066 650 3120 vel
674 3065 801 3135 loquendo
826 3065 926 3120 multus
950 3081 991 3119 res
1015 3067 1042 3120 et
1060 3066 1161 3120 multos
1179 3066 1252 3122 idcas

126 3171 183 3211 csse
202 3155 399 3223 comprobetur,
428 3157 451 3209 si
471 3154 576 3224 quidem
595 3154 704 3208 diversis
727 3154 877 3208 nominibus
896 3154 1013 3207 diversae
1030 3171 1071 3208 ros
1090 3153 1250 3209 indicuntur.

126 3244 227 3298 Eadem
247 3244 351 3297 rationo
369 3243 548 3298 Eleaticorum
568 3247 676 3309 ,unum‘
694 3244 868 3312 impugnatur
886 3243 1001 3312 Sophist.
1021 3242 1106 3296 244‘0
1131 3246 1182 3303 ΞΕ.
1214 3246 1252 3298 Τό

125 3353 156 3388 τε
175 3334 230 3387 δύο
249 3335 375 3405 ὀνόματα
395 3336 545 3405 ὁμολογεῖν
569 3333 639 3386 εἶναι
661 3333 752 3405 μηδὲν
769 3337 891 3405 θέμενον
909 3334 980 3398 πλὴν
998 3331 1027 3384 ἐν
1044 3333 1252 3410 καταγέλαστδν

124 3442 190 3476 που.
231 3427 329 3476 ΘΕΛΙ.
365 3428 430 3482 Πῶς
453 3417 483 3475 δ’
502 3425 552 3487 οδ,
571 3423 624 3480 ΞΕ.
653 3424 710 3473 Καὶ
729 3423 761 3474 τὸ
779 3423 916 3494 παράπαν
938 3439 970 3490 γε
990 3419 1183 3488 ἀποδέχεσθαι
1202 3429 1252 3472 τοῦ

123 3513 255 3580 λέγοντος
274 3513 309 3570 ὡς
328 3511 404 3563 ἔστιν
422 3513 513 3582 ὄνομά
531 3529 565 3574 τι,
584 3511 669 3578 λόγον
687 3511 735 3562 οὐκ
754 3512 789 3561 δν
807 3510 878 3579 ἔχον.
919 3513 1016 3563 ΘΕΑΙ.
1045 3511 1108 3580 Πῇ,·
1127 3509 1179 3567 ΞΕ.
1203 3514 1250 3562 Τι·

122 3605 184 3660 θείς
212 3617 242 3652 τε
270 3602 395 3671 τοῦνομα
424 3609 475 3651 τοῦ
499 3601 665 3671 πράγματος
692 3598 785 3670 ἕτερον
812 3597 865 3650 δύο
883 3600 955 3666 λέγει
974 3599 1031 3649 πού
1049 3615 1112 3649 τινε.
1153 3602 1248 3651 ΘΕΑΙ.

122 3686 192 3742 Ναί.
230 3688 283 3746 ΞΕ.
316 3689 374 3740 Καὶ
401 3689 457 3758 μὴν
485 3689 520 3740 δν
548 3688 649 3739 ταύτόν
676 3705 707 3754 γε
732 3687 806 3754 αὐτῷ
833 3689 898 3758 τιθῇ
926 3688 1063 3757 τοῦνομα,
1091 3689 1108 3750 ἢ
1131 3685 1250 3758 μηδενὸς

121 3780 214 3850 ὄνομα
241 3777 487 3844 ἀναγκασθήσεται
511 3777 613 3844 λέγειν·
638 3779 662 3828 ελ
685 3774 720 3828 δέ
736 3794 809 3834 τινος
828 3776 895 3827 αὐτὸ
914 3775 1010 3845 (ρήσει,
1030 3774 1201 3844 συμβήσεται
1218 3775 1249 3825 τὸ

121 3869 213 3936 ὄνομα
234 3866 373 3936 ὀνόματος
396 3868 487 3936 ὄνομα
512 3865 614 3936 μόνον,
643 3866 727 3916 ἄλλον
752 3863 784 3916 δὲ
804 3863 915 3923 οὐδενὸς
933 3867 971 3915 δν.
1012 3866 1108 3916 ΘΕΑΙ.
1149 3862 1247 3920 Οὕτως.

120 3955 174 4013 ΞΕ.
205 3957 264 4006 Καὶ
284 3953 316 4005 τὸ
334 3953 365 4006 ἓν
381 3971 421 4022 γε,
440 3953 499 4012 ἑνὸς
518 3951 547 4005 ἓν
567 3955 598 4004 δν
615 3952 716 4024 μόνον,
735 3955 883 4004 καὶτοῦτο
902 3953 1039 4023 ὀνόματος
1058 3945 1093 4001 αὖ
1111 3950 1143 4000 τὸ
1162 3947 1191 4001 ἐν
1209 3951 1247 3999 δν.

124 4047 223 4097 ΘΕΛΙ.
260 4037 385 4110 Ἀνάγκη.

72 4305 112 4346 254
190 4271 333 4354 Sophist.
357 4276 421 4336 248
435 4270 471 4334 E.
510 4269 555 4334 Τὸ
579 4265 616 4334 δὲ
638 4267 823 4352 γιγνώσκειν
846 4263 939 4354 εἴπερ
964 4261 1057 4331 ἔσται
1080 4268 1188 4331 ποιεῖν
1203 4289 1245 4346 τι,
1266 4274 1430 4372 {dffliiiffi

120 4377 158 4443 τὸ
180 4374 437 4464 γιγνωσκόμενον
459 4374 636 4460 ἀναγκαῖον
659 4369 700 4438 αὖ
723 4369 891 4456 ξυμβαίνει
913 4372 1059 4454 πάσχειν,
1084 4373 1167 4438 ὥστε
1188 4373 1246 4460 τὴν

939 4471 941 4476 ¹
978 4478 1033 4531 17*
