3140 4990
655 322 775 392 Gorgias.
1223 323 1278 383 «189

158 484 204 562 ὡς
227 483 376 568 γενόμενα
398 481 641 563 ε’πιδεικνόντες,
664 493 768 549 ταῦτα
789 481 1011 569 σολλογίζεται
1034 474 1115 550 κατ’
1132 484 1278 574 ἀμφοτέ·

160 615 232 678 ρων.
277 579 417 678 Ἀνάγκη
440 589 510 676 γάρ,
534 587 641 679 φησίν,
664 586 699 656 εἴ
716 615 749 656 τι
772 586 877 672 ἔστι),
906 584 988 680 μήτε
1010 587 1044 657 ἓν
1065 593 1147 680 μήτε
1169 593 1278 658 πολλὰ

159 689 243 762 εἶναι
250 747 259 778 ,
288 697 369 786 μήτε
398 695 535 785 ἀγένητα
564 699 645 786 μήτε
667 697 832 782 γενόμενα,
858 699 1014 782 <ι“όστε>2
1037 697 1129 764 οὐδὲν
1151 700 1189 764 ἀν
1218 695 1277 788 εἴη.

159 801 189 870 εἰ
218 806 279 891 γάρ
309 801 380 892 εἴη8
410 829 459 886 τι,
495 805 615 870 τούτων
649 805 687 870 ἀν
720 805 849 892 θάτερα
883 801 941 894 εἴη.
990 793 1066 874 Ὅτι
1084 794 1187 890 (δ’)4
1222 804 1279 871 οὐκ

159 907 248 977 ἐστιν
270 909 342 977 olive
364 906 398 977 ἓν
420 909 493 978 σ’ότε
520 910 645 992 πολλά,
676 909 749 977 σ’ότε
772 911 910 1000 ἀγένητα
943 911 1014 979 olivo
1029 912 1209 998 γενόμενα,
1237 915 1279 978 τά

158 1017 219 1102 μὲν
242 1019 286 1096 ὡς
308 1017 493 1100 Μέλισσος,
522 1019 564 1084 τά
587 1017 623 1084 δὲ
646 1019 689 1097 ὡς
712 1019 823 1107 Ζήνων
846 1017 1003 1107 ἐπιχειρεῖ
1025 1020 1176 1086 δεικνύειν
1197 1022 1280 1102 μετὰ

158 1127 216 1214 τὴν
239 1126 372 1214 πρώτην
394 1123 479 1192 ἰ’διον
501 1124 600 1191 αὐτοῦ
623 1124 808 1205 ἀπόδειξιν,
832 1125 865 1191 ἐν
886 1109 907 1213 ᾗ
931 1125 1015 1212 λέγει
1038 1127 1090 1192 ότι
1112 1126 1170 1192 οὐκ
1193 1122 1280 1192 ἔστιν

160 1231 233 1299 olivo
254 1225 336 1298 εἶναι
360 1230 431 1297 olivo
452 1233 496 1321 μὴ
519 1224 612 1298 εἶναι.
657 1229 686 1298 εἰ
707 1231 767 1316 μὲν
789 1233 850 1320 γάρ
872 1233 911 1298 τὸ
938 1234 983 1321 μὴ
1012 1225 1096 1298 εἶναι’
1125 1233 1212 1299 ἐστι’
1234 1235 1278 1322 μὴ

159 1331 252 1418 εἶναι,
276 1337 367 1404 οὐδὲν
390 1338 428 1402 ἀν
450 1333 547 1426 ἧττον
578 1339 616 1404 τό
643 1339 688 1426 μν)
719 1338 754 1404 δν
784 1350 842 1404 τοῦ
865 1335 955 1417 όντος
986 1335 1045 1428 εἴη.
1091 1340 1129 1405 τό
1158 1363 1192 1406 τε
1219 1342 1279 1427 γάρ

159 1447 205 1534 μὴ
227 1443 263 1510 όν
285 1444 356 1510 ἐστι
377 1447 421 1532 μὴ
444 1442 487 1526 όν,
511 1443 568 1510 καὶ
591 1446 629 1511 τό
652 1445 687 1510 δν
710 1441 758 1525 όν,
789 1447 872 1512 ὥστε
895 1444 986 1512 οὐδὲν
1008 1447 1133 1530 μᾶλλον
1155 1447 1175 1534 ἢ
1197 1439 1280 1512 εἶναι

159 1551 261 1641 ἢούκ
283 1544 365 1618 εἶναι
388 1554 430 1616 τά
452 1551 648 1640 πράγματα·
676 1548 707 1616 εὶ
729 1540 762 1616 δ’
782 1552 869 1635 ὅμως
890 1554 929 1619 τό
950 1554 996 1642 μὴ
1019 1545 1103 1618 εἶναι
1126 1549 1212 1634 ἔστι,
1241 1554 1280 1620 τὸ

161 1651 254 1738 εἶναι,
278 1655 386 1746 φησίν,
410 1657 468 1724 οόκ
489 1654 575 1740 ἔστι,
602 1660 641 1724 τὸ
664 1655 886 1743 ἀντικείμενον.
932 1657 962 1725 εὶ
984 1662 1045 1748 γὰρ
1068 1661 1107 1726 τδ
1128 1662 1174 1749 μν)
1196 1653 1280 1726 εἶναι

161 1759 242 1844 ἔστι,
265 1767 303 1831 τὸ
326 1757 410 1830 εἶναι
432 1757 584 1852 μὴεῖναι
607 1765 782 1854 προσήκει·
806 1767 889 1832 ὥστε
911 1765 969 1834 οόκ
984 1768 1023 1832 ἀν
1038 1768 1149 1846 οότιος,
1173 1765 1280 1856 φησίν,

161 1869 253 1937 οὐδὲν
275 1872 314 1936 ἀν
337 1868 402 1960 εἴη,
434 1867 464 1936 εὶ
486 1873 531 1960 μὴ
553 1870 670 1938 ταύτόν
692 1871 781 1938 ἐστιν
804 1865 889 1938 εἶναι’
911 1896 945 1938 τε
967 1871 1025 1939 καὶ
1047 1877 1091 1962 μὴ
1115 1867 1205 1940 εἶναι.
1252 1871 1281 1940 εἰ

162 1976 198 2044 δὲ
221 1977 330 2059 ταότό,
352 1976 411 2044 καὶ
434 1979 535 2056 οότως
557 1978 616 2044 οὐκ
638 1979 676 2043 ἀν
698 1976 748 2067 εἴη
772 1977 881 2045 οὐδέν·
904 1979 942 2046 τό
965 2004 1000 2046 τε
1023 1981 1084 2066 γάρ
1105 1981 1150 2068 μὴ
1173 1982 1209 2046 δν
1224 1980 1280 2047 οόκ

162 2081 232 2151 ἔστι
255 2084 373 2151 καὶτὸ
396 2082 445 2166 όν,
474 2081 610 2172 ἐπείπερ
633 2109 668 2170 γε
698 2084 798 2152 ταύτὸ
827 2087 876 2172 τῷ
904 2088 949 2174 μὴ
978 2083 1054 2152 όντι.
1102 2082 1193 2165 οὗτος
1222 2087 1281 2170 μὲν

163 2189 217 2260 οόν
240 2193 258 2258 ό
282 2192 432 2279 πρῶτοςὁ
456 2191 550 2276 λόγος
573 2189 724 2258 ἐκείνου).

234 2331 263 2372 ιι.
283 2318 341 2370 ἔστι
359 2316 479 2384 ambiguo
498 2316 597 2369 dietum
615 2318 647 2369 ut
665 2319 721 2370 tam
735 2316 827 2385 copulo
841 2333 918 2385 quam
932 2317 1038 2369 verbum
1056 2316 1206 2369 absolutum
1225 2333 1281 2370 osso

166 2405 258 2476 possit.

229 2512 264 2570 lo.
290 2511 383 2566 Totam
407 2510 659 2579 argumentationem
684 2513 773 2580 paucis
798 2511 966 2564 commutatis
989 2511 1088 2580 repetit
1106 2511 1176 2566 Sosi.
1195 2512 1279 2566 Math.

162 2601 213 2654 VII
231 2602 351 2668 66-76,
376 2599 505 2669 copiosius
530 2600 633 2669 quidem
658 2601 704 2654 sod
721 2601 808 2654 minus
831 2603 965 2666 occursio,
994 2601 1024 2654 oi.
1044 2600 1108 2654 Foss
1132 2619 1157 2671 p.
1185 2603 1280 2671 lllsq.

162 2690 263 2744 Melissi
281 2692 309 2744 ot
322 2689 432 2742 Zenonis
451 2689 612 2757 argument-is
627 2705 678 2758 quo
692 2693 769 2758 pacto
783 2706 847 2742 usus
862 2690 898 2742 sit
912 2687 1023 2757 Gorgias
1036 2707 1067 2742 ox
1081 2691 1129 2743 hoo
1144 2691 1281 2760 spooimino

162 2779 271 2834 iudicari
289 2778 400 2848 poterii:
419 2778 459 2832 Do
476 2778 583 2832 Melisso
596 2779 629 2832 X.
645 2779 672 2832 Z.
692 2779 716 2832 6.
736 2779 807 2834 979)
826 2779 862 2834 20
878 2781 950 2851 μετὰ
969 2780 1000 2833 δὲ
1021 2790 1119 2832 τοῦτον
1138 2781 1282 2848 τὸνλόγον

164 2873 259 2940 φησίν·
279 2873 315 2925 Εἰ
333 2869 365 2922 δὲ
383 2869 470 2932 ἔστιν,
494 2871 554 2933 ἤτοι
574 2870 706 2937 ἀγένητον
724 2872 739 2934 ἢ
758 2870 908 2940 γενόμενον
926 2869 1003 2922 εἶναι.
1039 2873 1086 2921 καὶ
1104 2870 1198 2940 εἰμὲν
1218 2870 1280 2937 ἀγέ-

162 2978 257 3025 νητον,
287 2961 401 3030 ἄπειρον
429 2959 497 3010 αὐτὸ
521 2963 578 3018 τοῖς
603 2968 653 3011 τοῦ
677 2961 824 3011 Μελίσσου
852 2959 990 3030 ἀξιώμασι
1014 2961 1160 3030 λαμβάνει·
1190 2960 1222 3010 τὸ
1250 2955 1277 3011 δ’

163 3051 278 3120 ἀπειρον
296 3049 345 3100 οὐκ
363 3049 398 3099 δν
416 3047 487 3100 εἶναί
505 3047 588 3100 πουθ.
631 3050 691 3100 οὔτε
715 3049 769 3119 γὰρ
787 3048 816 3100 ἐν
836 3048 908 3114 αὑτῷ
929 3043 988 3099 οὔτ’
1007 3050 1042 3098 (ἲν
1060 3049 1089 3098 ἐν
1109 3049 1179 3115 olio
1197 3047 1279 3101 εἶναι·

162 3135 216 3190 δύο
234 3137 289 3207 γὰρ
307 3139 342 3188 ἂν
361 3137 446 3196 οὕτως
464 3139 481 3200 ἢ
499 3139 583 3189 πλείω
601 3136 685 3200 εἶναι,
705 3138 737 3188 τό
755 3154 783 3188 τε
802 3137 864 3188 ἐνὸν
881 3139 927 3188 καὶ
947 3137 978 3187 τό
996 3137 1025 3189 ἐν
1043 3135 1077 3204 ᾡ
1095 3137 1231 3208 μηδαμοῦ
1249 3136 1281 3189 δὲ

81 3271 84 3278 .
163 3229 195 3277 ὃν
215 3225 297 3278 οὐδὲν
315 3225 385 3278 εἶναι
403 3227 473 3278 κατὰ
492 3227 540 3277 τὸν
558 3227 683 3291 Ζήνωνος
702 3227 785 3293 λόγον
804 3228 865 3294 περὶ
884 3233 930 3290 τῆς
947 3226 1044 3292 χώρας.

114 3400 154 3442 186
232 3383 315 3450 Sext.
338 3385 439 3450 Math.
462 3385 527 3448 VH
551 3394 602 3451 77.
644 3371 719 3450 t'Ost
743 3382 779 3482 δὲ
801 3383 861 3448 κάν
882 3369 903 3470 ᾗ
930 3409 979 3462 τι,
1003 3394 1097 3449 τοῦτο
1120 3383 1281 3467 ἀγνιοστόν
1301 3379 1358 3419 ”5¹¹ss
1372 3380 1475 3430 ⁰⁰⁸¹¹⁰⁸⁰¹

1351 3434 1425 3484 potest

163 3515 198 3556 τε
214 3489 272 3556 καὶ
288 3489 497 3578 ἀνεπινόητόν
509 3488 596 3556 ἐστιν
607 3489 786 3577 ἀνθρώπῳ,
803 3488 1051 3577 παρακειμένως
1064 3488 1280 3556 ὑποδεικτέον.

162 3594 191 3663 εἰ
214 3598 276 3683 γὰρ
299 3599 341 3662 τὰ
364 3597 571 3684 φρονοόμενα,
595 3594 694 3684 φησὶν
717 3597 734 3661 ὁ
760 3593 914 3683 Γοργίας,
943 3594 1000 3660 οάκ
1022 3591 1111 3661 ἔστιν
1134 3592 1220 3675 όντα,
1245 3598 1283 3662 τὸ

162 3703 198 3770 ὂν
221 3702 258 3769 οό
287 3707 463 3792 φρονεῖται.
496 3740 537 3749 -
570 3709 621 3768 78.
645 3701 702 3768 καὶ
731 3702 782 3768 ότι
812 3704 853 3766 τά
876 3703 1076 3790 φρονοόμενα
1108 3701 1165 3767 οάκ
1195 3699 1282 3767 ἔστιν

162 3807 257 3889 όντα,
287 3807 460 3896 σομφανές.
490 3847 531 3856 -
564 3818 615 3875 79.
639 3808 712 3876 οὐδὲ
742 3811 802 3897 γάρ
833 3810 871 3874 ἀν
893 3807 997 3897 φρονῇ
1025 3835 1076 3887 τις
1105 3808 1283 3896 ἀνδριοπον

164 3913 343 3999 ἳπτάμενον
364 3916 383 4003 ἢ
407 3917 538 4002 ἅρματα
562 3913 594 3980 ἐν
618 3915 752 4000 πελάγει
775 3914 936 4003 τρέχοντα,
960 3914 1081 3994 εόδέιος
1104 3914 1282 4002 ἄνθρωπος

236 4184 263 4246 1)
281 4183 347 4244 ἔστι,
370 4185 450 4246 (ἤτοι
468 4183 497 4235 ἓν
523 4171 646 4248 {inoliti
671 4182 741 4234 εἶναι
765 4187 811 4235 καὶ
830 4187 889 4248 ἤτοι
908 4185 1026 4252 ἀγένητα
1046 4186 1060 4247 ἢ
1079 4183 1221 4252 γενόμενα.
1259 4186 1283 4233 εἰ

164 4271 199 4338 δὴ
218 4274 381 4343 ξινμβαίνει>
397 4270 499 4324 Bonitz.
515 4297 548 4307 —
563 4271 591 4334 2)
606 4269 716 4334 <ὥστε>
731 4275 783 4324 BP.
802 4297 836 4307 -
855 4271 882 4334 3)
900 4273 940 4343 μὴ
958 4276 999 4337 εἴη
1013 4269 1087 4322 libri:
1106 4273 1147 4335 εἴη
1161 4267 1232 4321 Foss.
1247 4295 1281 4306 -

162 4360 192 4424 4)
206 4359 281 4426 (δὲ)
295 4364 352 4412 ΒΡε
368 4355 461 4422 (οὖν)
474 4358 576 4411 Bonitz.
596 4385 630 4396 -
648 4356 677 4421 5)
696 4362 711 4410 ὁ
730 4361 811 4433 αὐτός
829 4359 901 4412 libri:
923 4361 1004 4419 αὐτὸς
1023 4357 1127 4410 ὁῈοεεε
1148 4360 1163 4409 ὁ
1177 4368 1283 4429 πρῶτος

163 4455 215 4502 ΒΡ.
235 4477 269 4486 -
289 4448 316 4512 6)
335 4466 401 4500 ποτε
420 4446 495 4500 libri:
515 4467 570 4500 nov
588 4446 646 4500 coll.
666 4446 737 4501 Sexi.
756 4448 840 4500 Math.
859 4447 910 4500 VlI
929 4448 963 4500 69
981 4446 1054 4500 Foss.
