3130 4980
160 343 164 352 “
274 330 329 391 254
790 333 875 387 Plato.

275 495 471 582 Πρώταρχε,
502 489 679 580 εἷρηιιέναι,
711 481 786 558 ἀλλ’
812 488 882 558 ἔστι
912 495 982 569 τοῖς
1004 489 1064 574 μὲν
1087 491 1195 556 πάλαι
1219 490 1397 580 ἀποφηνα-

274 600 392 684 μένοις,
417 602 461 678 ὡς
483 597 534 664 ἀεὶ
555 609 614 664 τοῦ
636 600 760 677 παντὸς
782 609 854 676 νοῦς
878 598 974 686 ι’ύρχει,
999 597 1164 681 ξύμμαχος
1187 593 1349 674 solvont.

345 793 374 833 a.
404 777 536 842 Quattuor
553 792 649 844 genera
667 779 732 830 suut
750 779 781 829 τὸ
801 780 916 848 (ἔπειρον
933 776 959 829 h.
980 775 1143 837 amatoria,
1172 777 1204 828 τὸ
1223 777 1308 844 πέρας
1326 773 1352 826 1.
1372 789 1395 828 e.

273 868 342 921 ratio
360 865 547 920 mathematica
565 882 586 918 s.
605 865 715 931 numeri,
735 868 766 918 τὸ
784 867 883 936 μικτὸν
897 867 926 918 ἐκ
945 867 1055 918 τούτοιν
1069 865 1179 937 ἀμφοῖν
1196 863 1223 916 h.
1234 879 1256 915 s.
1270 861 1395 930 muudus,

274 957 385 1026 deniquo
404 959 436 1008 τὸ
455 965 555 1008 ποιοῦν
572 959 619 1007 καὶ
638 957 670 1007 τὸ
689 959 779 1007 αἴτιον
797 953 823 1006 h.
842 969 864 1006 e.
884 953 949 1006 deus
968 955 1078 1016 creator,
1099 969 1150 1022 quo
1169 951 1285 1004 omnium
1306 967 1396 1004 rarum

273 1059 366 1099 causas
384 1043 562 1097 continentur.
599 1041 637 1097 Cf.
656 1043 683 1096 Z.
703 1043 730 1095 11
749 1039 790 1108 1⁸,
810 1040 888 1096 577¹.
925 1041 968 1095 Ad
985 1042 1058 1095 ideas
1077 1044 1109 1095 τὸ
1128 1045 1213 1113 πέρας
1231 1039 1395 1094 referendum

274 1151 331 1188 assa
349 1135 458 1186 censent
475 1131 597 1198 Braudis,
610 1129 763 1210 *Stoinhart
781 1130 962 1197 Teichmiiller,
982 1130 1036 1183 alii.

343 1275 374 1330 b.
403 1274 441 1330 cf.
460 1274 575 1344 Sophist.
595 1273 682 1328 249A
700 1279 743 1326 a?
762 1273 828 1340 254;
846 1273 912 1328 Tim.
931 1274 967 1327 30
976 1273 1008 1326 B.

109 1436 162 1479 deus
177 1439 200 1480 et
214 1439 246 1480 (111
345 1431 371 1472 t·
400 1417 438 1472 Cf.
457 1417 568 1470 Phaedr.
588 1416 672 1469 2461]
698 1420 712 1468 ὁ
739 1417 792 1487 μὲν
819 1417 854 1482 δὴ
881 1420 969 1485 μέγας
996 1416 1105 1488 ἡγεμὼν
1132 1417 1162 1468 ἓν
1191 1417 1297 1486 οὐρανῷ
1325 1414 1395 1474 Ζεὺς

272 1509 394 1561 ἐλαύνων
413 1509 517 1572 πτηνὸν
536 1508 613 1578 ἅρμα
632 1517 738 1579 πρῶτος
757 1507 914 1579 πορεύεται,
935 1506 1097 1576 διακοσμῶν
1116 1507 1208 1557 πάντα
1232 1507 1278 1556 καὶ
1297 1505 1396 1574 ἔταμε·

272 1599 406 1669 λούμενος
425 1625 467 1659 -,
487 1605 541 1648 τῶν
560 1596 591 1648 δὲ
607 1598 703 1659 ἄλλων,
723 1595 785 1648 ὅσοι
804 1597 834 1648 ἐν
852 1598 889 1664 τῷ
908 1606 962 1646 τῶν
975 1595 1083 1648 δώδεκα
1099 1597 1211 1668 ἀριθμῷ
1229 1597 1395 1664 τεταγμένοι

272 1689 335 1738 θεοὶ
364 1689 505 1758 ἄρχοντες,
533 1686 665 1752 ἡγοῦνται
691 1685 761 1736 κατὰ
781 1687 859 1745 τύξιν
881 1684 914 1749 ἢν
932 1683 1046 1750 ἕκιιστρς
1064 1685 1168 1753 ἐτύχθη
1188 1709 1236 1746 -,
1265 1684 1396 1753 πράττων

272 1774 387 1833 ἕκαστος
407 1775 548 1826 αὐτῶντὸ
567 1775 660 1825 αὑτοῦ.
698 1770 862 1840 Quamquam
881 1788 896 1824 a
914 1771 1033 1838 Platona,
1053 1771 1136 1824 sicubi
1155 1770 1279 1823 derebus
1298 1769 1394 1822 divinis

272 1879 358 1916 sermo
377 1864 426 1928 est,
448 1865 476 1913 οἱ
493 1865 555 1915 θεοὶ
575 1860 678 1930 saepius
697 1861 868 1914 nominantur
886 1861 929 1927 (ol.
949 1860 981 1913 do
998 1861 1060 1928 Lag.
1079 1860 1105 1912 X
1122 1859 1209 1914 8991)
1220 1859 1277 1928 sq.),
1304 1861 1394 1911 tamon

271 1967 300 2004 rs
327 1967 388 2004 vera
415 1967 497 2004 unum
524 1950 601 2003 deum
628 1949 858 2020 esse-simplicem
885 1952 914 2002 et
942 1952 1078 2002 aeteruum
1105 1951 1134 2001 st
1160 1963 1253 2018 puram
1277 1950 1394 2000 mentem

272 2040 409 2094 statuebat
426 2038 578 2106 vulgaribus
597 2041 735 2108 poetarum
754 2037 940 2090 traditionibus
960 2037 1083 2090 acerrime
1097 2035 1260 2102 adversatus,
1279 2035 1311 2089 cf.
1325 2035 1392 2089 lim.

271 2129 305 2182 37
315 2129 348 2195 D,
367 2127 443 2194 5211,
463 2127 568 2182 Conviv.
588 2127 640 2180 208
650 2125 681 2192 B,
700 2125 765 2196 Rop.
785 2125 977 2195 11377Dsq,
996 2127 1050 2179 380
1059 2125 1092 2179 D.

342 2269 372 2325 d.
402 2269 538 2338 Significat
555 2268 752 2354 Anaxagoram,
780 2269 811 2323 cf.
832 2268 931 2337 Cratyl.
950 2267 1034 2322 4130
1058 2269 1128 2321 εἶναι
1147 2269 1178 2321 ol
1197 2271 1228 2320 τὸ
1247 2268 1357 2321 δίκαιον
1377 2269 1392 2320 ὃ

271 2363 342 2428 λέγει
358 2355 548 2430 Ἀναξαγόρας,
574 2370 641 2411 νοῦν
659 2359 728 2412 εἶναι
748 2369 842 2411 τοῦτο·
877 2360 1064 2431 αὐτοκράτορα
1083 2359 1137 2431 γὰρ
1157 2359 1241 2409 αὐτὸν
1260 2359 1326 2409 ὄντα
1345 2361 1393 2409 καλ

272 2447 365 2500 ούύενὶ
383 2453 558 2520 μεμιγμένον
577 2451 669 2500 πάντα
689 2452 774 2518 φησὶν
793 2449 878 2500 αὐτὸν
895 2453 1011 2518 κοσμεῖν
1029 2449 1062 2499 τὰ
1078 2449 1231 2520 πράγματα
1251 2445 1300 2499 διὰ
1320 2449 1391 2498 noiv-

271 2555 325 2588 των
345 2537 430 2600 ἰόντα,
450 2553 473 2589 ν.
492 2541 536 2587 lm
556 2536 614 2589 123.

345 2674 413 2728 Aliis
437 2675 501 2728 locis
526 2675 590 2728 deus
616 2675 731 2728 omnium
755 2675 887 2740 idearum,
915 2675 1086 2728 maximarum
1104 2675 1284 2743 minimarum,
1312 2691 1391 2728 eausa

196 2832 200 2838 .
270 2781 327 2818 esso
355 2763 531 2832 significatur,
559 2763 667 2833 Rer
692 2763 744 2817 597
754 2763 784 2816 Β.
804 2762 832 2830 C,
859 2763 918 2816 aliis
942 2764 1058 2816 omnium
1081 2780 1168 2816 rarum
1187 2763 1345 2832 principium
1363 2765 1391 2816 et

269 2853 330 2906 finis
355 2855 434 2922 atque
459 2869 582 2906 mensura
600 2853 763 2922 appellatur,
791 2853 852 2920 Leg.
870 2853 908 2904 lv
927 2852 979 2906 715
988 2851 1017 2919 Ε,
1038 2853 1089 2906 716
1100 2851 1127 2906 0.
1164 2852 1231 2904 Aliis
1250 2851 1298 2904 deo
1317 2852 1392 2905 abso·

270 2941 356 2994 lutam
380 2941 517 2994 scientiam
542 2941 653 3006 tribuit,
677 2946 720 2992 a?
739 2941 805 3007 245,
833 2941 893 2994 aliis
912 2941 1101 2994 omnebonum
1120 2941 1152 2992 ab
1171 2957 1201 2994 eo
1219 2940 1391 3010 repetendum

270 3046 328 3082 essa
347 3028 424 3094 dicit,
451 3029 516 3099 Rep.
534 3029 562 3082 Π
579 3029 731 3098 380Dsq.‚
759 3029 819 3082 aliis
847 3045 907 3082 eum
934 3031 982 3082 τὸν
1007 3031 1139 3096 ἀληθινὸν
1163 3031 1223 3101 ἅμα
1245 3033 1293 3082 καὶ
1311 3035 1391 3082 ,νεῖον

270 3129 337 3172 νοῦν
355 3117 472 3186 appellat
490 3120 518 3170 ot
536 3117 605 3170 idem
623 3135 680 3170 essa
699 3119 896 3188 προθύροισι]
915 3117 1012 3170 diserte
1026 3117 1187 3186 pronuntiat,
1207 3116 1389 3170 Philomeli.

269 3206 388 3275 Denique
407 3222 465 3258 oum
483 3205 567 3276 ipsius
585 3207 736 3259 intellectus
756 3205 836 3260 divini
854 3208 942 3258 motus
961 3222 977 3258 a
995 3206 1070 3258 uobis
1089 3205 1159 3258 carni
1177 3221 1229 3258 uon
1246 3206 1340 3274 possit,
1359 3223 1390 3259 ex

269 3295 385 3348 motibus
417 3311 553 3364 corporum
586 3295 739 3348 coelestium
771 3295 804 3346 da
835 3311 864 3347 eo
892 3293 1095 3347 existimandum
1122 3310 1179 3346 esse
1211 3297 1301 3346 censat
1327 3294 1390 3362 Lag.-

269 3384 295 3437 X
316 3384 417 3450 89711,
443 3384 597 3452 quibuscum
616 3383 771 3436 conferenda
789 3399 855 3452 quae
875 3383 997 3436 similitor
1016 3383 1047 3436 de
1065 3383 1124 3435 idea
1141 3382 1203 3436 boni
1222 3382 1390 3435 dissemutur

269 3473 333 3542 Rap.
352 3473 390 3524 VI
408 3471 540 3542 bOSqu.
566 3475 620 3539 (BP
639 3471 710 3536 259).
757 3471 923 3542 Quapropter
946 3474 1016 3524 recte
1040 3471 1168 3526 statuisse
1192 3471 1317 3524 videntur
1344 3471 1389 3540 qui

270 3561 346 3614 deum
365 3563 445 3629 atque
463 3561 526 3614 boni
543 3560 628 3614 ideam
646 3561 752 3614 Platoni
777 3559 867 3614 eodem
884 3561 986 3614 vonisse
1004 3563 1180 3630 putaverunt,
1207 3560 1281 3614 velut
1298 3559 1389 3614 Rittar
1412 3611 1414 3616 ,

269 3649 376 3716 (Gesob.
396 3649 422 3702 d.
441 3649 554 3702 Ρ1ιι”1.11
572 3650 624 3703 313
636 3650 693 3718 sq.),
713 3649 826 3702 Braudis
844 3649 929 3715 (Hdb.
948 3649 976 3701 H
988 3651 1010 3715 1,
1030 3650 1151 3718 323111),
1169 3649 1264 3702 Bonita
1278 3649 1388 3720 (disput.

268 3737 418 3791 Platonicae
437 3737 511 3803 duae,
529 3737 622 3790 Dresd.
643 3737 730 3804 1837),
750 3738 835 3790 Zeller
852 3738 933 3805 (Phil.
949 3737 974 3791 d.
986 3737 1034 3792 Gr.
1048 3738 1077 3791 II
1093 3737 1134 3806 1⁸,
1154 3737 1280 3808 591sq.);
1301 3755 1389 3808 quam·

269 3843 347 3896 quam
366 3826 528 3880 dissentiunt
546 3827 598 3892 alii,
623 3827 697 3879 velut
715 3825 743 3880 C.
761 3825 789 3879 F.
808 3827 943 3880 Hermann
961 3827 1026 3894 (ind.
1045 3828 1105 3881 lect.
1124 3827 1210 3882 Marb.
1230 3825 1334 3894 18³'laa)
1361 3829 1389 3880 st

268 3915 481 3983 Trandelenburg
508 3915 551 3982 (de
574 3915 644 3968 Plat.
663 3915 765 3968 Philebi
792 3915 899 3969 oonsilio
925 3933 951 3986 p.
972 3906 1004 3969 17
1016 3917 1073 3986 sq.),
1119 3915 1196 3972 Certe
1223 3917 1301 3970 Plato
1329 3917 1389 3970 sub·

82 4018 136 4060 osus
151 4031 194 4062 uon
208 4022 243 4085 esc
271 3995 398 4058 stantiam
416 4005 458 4058 dei
477 4003 598 4057 absolute
615 4004 710 4056 bonam
728 4021 785 4057 esse
803 4005 917 4074 putabat
934 4008 988 4072 (ΒΡ
1000 4006 1063 4071 263)
1081 4022 1165 4074 neque
1184 4005 1312 4076 quidquid
1325 4007 1387 4061 mali

95 4083 162 4115 ⁰³⁸³*
175 4074 229 4116 ‘³³¹¹
269 4097 297 4148 st
314 4094 460 4164 imperfecti
478 4094 506 4146 in
524 4093 621 4146 mundo
639 4092 710 4148 inest
728 4094 782 4147 ullo
800 4097 878 4164 pacto
898 4094 945 4148 deo
963 4094 1141 4160 tribuendum,
1169 4093 1235 4164 Rep.
1254 4095 1386 4152 113790.

271 4185 326 4237 Οὐκ
346 4189 399 4255 ἄρα
418 4187 530 4236 πάντων
548 4201 579 4252 γε
595 4187 685 4235 αἴτιον
702 4185 734 4236 τὸ
748 4185 867 4252 ἀγαθόν,
887 4185 955 4236 ἀλλὰ
974 4195 1028 4236 τῶν
1044 4186 1097 4256 μὲν
1111 4181 1141 4238 εύ
1154 4185 1274 4254 ἐχόντων
1289 4191 1385 4250 αἴτιον,

267 4282 321 4325 τῶν
348 4272 380 4325 (li
404 4282 494 4326 κακῶν
513 4273 645 4324 ἀναίτιον.
683 4275 828 4332 Παντελῶς
846 4268 881 4341 γ’,
901 4274 960 4343 ἔφη.
1001 4269 1070 4327 Οὐδ’
1094 4276 1154 4346 ἄρα,
1174 4271 1207 4338 ἦν
1225 4269 1254 4326 δ’
1276 4275 1343 4342 ἐγώ,
1372 4275 1387 4328 ὁ

266 4361 337 4424 θεός,
357 4361 453 4426 ἐπειδὴ
472 4362 586 4429 ἀγαθός,
607 4363 719 4413 πάντων
739 4363 774 4412 ἄν
792 4365 831 4426 εἴη
852 4365 945 4424 αἴτιος,
966 4363 1001 4421 ὡς
1020 4363 1047 4414 oi
1061 4363 1158 4414 πολλοὶ
1172 4364 1309 4430 λέγουσιν,
1329 4358 1383 4414 ἀλλ’

267 4450 366 4518 ὀλίγων
392 4450 445 4521 μὲν
472 4455 530 4510 τοῖς
557 4451 716 4522 ἀνθρώποις
744 4455 844 4514 αἴτιος,
874 4453 981 4502 πολλῶν
1009 4450 1041 4504 δὲ
1069 4452 1205 4510 ἀναίτιος·
1233 4452 1305 4504 πολὺ
1332 4452 1386 4523 γὰρ
