3148 4984
306 321 361 382 518
774 323 964 394 Neoplatonici.

307 485 378 553 logia
396 501 444 537 sua
463 483 508 538 sed
527 485 607 538 etism
625 501 792 538 numerorum
810 483 931 536 doctrina
949 499 964 535 a
983 481 1156 550 Pythagoreis
1175 480 1279 534 adscita
1296 479 1431 532 effecerint

308 574 341 627 ad
365 574 487 642 vulgares
512 573 544 626 de
569 573 676 627 deorum
700 572 871 626 multitudiue
893 571 1027 642 opiniones
1051 587 1103 624 non
1128 570 1211 624 solum
1231 568 1428 635 confirmandae,

308 663 353 716 sed
378 663 458 715 etiam
483 661 687 732 amplificandas.
724 661 883 716 lamblichus
908 660 1058 728 theurgiam
1081 659 1171 714 eodem
1197 659 1284 714 studio
1304 661 1429 724 sectatum,

248 799 249 803 ,
307 769 359 822 quo
378 751 491 822 scriptor
509 751 541 805 de
560 751 693 820 mysteriis
703 751 900 821 Aegyptiorum,
919 768 943 804 v.
957 755 1000 802 a?
1011 750 1072 803 530.
1110 748 1205 803 Censet
1223 749 1268 802 ille
1282 747 1429 809 simulacra,

307 857 374 910 quae
399 841 431 894 de
455 841 526 894 caelo
546 840 691 894 deciderint
714 840 867 894 siresham
891 855 957 910 quae
975 839 1089 892 humana
1110 855 1190 892 manu
1213 838 1283 892 facta
1302 837 1354 890 rite
1372 853 1430 890 con·

307 933 410 984 secreta
428 930 491 996 sint,
510 929 587 1000 plena
605 946 662 984 esse
680 929 844 1000 praesentiae
858 931 939 999 atque
956 928 1064 982 effeetus
1084 927 1172 982 divini.
1202 926 1239 982 cf.
1259 928 1381 996 excerpta
1399 941 1431 979 ex

307 1020 374 1074 libro
394 1023 456 1090 περὶ
475 1021 645 1092 ἀγαλμάτων
663 1035 704 1088 ap.
723 1018 801 1072 Phot.
821 1035 842 1072 a.
862 1015 923 1072 215.

379 1197 593 1280 Olympiodor.
616 1198 649 1262 in
669 1198 752 1262 Plat.
767 1196 885 1260 Phaed.
908 1215 938 1279 p.
956 1204 997 1262 90
1013 1195 1142 1260 Finchh.
1188 1198 1227 1257 H
1230 1194 1336 1280 αραδ
1343 1212 1480 1278 cry-sn

306 1301 485 1387 ματικαὶ
503 1300 615 1390 ἀρεταί
635 1298 670 1368 ci
687 1299 804 1391 μηκέτι
822 1301 1009 1389 θεωρούσης
1029 1301 1085 1366 τὸν
1100 1309 1171 1364 νοῦν
1185 1311 1242 1387 τῆς
1259 1311 1363 1386 ψυχῆς
1376 1338 1429 1380 -,

307 1397 383 1475 ἀλλ’
405 1407 470 1498 ,ἤδη
501 1409 623 1497 στάσης
654 1407 687 1473 ἐν
715 1407 763 1494 τῷ
786 1417 858 1472 νοῦν
880 1399 965 1472 εἶναι
987 1408 1073 1472 κατά
1095 1404 1247 1489 μέθεξιν,
1282 1405 1317 1482 ὅς
1341 1401 1429 1470 ἔστιν

308 1515 520 1602 παράδειγμα
550 1515 691 1579 πάντων.
730 1515 782 1580 διὸ
812 1511 871 1579 καί
900 1507 997 1578 αὗται
1021 1509 1340 1598 παραδειγματικαί,
1377 1511 1428 1576 ὅτι

308 1619 557 1709 προηγουμένως
574 1620 673 1686 αὐτοῦ
688 1617 752 1686 είσι
768 1631 826 1685 τοῦ
840 1631 896 1685 νοῦ
919 1617 955 1685 oti
978 1617 1100 1707 ἀρεταί.
1124 1619 1248 1696 ταύτας
1270 1617 1307 1683 δὲ
1322 1640 1428 1704 προσ-

307 1725 442 1815 τίθησιν
465 1727 483 1793 d
503 1717 686 1811 Ἰάμβλιχος
709 1725 741 1792 έν
763 1730 834 1804 τοῖς
857 1725 934 1814 περὶ
958 1740 1022 1791 τῶν
1045 1725 1174 1813 ἀρετῶν.
1210 1725 1261 1790 ὅτι
1284 1721 1349 1790 εἶσί
1371 1723 1428 1790 καὶ

309 1830 523 1920 ἱερατικαί
547 1831 660 1920 ἀρεταί
684 1834 770 1898 κατὰ
786 1833 824 1899 τὸ
841 1831 986 1910 θεοειδές
1002 1831 1222 1921 ὑφιστάμενοι
1239 1843 1296 1918 της
1314 1843 1427 1917 ψυχῆς,

308 1939 591 2028 ἀντιπαρήκουσαι
621 1939 747 2017 πάσαις
776 1942 851 2018 ταῖς
881 1935 1065 2028 εἰρημέναις
1094 1937 1282 2006 σι’·σιώδεσιν
1305 1935 1426 2018 οὔσαις,

308 2043 472 2112 ἓνιαίαί
495 2044 530 2131 γὲ
552 2045 786 2131 δπάρχονσαι“.

378 2184 405 2226 a.
425 2169 557 2235 Quattuor
581 2169 711 2222 virtutum
735 2148 889 2236 generibus,
915 2187 981 2240 quae
999 2169 1160 2240 Porphyrius
1179 2170 1304 2239 posuerat
1321 2170 1428 2238 (ἀρεταὶ

308 2263 455 2324 πολιτικαί,
474 2264 649 2330 καθαρτικαί,
670 2263 840 2330 θεωρητικαί,
857 2259 1132 2332 παραδειγματικιιί),
1150 2257 1310 2311 lamblichus
1324 2257 1429 2310 addidit

307 2349 428 2418 quintum
447 2347 553 2413 ceteris,
580 2363 646 2416 quae
671 2349 737 2400 sunt
756 2347 912 2412 οὐσιώδεις,
936 2347 998 2417 quis
1021 2347 1054 2400 ad
1072 2347 1223 2400 intellectus
1242 2349 1355 2411 οὐσίαν,
1384 2351 1428 2398 BP

306 2438 391 2504 5121),
410 2437 552 2507 pertinent,
572 2435 752 2506 praestantius
771 2453 860 2490 earum
879 2453 946 2505 quae
964 2453 1023 2490 cum
1041 2435 1100 2489 Uno
1118 2452 1165 2490 nos
1184 2436 1354 2504 coniungunt.

144 2607 288 2702 imfficffifm
374 2616 475 2680 Procl.
498 2615 532 2678 in
555 2615 633 2678 Tim.
657 2634 687 2697 p.
705 2621 766 2680 341
782 2613 821 2679 D.
868 2601 999 2700 Ὀρθῶς
1021 2612 1086 2700 ίίρα
1109 2611 1166 2678 καί
1189 2611 1206 2678 δ
1229 2616 1324 2691 θεῖος
1337 2601 1480 2696 'Idu-ese

305 2722 416 2806 βλιχος
440 2717 666 2806 διαγωνίζεται
689 2721 774 2806 πρὸς
796 2720 871 2798 τοὺς
893 2729 997 2784 ταῦτα
1021 2715 1211 2802 οἷομένοοςῦ.
1230 2787 1234 2796 ,
1250 2717 1284 2783 τί
1306 2721 1366 2806 γὰρ
1390 2721 1428 2785 τὸ

307 2826 494 2915 ἁμαρτάνον
518 2825 550 2892 έν
574 2829 666 2914 ημῖν,
702 2826 781 2891 ὅταν
804 2837 862 2916 τῆς
885 2823 1020 2910 ἀλογίας
1043 2825 1219 2914 κινησάσης
1243 2826 1326 2912 πρὸς
1350 2825 1428 2892 ἀκό-

306 2937 425 3000 λαστον
450 2932 633 3022 φαντασίαν
657 2932 905 3020 ἐπιδράμωμεν;
930 2921 986 3020 ἀρ’
1005 2931 1060 3014 οὐχ
1082 2935 1101 3020 ἡ
1125 2929 1334 3020 προαίρεσις,·
1370 2931 1428 2998 καί

304 3054 380 3118 πῶς
396 3039 451 3121 οὐχ
466 3041 566 3128 adum
590 3041 675 3106 κατά
692 3041 752 3127 γάρ
768 3039 888 3128 ταύτην
910 3037 1107 3128 διαφέρομεν
1130 3053 1194 3106 τῶν
1217 3038 1427 3128 φαντασθέν-

306 3172 370 3212 τιον
393 3158 579 3233 προπετῶς.
604 3143 632 3212 εί
656 3144 692 3211 δὲ
715 3147 734 3232 ἡ
757 3141 949 3233 προαίρεσις
971 3141 1160 3232 ἁμαρτάνει,
1185 3159 1258 3224 πῶς
1281 3145 1427 3232 ἀναμάρ-

305 3277 401 3341 τητος
432 3255 450 3342 η
476 3252 581 3340 ψυχή,·
614 3247 649 3315 τί
678 3249 715 3316 δὲ
744 3253 782 3316 τὸ
813 3261 929 3316 ποιοῦν
951 3249 1126 3334 εὐδαίμονα
1149 3254 1206 3340 τὴν
1229 3253 1304 3340 ὅλην
1326 3252 1426 3340 ζωήν,·

306 3348 362 3447 ἀρ’
381 3357 417 3424 οά
439 3359 477 3424 τὸ
493 3359 550 3424 τὸν
573 3356 666 3442 λόγον
689 3379 776 3438 σχειν
799 3382 818 3421 τ

306 3466 457 3554 φήσομεν.
493 3460 522 3530 εί
545 3461 582 3528 δὲ
604 3462 683 3528 ὅταν
705 3465 743 3528 τὸ
767 3461 800 3528 έν
823 3465 900 3550 ἡμῖν
923 3463 1095 3552 κράτιστον
1118 3463 1241 3530 τέλειον
1262 3451 1286 3554 ᾗ
1307 3463 1366 3530 καί
1389 3467 1427 3530 τὸ

305 3571 380 3636 δ’λον
395 3573 484 3658 Ιημῶν
499 3569 661 3652 ε’ίδαιμον,
685 3567 719 3634 τί
735 3569 850 3635 κωλύει
873 3568 931 3636 καί
954 3581 1007 3636 νῦν
1029 3573 1113 3658 ἡμᾶς
1135 3569 1328 3655 εάδαίμονας
1344 3564 1426 3638 εἶναι

305 3676 504 3764 ἀνθρώπους
528 3679 688 3757 ἅπαντας,
712 3672 742 3741 εί
765 3677 802 3742 τὸ
818 3675 998 3763 ἀκρότατον
1021 3679 1111 3764 ἡμῶν
1135 3675 1185 3742 ἀεὶ
1208 3681 1273 3743 νοεῖ
1295 3676 1352 3743 καί
1376 3676 1427 3744 ἀεὶ

306 3783 389 3870 πρὸς
412 3789 483 3860 τοῖς
506 3779 612 3860 θείοις
636 3778 741 3862 έστίν;
765 3865 769 3874 ‚

303 3965 307 3969 ,
378 3919 407 3960 a.
426 3906 555 3976 Loquitur
573 3908 665 3960 contra
684 3905 825 3962 Plotinum,
837 3909 866 3958 et
884 3906 1093 3960 Theodorum
1111 3907 1261 3974 Annaeum,
1280 3907 1427 3960 auditorem

305 3993 454 4064 Porphyrii,
481 3997 589 4056 ἀπαθές
615 4015 641 4048 τι
665 3998 858 4066 φυλάττοντας
881 3997 910 4049 ἰν
929 3998 996 4068 ἡμῖν
1014 4001 1059 4049 καὶ
1080 3999 1123 4052 ἀεὶ
1141 4006 1229 4050 νοοῦν.
1266 3996 1426 4050 lamblichus

304 4083 394 4136 eodem
412 4083 440 4136 in
458 4083 665 4153 philosophando
684 4083 813 4136 tendebat
837 4101 888 4154 quo
907 4085 1020 4154 scriptor
1043 4083 1074 4138 de
1092 4088 1199 4153 myster.
1219 4084 1283 4153 Aeg.
1302 4090 1346 4138 BP
1365 4086 1424 4152 534,

305 4175 337 4224 ut
365 4172 476 4225 animam
505 4189 557 4224 non
584 4171 704 4224 idoneam
731 4189 788 4225 esse
816 4172 948 4226 evinceret
966 4189 1032 4242 ques
1055 4189 1102 4243 per
1127 4189 1155 4226 se
1172 4173 1254 4226 solius
1273 4172 1425 4226 intellectus

305 4258 480 4314 instrumento
499 4260 533 4313 ad
552 4259 647 4313 summi
666 4259 707 4312 dei
726 4261 974 4331 contemplationem
991 4277 1122 4330 emergere
1141 4265 1238 4332 posset.
1271 4261 1303 4314 ld
1314 4262 1426 4315 maxime

306 4345 369 4414 egit,
389 4350 421 4400 ut
439 4349 552 4402 animam
570 4351 689 4402 nostram
703 4349 814 4419 inopem,
833 4350 948 4419 peccatis
962 4351 1176 4417 contaminatam,
1196 4350 1323 4404 felicitate
1337 4351 1426 4404 orbam

303 4449 363 4486 esse
382 4434 544 4490 demonstret
561 4438 673 4507 indeque
692 4437 829 4506 theurgiae
847 4440 1032 4498 necessitatem
1051 4440 1200 4507 legentibus
1219 4440 1354 4509 approbet.
