3130 4980
628 302 769 371 Cyrenaici.
1205 302 1258 364 211

50 485 96 525 τοῦ
110 483 130 523 Δ
207 465 354 549 Diog.11
378 475 429 532 86.
496 464 563 530 Δύο
597 463 695 552 πάθη
729 461 923 551 ὑφίσταντο,
959 464 1059 530 πόνον
1092 465 1150 532 καὶ
1183 467 1258 555 ἡδο·
1278 493 1357 556 πάγη

138 576 209 663 νὴν·
232 576 288 662 τὴν
310 571 369 656 μέν
391 568 481 638 λείαν
503 569 627 659 κίνησιν
640 573 698 659 τὴν
720 571 842 660 ἡδονήν,
865 573 920 638 τὸν
942 571 979 637 δέ
994 573 1094 639 πόνον
1108 578 1259 662 τραχεῖαν

139 679 291 770 κίνησιν.

54 893 129 935 τωο
206 878 379 944 Aristooles
410 895 460 958 ap.
482 877 597 940 Euseb.
620 875 672 938 Pr.
699 876 755 940 Ev.
778 875 855 940 XIV
882 884 936 953 18,
961 884 1012 942 31.
1067 879 1161 963 Τρεῖς
1191 877 1447 984 yd9⁰0⁰d22331331m1

139 981 202 1073 ἔφη
232 984 264 1070 (ὁ
285 972 523 1070 Ἀρίστιππος)
551 981 769 1059 καταστάσεις
798 974 880 1048 εἶναι
911 981 990 1070 περὶ
1018 985 1075 1072 τὴν
1102 982 1259 1071 ἡμετέραν

140 1093 331 1178 σύγκρασιν·
358 1085 438 1172 μίαν
467 1087 540 1171 μέν,
571 1077 656 1154 καθ’ἵ
676 1085 714 1176 ἡν
736 1087 906 1172 άλγοῦμεν,
937 1088 1081 1155 ἐοικυῖαν
1103 1089 1151 1177 τῳ
1173 1093 1259 1158 κατὰ

138 1199 316 1264 θάλασσαν
336 1209 477 1278 χειμῶνι,
501 1189 614 1280 ἑτέραν
629 1193 674 1275 δέ,
698 1185 777 1260 καθ’
798 1193 836 1284 ἣν
851 1196 1008 1284 ἡδόμεθα,
1032 1195 1079 1283 τῳ
1102 1195 1178 1284 λείῳ
1201 1199 1258 1262 κό-
1321 1189 1324 1193 ’

138 1330 221 1389 ματι
245 1303 513 1392 άφομοιοάμενοι·
549 1294 631 1368 εἶναι
670 1304 730 1388 γὰρ
765 1300 854 1367 λείαν
888 1299 1012 1391 κίνησιν
1045 1305 1102 1392 τὴν
1136 1306 1257 1393 ἡδονὴν,

139 1410 237 1500 οὐρίῳ
272 1407 566 1498 παραβαλλομένην
596 1407 719 1494 άνέμῳ·
752 1411 810 1497 τὴν
844 1408 880 1476 δέ
902 1407 1014 1498 τρίτην
1046 1409 1147 1500 μέσην
1176 1405 1259 1477 εἶναι

139 1520 358 1595 κατάστασιν,
386 1504 466 1580 καθ’
496 1513 533 1604 ἡν
562 1513 633 1580 οὔτε
663 1514 817 1599 άλγοῦμεν
840 1514 912 1582 οὔτε
941 1517 1104 1604 ἡδόμεθα,
1136 1517 1258 1608 γαληνῇ

138 1621 379 1712 παραπλησίαν
402 1620 529 1688 οὖσανλ.

212 1800 240 1842 a.
260 1783 442 1852 Diog.1189.
479 1781 515 1836 ‘11
530 1784 560 1838 δὲ
581 1794 630 1836 τοῦ
649 1787 799 1854 ἀλγοῦντος
816 1787 994 1858 ὑπεξαίρεσις,
1014 1789 1049 1847 ὡς
1067 1792 1171 1858 εἴρηται
1191 1767 1354 1862 παρ’ῃξὲιοζέῗ
1367 1767 1469 1872 ἓξὲξ,

137 1875 305 1948 Ἐπικούρῳ,
332 1875 409 1928 δοκεῖ
427 1876 520 1934 αὐτοῖς
543 1875 583 1945 μὴ
601 1874 672 1927 εἶναι
690 1873 782 1940 ἡδονή,
804 1874 867 1928 οὐδὲ
887 1877 902 1940 ἡ
922 1876 1039 1942 ἀηδονία
1058 1877 1197 1945 ἀλγηδών·
1231 1879 1260 1932 ίν

139 1967 245 2030 κινήσει
275 1966 329 2033 γάρ
356 1964 426 2016 εἶναι
454 1964 610 2034 ἀμφότερα,
639 1963 679 2034 μὴ
707 1966 788 2028 οίίσης
816 1971 862 2030 τῆς
885 1966 1037 2030 ἀπονίαςὴ
1060 1975 1104 2031 τῆς
1128 1966 1260 2032 ἀηδονίας

137 2055 278 2119 κινήσεως,
298 2055 358 2106 ἐπεὶ
377 2055 393 2118 ἡ
412 2054 516 2105 ἀπονία
537 2055 622 2105 οἱονεὶ
641 2052 829 2112 καθεύδοντός
847 2055 906 2106 ίστι
924 2056 1099 2114 κατάστασις.

214 2177 245 2232 b.
265 2177 337 2229 Haec
355 2176 434 2229 animi
452 2176 567 2229 condicio
586 2193 638 2229 non
657 2175 754 2229 dicitur
773 2179 873 2242 πάθος,
892 2179 1029 2246 propterea
1047 2177 1116 2246 quod
1133 2195 1185 2230 non
1204 2195 1259 2230 sen-

139 2269 218 2321 titur.
256 2266 413 2319 Accuratius
437 2265 519 2332 igitur
542 2263 665 2333 Diog.11
689 2265 724 2318 85
748 2265 780 2318 δε
798 2265 951 2336 Aristippo:
980 2270 1055 2326 τέλος
1074 2264 1103 2320 δ’
1121 2270 1257 2339 ἀπέφαινε

139 2359 189 2424 τὴν
208 2361 284 2412 λείαν
302 2361 409 2422 κίνησιν
427 2361 476 2416 είς
495 2361 666 2421 αἴσθησιν
685 2355 965 2427 ἀναδιδομένην.

52 2583 92 2624 2⁰⁹
108 2582 128 2622 Α
206 2570 298 2651 Diog.
331 2570 365 2633 Π
389 2578 440 2635 88.
499 2560 593 2634 Εἶναι
630 2567 666 2633 δέ
705 2571 763 2657 τὴν
793 2569 905 2657 ἡδονὴν
934 2568 1061 2654 άγαθδν
1094 2571 1153 2636 κᾶν
1187 2570 1255 2636 άπὸ
1270 2584 1379 2635 sapientis
1394 2583 1439 2624 vita

137 2659 452 2762 τῶνάσχημοτάιων
467 2673 607 2763 γένηται.
626 2714 667 2723 -
685 2714 725 2722 -
750 2673 780 2742 εἰ
803 2677 863 2762 γὰρ
887 2674 943 2740 καί
960 2677 980 2764 ἡ
995 2675 1117 2762 πρᾶξις
1132 2676 1257 2754 άτοπος

137 2777 198 2869 εἴη,
222 2771 298 2846 ἀλλ’
324 2778 378 2846 οὖν
400 2783 527 2870 ἡὴδονὴ
551 2771 592 2846 δι’
619 2783 717 2870 αὑτὴν
740 2779 853 2870 αίρετὴ
874 2781 932 2848 καί
955 2781 1090 2867 ἀγαθόν.
1127 2793 1178 2850 93.
1194 2808 1258 2870 μη-

139 2889 193 2954 δέν
215 2913 251 2954 τε
273 2879 355 2954 εἶναι
379 2889 473 2975 φύσει
496 2885 623 2954 δίκαιον
646 2889 666 2976 ἡ
688 2889 787 2954 καλὸν
802 2890 822 2977 ἡ
837 2885 976 2976 αἰσχρόν,
1000 2889 1084 2954 ἀλλὰ
1098 2889 1185 2976 νόμῳ
1200 2888 1258 2955 καί

139 2993 222 3062 ἔθει.
255 2996 272 3060 δ
294 2993 405 3078 μέντοι
428 2996 609 3072 σπουδαῖος
632 2994 723 3060 οὐδὲν
746 2994 871 3062 άτοπον
894 2995 1013 3083 πράξει
1036 2997 1092 3061 διά
1106 2999 1166 3074 τὰς
1181 2995 1257 3062 ἐπι-

139 3101 290 3185 κειμένας
306 3099 423 3190 ζημίας
439 3101 495 3168 καί
512 3101 646 3180 δόξαςθ·
669 3094 751 3168 εἶναι
768 3101 805 3168 δὲ
820 3103 876 3168 τὸν
891 3102 1000 3190 σοφόν.
1025 3112 1077 3170 89.
1094 3103 1258 3170 δύνασθαι

139 3207 177 3274 δέ
191 3231 277 3297 φασι
301 3208 357 3274 καί
372 3211 430 3296 τὴν
444 3209 557 3296 ἡδονὴν
571 3233 664 3286 τινας
678 3211 722 3297 μὴ
739 3205 910 3296 αἱρεῖσθαι
926 3212 1013 3274 κατὰ
1028 3210 1256 3298 διαστροφὴνλ.

142 3327 193 3382 91.
217 3313 346 3402 ἀρέσκει
370 3304 402 3380 δ’
428 3314 539 3393 αὐτοῖς
560 3316 642 3404 μήτε
664 3317 720 3380 τὸν
742 3317 844 3403 σοφὸν
858 3315 970 3392 πάντα
987 3315 1087 3402 ἡδέως
1107 3316 1163 3404 ζὴν
1177 3318 1258 3405 μὴτε

141 3423 251 3488 πάντα
281 3422 405 3509 φαῦλον
427 3421 609 3502 ἐπιπόνως,
638 3421 722 3488 άλλά
752 3424 837 3488 κατὰ
860 3424 898 3490 τὸ
921 3423 1083 3490 πλεῖστον.
1107 3422 1198 3509 α’ρκεῑ
1221 3424 1258 3490 δέ

140 3530 200 3594 κάν
228 3531 316 3594 κατά
345 3525 424 3612 μίαν
451 3553 502 3606 τις
530 3527 811 3615 προσπίπτουσαν
840 3527 940 3617 ἡδέως
972 3528 1118 3618 ἐπανάγῃ
1135 3533 1154 3594 ¹.
1200 3532 1258 3619 την

140 3636 296 3724 φρόνησιν
319 3634 447 3721 ἀγαθὸν
469 3634 529 3718 μέν
551 3627 634 3701 εἶναι
659 3634 813 3721 λέγουσιν,
837 3634 873 3702 οδ
896 3625 937 3702 δι’
964 3631 1081 3724 ἓαυτὴν
1103 3634 1140 3702 δὲ
1166 3632 1255 3726 αίρε-
1334 3693 1342 3708 .

140 3744 210 3830 τήν,
242 3741 325 3806 ἀλλά
354 3742 411 3808 διὰ
439 3744 481 3806 τά
511 3741 547 3820 ἐξ
577 3741 676 3829 αὐτῆς
705 3742 963 3830 περιγιγνόμενα.
992 3745 1049 3808 τὸν
1077 3741 1173 3831 φίλον
1200 3757 1257 3832 τὴς

139 3847 250 3935 χρείας
284 3845 392 3914 ἕνεκα·
430 3848 487 3914 καί
524 3851 585 3935 γάρ
623 3847 720 3934 μέρος
753 3851 905 3932 σώματος
944 3841 1055 3936 μέχρις
1089 3849 1127 3914 δν
1165 3850 1258 3936 napy*

141 3954 364 4034 ἀσπάζεσθαι.
390 3968 454 4019 τῶν
476 3955 597 4042 ἀρετῶν
620 3952 707 4032 ἐνίας
730 3954 787 4020 καί
810 3954 888 4040 περί
910 3957 985 4033 τοὺς
1008 3955 1154 4044 άφρονας
1169 3953 1257 4019 συνί-

141 4065 300 4126 στασθαι.
331 4063 388 4150 τὴν
411 4063 598 4150 σωματικὴν
613 4061 749 4150 άσκηοιν
771 4062 1021 4146 συμβάλλεσθαι
1044 4063 1128 4150 πρὸς
1143 4061 1263 4149 ἀρετῆς.

142 4242 327 4249 ----.......
344 4245 355 4250 ,,

213 4345 241 4408 1)
259 4343 396 4414 Emporias
415 4346 529 4398 malebat
546 4349 719 4419 ίπαναλιίμηι
745 4345 795 4412 „id
812 4349 854 4400 est
873 4347 965 4400 tollere
983 4349 1011 4399 et
1036 4345 1064 4398 in
1082 4362 1159 4398 usum
1177 4362 1256 4398 suum

141 4433 289 4486 conferre“.
