<?xml version="1.0" encoding="UTF-8"?>
<!DOCTYPE html PUBLIC "-//W3C//DTD XHTML 1.0 Transitional//EN"
    "http://www.w3.org/TR/xhtml1/DTD/xhtml1-transitional.dtd">
<html xmlns="http://www.w3.org/1999/xhtml" xml:lang="en" lang="en">
 <head>
  <title>
</title>
<meta http-equiv="Content-Type" content="text/html;charset=utf-8" />
  <meta name='ocr-system' content='tesseract 3.04.00' />
  <meta name='ocr-capabilities' content='ocr_page ocr_carea ocr_par ocr_line ocrx_word'/>
</head>
<body>
  <div class='ocr_page' id='page_1' title='image "./historiaphiloso00rittgoog_0190.png"; bbox 0 0 3140 4990; ppageno 0'>
   <div class='ocr_carea' id='block_1_1' title="bbox 308 337 938 412">
    <p class='ocr_par' dir='ltr' id='par_1_1' title="bbox 308 337 938 412">
     <span class='ocr_line' id='line_1_1' title="bbox 308 337 938 412; baseline -0.005 -15"><span class='ocrx_word' id='word_1_1' title='bbox 308 337 362 397; x_wconf 80' lang='lat'>182</span> <span class='ocrx_word' id='word_1_2' title='bbox 793 339 938 412; x_wconf 85' lang='lat' dir='ltr'>Sophistee.</span> 
     </span>
    </p>
   </div>
   <div class='ocr_carea' id='block_1_2' title="bbox 308 501 1428 747">
    <p class='ocr_par' dir='ltr' id='par_1_2' title="bbox 308 501 1428 747">
     <span class='ocr_line' id='line_1_2' title="bbox 310 501 1428 575; baseline -0.001 -19"><span class='ocrx_word' id='word_1_3' title='bbox 310 503 411 573; x_wconf 79' lang='grc' dir='ltr'><em>σμικρὰ</em></span> <span class='ocrx_word' id='word_1_4' title='bbox 435 503 544 574; x_wconf 82' lang='grc' dir='ltr'><em>μεγάλα</em></span> <span class='ocrx_word' id='word_1_5' title='bbox 568 505 614 554; x_wconf 83' lang='grc' dir='ltr'>καὶ</span> <span class='ocrx_word' id='word_1_6' title='bbox 634 503 668 554; x_wconf 80' lang='grc' dir='ltr'><em>τά</em></span> <span class='ocrx_word' id='word_1_7' title='bbox 685 504 795 574; x_wconf 82' lang='grc' dir='ltr'><em>μεγάλα</em></span> <span class='ocrx_word' id='word_1_8' title='bbox 821 502 922 575; x_wconf 79' lang='grc' dir='ltr'><em>σμικρά</em></span> <span class='ocrx_word' id='word_1_9' title='bbox 948 505 1101 571; x_wconf 81' lang='grc' dir='ltr'><em>φαίνεσθαι</em></span> <span class='ocrx_word' id='word_1_10' title='bbox 1127 511 1240 555; x_wconf 77' lang='grc' dir='ltr'><em>ποιοῦσι</em></span> <span class='ocrx_word' id='word_1_11' title='bbox 1264 501 1313 555; x_wconf 78' lang='grc' dir='ltr'><em>διὰ</em></span> <span class='ocrx_word' id='word_1_12' title='bbox 1332 502 1428 575; x_wconf 80' lang='grc' dir='ltr'><em>ῥώμην</em></span> 
     </span>
     <span class='ocr_line' id='line_1_3' title="bbox 308 587 1426 660; baseline 0 -18"><span class='ocrx_word' id='word_1_13' title='bbox 308 592 400 660; x_wconf 85' lang='grc' dir='ltr'><em>λόγου.</em></span> <span class='ocrx_word' id='word_1_14' title='bbox 436 587 532 641; x_wconf 82' lang='lat' dir='ltr'>Eodem</span> <span class='ocrx_word' id='word_1_15' title='bbox 550 587 620 642; x_wconf 87' lang='lat' dir='ltr'>redit</span> <span class='ocrx_word' id='word_1_16' title='bbox 638 589 707 658; x_wconf 90' lang='lat' dir='ltr'>quod</span> <span class='ocrx_word' id='word_1_17' title='bbox 725 589 896 656; x_wconf 73' lang='lat' dir='ltr'><strong>Protagoram</strong></span> <span class='ocrx_word' id='word_1_18' title='bbox 916 591 964 642; x_wconf 82' lang='grc' dir='ltr'><em>τὸν</em></span> <span class='ocrx_word' id='word_1_19' title='bbox 989 591 1060 656; x_wconf 82' lang='grc' dir='ltr'><em>ἥττω</em></span> <span class='ocrx_word' id='word_1_20' title='bbox 1079 591 1163 658; x_wconf 90' lang='grc' dir='ltr'><em>λόγον</em></span> <span class='ocrx_word' id='word_1_21' title='bbox 1180 596 1291 660; x_wconf 79' lang='grc' dir='ltr'><strong><em>κρείττω</em></strong></span> <span class='ocrx_word' id='word_1_22' title='bbox 1310 609 1426 655; x_wconf 84' lang='grc' dir='ltr'><em>πεποιη-</em></span> 
     </span>
     <span class='ocr_line' id='line_1_4' title="bbox 308 675 1426 747; baseline -0.002 -15"><span class='ocrx_word' id='word_1_23' title='bbox 308 685 384 733; x_wconf 79' lang='grc' dir='ltr'><em>κέναι</em></span> <span class='ocrx_word' id='word_1_24' title='bbox 409 681 508 731; x_wconf 87' lang='lat' dir='ltr'>veteres</span> <span class='ocrx_word' id='word_1_25' title='bbox 533 677 673 747; x_wconf 78' lang='lat' dir='ltr'>scriptores</span> <span class='ocrx_word' id='word_1_26' title='bbox 698 678 851 747; x_wconf 75' lang='lat' dir='ltr'><strong>perhibent,</strong></span> <span class='ocrx_word' id='word_1_27' title='bbox 879 695 902 730; x_wconf 88' lang='lat' dir='ltr'>r.</span> <span class='ocrx_word' id='word_1_28' title='bbox 923 675 1006 730; x_wconf 79' lang='lat' dir='ltr'>An&#39;st.</span> <span class='ocrx_word' id='word_1_29' title='bbox 1030 677 1109 730; x_wconf 86' lang='lat' dir='ltr'>Rhet.</span> <span class='ocrx_word' id='word_1_30' title='bbox 1134 677 1161 730; x_wconf 91' lang='lat'>11</span> <span class='ocrx_word' id='word_1_31' title='bbox 1185 678 1229 732; x_wconf 73' lang='lat'>24.</span> <span class='ocrx_word' id='word_1_32' title='bbox 1266 677 1360 732; x_wconf 80' lang='lat'>1402·</span> <span class='ocrx_word' id='word_1_33' title='bbox 1383 677 1426 731; x_wconf 80' lang='lat'>23.</span> 
     </span>
    </p>
   </div>
   <div class='ocr_carea' id='block_1_3' title="bbox 308 765 1429 924">
    <p class='ocr_par' dir='ltr' id='par_1_3' title="bbox 308 765 1429 924">
     <span class='ocr_line' id='line_1_5' title="bbox 309 765 1427 836; baseline -0.003 -15"><span class='ocrx_word' id='word_1_34' title='bbox 309 765 376 822; x_wconf 88' lang='lat' dir='ltr'>Gell.</span> <span class='ocrx_word' id='word_1_35' title='bbox 395 765 429 820; x_wconf 91' lang='lat' dir='ltr'>N.</span> <span class='ocrx_word' id='word_1_36' title='bbox 444 765 476 820; x_wconf 80' lang='lat' dir='ltr'>A.</span> <span class='ocrx_word' id='word_1_37' title='bbox 495 765 519 817; x_wconf 84' lang='lat' dir='ltr'><strong>V</strong></span> <span class='ocrx_word' id='word_1_38' title='bbox 537 767 563 832; x_wconf 89' lang='lat'>3,</span> <span class='ocrx_word' id='word_1_39' title='bbox 584 766 598 818; x_wconf 84' lang='grc'><strong>7</strong></span> <span class='ocrx_word' id='word_1_40' title='bbox 619 767 664 836; x_wconf 90' lang='lat' dir='ltr'>qui</span> <span class='ocrx_word' id='word_1_41' title='bbox 681 766 754 820; x_wconf 87' lang='lat' dir='ltr'>illam</span> <span class='ocrx_word' id='word_1_42' title='bbox 773 765 959 836; x_wconf 77' lang='lat' dir='ltr'>professionem</span> <span class='ocrx_word' id='word_1_43' title='bbox 978 769 1049 818; x_wconf 85' lang='lat' dir='ltr'>recte</span> <span class='ocrx_word' id='word_1_44' title='bbox 1067 766 1105 819; x_wconf 89' lang='lat' dir='ltr'>sio</span> <span class='ocrx_word' id='word_1_45' title='bbox 1122 766 1327 836; x_wconf 84' lang='lat' dir='ltr'>interpretatur:</span> <span class='ocrx_word' id='word_1_46' title='bbox 1343 767 1427 834; x_wconf 77' lang='lat' dir='ltr'>polli-</span> 
     </span>
     <span class='ocr_line' id='line_1_6' title="bbox 308 855 1429 924; baseline -0.002 -14"><span class='ocrx_word' id='word_1_47' title='bbox 308 857 421 910; x_wconf 78' lang='lat' dir='ltr'>cebatur</span> <span class='ocrx_word' id='word_1_48' title='bbox 444 871 472 910; x_wconf 84' lang='grc' dir='ltr'>ει</span> <span class='ocrx_word' id='word_1_49' title='bbox 499 855 530 908; x_wconf 81' lang='lat' dir='ltr'>id</span> <span class='ocrx_word' id='word_1_50' title='bbox 554 855 662 922; x_wconf 84' lang='lat' dir='ltr'>dooere,</span> <span class='ocrx_word' id='word_1_51' title='bbox 690 871 814 924; x_wconf 79' lang='lat' dir='ltr'>quanam</span> <span class='ocrx_word' id='word_1_52' title='bbox 841 855 985 909; x_wconf 78' lang='lat' dir='ltr'>verborum</span> <span class='ocrx_word' id='word_1_53' title='bbox 1011 855 1156 908; x_wconf 72' lang='lat' dir='ltr'>industrio</span> <span class='ocrx_word' id='word_1_54' title='bbox 1179 871 1265 910; x_wconf 82' lang='lat' dir='ltr'>eausa</span> <span class='ocrx_word' id='word_1_55' title='bbox 1289 855 1429 921; x_wconf 73' lang='lat' dir='ltr'>infirmior</span> 
     </span>
    </p>
   </div>
   <div class='ocr_carea' id='block_1_4' title="bbox 307 944 511 1028">
    <p class='ocr_par' dir='ltr' id='par_1_4' title="bbox 307 944 511 1028">
     <span class='ocr_line' id='line_1_7' title="bbox 307 944 511 1028; baseline 0 -30"><span class='ocrx_word' id='word_1_56' title='bbox 307 945 387 1028; x_wconf 80' lang='lat' dir='ltr'>fieret</span> <span class='ocrx_word' id='word_1_57' title='bbox 401 944 511 1010; x_wconf 79' lang='lat' dir='ltr'>fortior.</span> 
     </span>
    </p>
   </div>
   <div class='ocr_carea' id='block_1_5' title="bbox 236 1133 1482 2291">
    <p class='ocr_par' dir='ltr' id='par_1_5' title="bbox 309 1133 1482 1760">
     <span class='ocr_line' id='line_1_8' title="bbox 375 1133 1482 1226; baseline -0.005 -22"><span class='ocrx_word' id='word_1_58' title='bbox 375 1140 537 1205; x_wconf 75' lang='lat' dir='ltr'>Plutarch.</span> <span class='ocrx_word' id='word_1_59' title='bbox 561 1141 761 1204; x_wconf 84' lang='lat' dir='ltr'>Themistoel.</span> <span class='ocrx_word' id='word_1_60' title='bbox 794 1149 827 1217; x_wconf 82' lang='lat'>2,</span> <span class='ocrx_word' id='word_1_61' title='bbox 860 1149 890 1204; x_wconf 84' lang='lat'>4.</span> <span class='ocrx_word' id='word_1_62' title='bbox 936 1139 1075 1204; x_wconf 78' lang='grc' dir='ltr'><em>Μᾶλλον</em></span> <span class='ocrx_word' id='word_1_63' title='bbox 1104 1133 1158 1204; x_wconf 81' lang='grc' dir='ltr'>οὖν</span> <span class='ocrx_word' id='word_1_64' title='bbox 1180 1137 1219 1204; x_wconf 80' lang='grc' dir='ltr'>όν</span> <span class='ocrx_word' id='word_1_65' title='bbox 1241 1163 1292 1216; x_wconf 92' lang='grc' dir='ltr'>τις</span> <span class='ocrx_word' id='word_1_66' title='bbox 1320 1161 1428 1226; x_wconf 78' lang='grc' dir='ltr'><em>προσ·</em></span> <span class='ocrx_word' id='word_1_67' title='bbox 1441 1161 1482 1200; x_wconf 78' lang='grc' dir='ltr'>ια</span> 
     </span>
     <span class='ocr_line' id='line_1_9' title="bbox 309 1243 1429 1335; baseline 0 -24"><span class='ocrx_word' id='word_1_68' title='bbox 309 1244 377 1328; x_wconf 87' lang='grc' dir='ltr'><em>έχοι</em></span> <span class='ocrx_word' id='word_1_69' title='bbox 400 1250 470 1323; x_wconf 88' lang='grc' dir='ltr'><em>τοῖς</em></span> <span class='ocrx_word' id='word_1_70' title='bbox 485 1243 697 1333; x_wconf 76' lang='grc' dir='ltr'><strong><em>Μνησιφίλου</em></strong></span> <span class='ocrx_word' id='word_1_71' title='bbox 720 1247 777 1310; x_wconf 85' lang='grc' dir='ltr'><em>τὸν</em></span> <span class='ocrx_word' id='word_1_72' title='bbox 795 1243 1019 1328; x_wconf 79' lang='grc' dir='ltr'><em>Θεμιστοκλέα</em></span> <span class='ocrx_word' id='word_1_73' title='bbox 1044 1256 1102 1312; x_wconf 88' lang='grc' dir='ltr'><em>τοῦ</em></span> <span class='ocrx_word' id='word_1_74' title='bbox 1119 1243 1300 1333; x_wconf 77' lang='grc' dir='ltr'><strong><em>Φρεαρρίου</em></strong></span> <span class='ocrx_word' id='word_1_75' title='bbox 1323 1246 1429 1335; x_wconf 84' lang='grc' dir='ltr'><em>ζηλω-</em></span> 
     </span>
     <span class='ocr_line' id='line_1_10' title="bbox 309 1349 1430 1441; baseline 0.001 -24"><span class='ocrx_word' id='word_1_76' title='bbox 309 1355 367 1441; x_wconf 82' lang='grc' dir='ltr'><em>τὴν</em></span> <span class='ocrx_word' id='word_1_77' title='bbox 390 1351 542 1436; x_wconf 88' lang='grc' dir='ltr'><em>γενέσθαι</em></span> <span class='ocrx_word' id='word_1_78' title='bbox 566 1350 710 1437; x_wconf 88' lang='grc' dir='ltr'><em>λέγουσιν</em></span> <span class='ocrx_word' id='word_1_79' title='bbox 732 1350 805 1418; x_wconf 86' lang='grc' dir='ltr'><em>οίτε</em></span> <span class='ocrx_word' id='word_1_80' title='bbox 827 1354 960 1440; x_wconf 76' lang='grc' dir='ltr'><strong><em>ῥήτορος</em></strong></span> <span class='ocrx_word' id='word_1_81' title='bbox 982 1349 1073 1430; x_wconf 86' lang='grc' dir='ltr'><em>όντος</em></span> <span class='ocrx_word' id='word_1_82' title='bbox 1096 1350 1168 1418; x_wconf 81' lang='grc' dir='ltr'><em>οότε</em></span> <span class='ocrx_word' id='word_1_83' title='bbox 1190 1366 1255 1418; x_wconf 81' lang='grc' dir='ltr'><em>τῶν</em></span> <span class='ocrx_word' id='word_1_84' title='bbox 1283 1367 1430 1441; x_wconf 80' lang='grc' dir='ltr'><em>φυσικῶν</em></span> 
     </span>
     <span class='ocr_line' id='line_1_11' title="bbox 310 1455 1430 1548; baseline -0.001 -24"><span class='ocrx_word' id='word_1_85' title='bbox 310 1457 496 1546; x_wconf 72' lang='grc' dir='ltr'><em>κληθέντων</em></span> <span class='ocrx_word' id='word_1_86' title='bbox 518 1459 723 1547; x_wconf 87' lang='grc' dir='ltr'><em>φιλοσόφων,</em></span> <span class='ocrx_word' id='word_1_87' title='bbox 753 1457 835 1524; x_wconf 80' lang='grc' dir='ltr'><em>ἀλλὰ</em></span> <span class='ocrx_word' id='word_1_88' title='bbox 859 1461 916 1547; x_wconf 78' lang='grc' dir='ltr'><em>την</em></span> <span class='ocrx_word' id='word_1_89' title='bbox 939 1457 1136 1548; x_wconf 77' lang='grc' dir='ltr'><em>καλουμένην</em></span> <span class='ocrx_word' id='word_1_90' title='bbox 1159 1455 1308 1547; x_wconf 85' lang='grc' dir='ltr'><em>σοφίαν</em></span> <span class='ocrx_word' id='word_1_91' title='bbox 1331 1455 1430 1525; x_wconf 83' lang='grc' dir='ltr'><em>οὖσαν</em></span> 
     </span>
     <span class='ocr_line' id='line_1_12' title="bbox 311 1564 1431 1654; baseline 0 -24"><span class='ocrx_word' id='word_1_92' title='bbox 311 1564 348 1630; x_wconf 85' lang='grc' dir='ltr'>δέ</span> <span class='ocrx_word' id='word_1_93' title='bbox 378 1565 596 1654; x_wconf 77' lang='grc' dir='ltr'><em>δεινότητα</em></span> <span class='ocrx_word' id='word_1_94' title='bbox 627 1565 848 1654; x_wconf 76' lang='grc' dir='ltr'><em>πολιτικὴν</em></span> <span class='ocrx_word' id='word_1_95' title='bbox 876 1564 944 1632; x_wconf 86' lang='grc' dir='ltr'>καί</span> <span class='ocrx_word' id='word_1_96' title='bbox 979 1565 1231 1654; x_wconf 82' lang='grc' dir='ltr'><em>δραστήριον</em></span> <span class='ocrx_word' id='word_1_97' title='bbox 1264 1566 1431 1631; x_wconf 86' lang='grc' dir='ltr'><em>σόνεσιν</em></span> 
     </span>
     <span class='ocr_line' id='line_1_13' title="bbox 311 1667 1432 1760; baseline 0.001 -23"><span class='ocrx_word' id='word_1_98' title='bbox 311 1669 510 1760; x_wconf 75' lang='grc' dir='ltr'><em>ἐπιτήδευμα</em></span> <span class='ocrx_word' id='word_1_99' title='bbox 534 1669 755 1759; x_wconf 82' lang='grc' dir='ltr'><em>πεποιημένου</em></span> <span class='ocrx_word' id='word_1_100' title='bbox 784 1669 841 1736; x_wconf 87' lang='grc' dir='ltr'>καὶ</span> <span class='ocrx_word' id='word_1_101' title='bbox 872 1667 1087 1758; x_wconf 73' lang='grc' dir='ltr'><em>διασῴζοντος</em></span> <span class='ocrx_word' id='word_1_102' title='bbox 1110 1673 1222 1758; x_wconf 77' lang='grc' dir='ltr'><em>ὥσπερ</em></span> <span class='ocrx_word' id='word_1_103' title='bbox 1246 1673 1370 1759; x_wconf 81' lang='grc' dir='ltr'><em>αἵρεσιν</em></span> <span class='ocrx_word' id='word_1_104' title='bbox 1394 1669 1432 1738; x_wconf 83' lang='grc' dir='ltr'><em>ἒκ</em></span> 
     </span>
    </p>

    <p class='ocr_par' dir='ltr' id='par_1_6' title="bbox 236 1774 1432 2186">
     <span class='ocr_line' id='line_1_14' title="bbox 236 1774 1432 1866; baseline 0.001 -24"><span class='ocrx_word' id='word_1_105' title='bbox 236 1804 283 1833; x_wconf 74' lang='grc' dir='ltr'>νον</span> <span class='ocrx_word' id='word_1_106' title='bbox 312 1778 462 1865; x_wconf 70' lang='grc' dir='ltr'><em>διαδοχῆς</em></span> <span class='ocrx_word' id='word_1_107' title='bbox 484 1775 553 1843; x_wconf 77' lang='grc' dir='ltr'>ἀπὸ</span> <span class='ocrx_word' id='word_1_108' title='bbox 576 1778 731 1856; x_wconf 81' lang='grc' dir='ltr'><em>Σόλωνος·</em></span> <span class='ocrx_word' id='word_1_109' title='bbox 761 1775 803 1866; x_wconf 79' lang='grc' dir='ltr'>ἣν</span> <span class='ocrx_word' id='word_1_110' title='bbox 832 1774 869 1843; x_wconf 73' lang='grc' dir='ltr'>οἱ</span> <span class='ocrx_word' id='word_1_111' title='bbox 896 1780 999 1861; x_wconf 85' lang='grc' dir='ltr'><em>μετὰ</em></span> <span class='ocrx_word' id='word_1_112' title='bbox 1030 1789 1161 1844; x_wconf 85' lang='grc' dir='ltr'><em>ταῦτα</em></span> <span class='ocrx_word' id='word_1_113' title='bbox 1193 1779 1432 1856; x_wconf 87' lang='grc' dir='ltr'><em>δικανικαῖς</em></span> 
     </span>
     <span class='ocr_line' id='line_1_15' title="bbox 311 1882 1432 1970; baseline 0 -20"><span class='ocrx_word' id='word_1_114' title='bbox 311 1882 504 1969; x_wconf 83' lang='grc' dir='ltr'><em>μίξαντες</em></span> <span class='ocrx_word' id='word_1_115' title='bbox 548 1882 714 1966; x_wconf 82' lang='grc' dir='ltr'><em>τέχναις</em></span> <span class='ocrx_word' id='word_1_116' title='bbox 759 1883 828 1949; x_wconf 86' lang='grc' dir='ltr'>καί</span> <span class='ocrx_word' id='word_1_117' title='bbox 878 1885 1180 1970; x_wconf 79' lang='grc' dir='ltr'><em>μεταγαγόντες</em></span> <span class='ocrx_word' id='word_1_118' title='bbox 1225 1884 1303 1950; x_wconf 86' lang='grc' dir='ltr'>άπὸ</span> <span class='ocrx_word' id='word_1_119' title='bbox 1355 1899 1432 1950; x_wconf 82' lang='grc' dir='ltr'><em>τῶν</em></span> 
     </span>
     <span class='ocr_line' id='line_1_16' title="bbox 312 1989 1432 2080; baseline 0 -24"><span class='ocrx_word' id='word_1_120' title='bbox 312 1990 501 2079; x_wconf 84' lang='grc' dir='ltr'><em>πράξεων</em></span> <span class='ocrx_word' id='word_1_121' title='bbox 522 1992 592 2078; x_wconf 80' lang='grc' dir='ltr'><em>τὴν</em></span> <span class='ocrx_word' id='word_1_122' title='bbox 615 1989 788 2079; x_wconf 83' lang='grc' dir='ltr'><em>δίσκησιν</em></span> <span class='ocrx_word' id='word_1_123' title='bbox 812 1989 880 2056; x_wconf 76' lang='grc' dir='ltr'>ἐπὶ</span> <span class='ocrx_word' id='word_1_124' title='bbox 903 1992 997 2069; x_wconf 82' lang='grc' dir='ltr'><em>τοὺς</em></span> <span class='ocrx_word' id='word_1_125' title='bbox 1027 1991 1171 2077; x_wconf 77' lang='grc' dir='ltr'><em>λόγους</em></span> <span class='ocrx_word' id='word_1_126' title='bbox 1199 1990 1432 2080; x_wconf 68' lang='grc' dir='ltr'><em>σοφισταὶ*</em></span> 
     </span>
     <span class='ocr_line' id='line_1_17' title="bbox 313 2098 713 2186; baseline 0 -24"><span class='ocrx_word' id='word_1_127' title='bbox 313 2098 713 2186; x_wconf 80' lang='grc' dir='ltr'><em>προσηγορεύθησαν.</em></span> 
     </span>
    </p>

    <p class='ocr_par' dir='ltr' id='par_1_7' title="bbox 384 2221 1068 2291">
     <span class='ocr_line' id='line_1_18' title="bbox 384 2221 1068 2291; baseline 0 -14"><span class='ocrx_word' id='word_1_128' title='bbox 384 2236 412 2282; x_wconf 83' lang='lat' dir='ltr'>a.</span> <span class='ocrx_word' id='word_1_129' title='bbox 433 2222 472 2275; x_wconf 92' lang='lat' dir='ltr'>De</span> <span class='ocrx_word' id='word_1_130' title='bbox 490 2221 576 2291; x_wconf 85' lang='lat' dir='ltr'>prisca</span> <span class='ocrx_word' id='word_1_131' title='bbox 593 2221 672 2275; x_wconf 90' lang='lat' dir='ltr'>huius</span> <span class='ocrx_word' id='word_1_132' title='bbox 690 2222 808 2275; x_wconf 79' lang='lat' dir='ltr'>vocabuli</span> <span class='ocrx_word' id='word_1_133' title='bbox 825 2223 851 2276; x_wconf 85' lang='lat' dir='ltr'>ri</span> <span class='ocrx_word' id='word_1_134' title='bbox 869 2223 900 2277; x_wconf 82' lang='lat' dir='ltr'>cl.</span> <span class='ocrx_word' id='word_1_135' title='bbox 919 2227 962 2276; x_wconf 76' lang='lat' dir='ltr'>BP</span> <span class='ocrx_word' id='word_1_136' title='bbox 981 2223 1006 2277; x_wconf 87' lang='lat'>3.</span> <span class='ocrx_word' id='word_1_137' title='bbox 1024 2223 1068 2277; x_wconf 82' lang='lat'>41.</span> 
     </span>
    </p>
   </div>
   <div class='ocr_carea' id='block_1_6' title="bbox 113 2375 1554 2509">
    <p class='ocr_par' dir='ltr' id='par_1_8' title="bbox 113 2375 1554 2509">
     <span class='ocr_line' id='line_1_19' title="bbox 715 2375 1554 2402; baseline 0.01 -8"><span class='ocrx_word' id='word_1_138' title='bbox 715 2389 717 2394; x_wconf 95' lang='lat'>.</span> <span class='ocrx_word' id='word_1_139' title='bbox 1553 2375 1554 2402; x_wconf 86' lang='lat' dir='ltr'>l</span> 
     </span>
     <span class='ocr_line' id='line_1_20' title="bbox 113 2415 1554 2509; baseline 0.001 -31"><span class='ocrx_word' id='word_1_140' title='bbox 113 2416 234 2509; x_wconf 51' lang='grc'>56444300</span> <span class='ocrx_word' id='word_1_141' title='bbox 249 2415 302 2465; x_wconf 60' lang='lat'>‘1³¹⁶</span> <span class='ocrx_word' id='word_1_142' title='bbox 381 2419 530 2483; x_wconf 85' lang='lat' dir='ltr'>Philostr.</span> <span class='ocrx_word' id='word_1_143' title='bbox 552 2417 617 2481; x_wconf 80' lang='lat' dir='ltr'>Vn.</span> <span class='ocrx_word' id='word_1_144' title='bbox 642 2417 779 2501; x_wconf 81' lang='lat' dir='ltr'>sophist.</span> <span class='ocrx_word' id='word_1_145' title='bbox 802 2438 938 2502; x_wconf 80' lang='lat' dir='ltr'>prooem.</span> <span class='ocrx_word' id='word_1_146' title='bbox 973 2420 1037 2506; x_wconf 78' lang='grc' dir='ltr'>Τὴν</span> <span class='ocrx_word' id='word_1_147' title='bbox 1059 2415 1195 2505; x_wconf 74' lang='grc' dir='ltr'><em>ἀρχαίαν</em></span> <span class='ocrx_word' id='word_1_148' title='bbox 1217 2420 1483 2507; x_wconf 68' lang='grc' dir='ltr'><em>σοφιστικὴν“ιτε</em></span> <span class='ocrx_word' id='word_1_149' title='bbox 1496 2439 1515 2478; x_wconf 78' lang='lat' dir='ltr'>s</span> <span class='ocrx_word' id='word_1_150' title='bbox 1553 2415 1554 2418; x_wconf 55' lang='grc'>’</span> 
     </span>
    </p>
   </div>
   <div class='ocr_carea' id='block_1_7' title="bbox 211 2472 1430 2720">
    <p class='ocr_par' dir='ltr' id='par_1_9' title="bbox 211 2472 1430 2720">
     <span class='ocr_line' id='line_1_21' title="bbox 211 2472 1430 2614; baseline 0 -24"><span class='ocrx_word' id='word_1_151' title='bbox 211 2472 221 2509; x_wconf 48' lang='lat' dir='ltr'><strong>t</strong></span> <span class='ocrx_word' id='word_1_152' title='bbox 314 2526 485 2614; x_wconf 79' lang='grc' dir='ltr'><em>ῥητορικὴν</em></span> <span class='ocrx_word' id='word_1_153' title='bbox 507 2525 660 2612; x_wconf 77' lang='grc' dir='ltr'><em>ἡγεῖσθαι</em></span> <span class='ocrx_word' id='word_1_154' title='bbox 688 2526 747 2612; x_wconf 77' lang='grc' dir='ltr'>χρὴ</span> <span class='ocrx_word' id='word_1_155' title='bbox 777 2525 1037 2612; x_wconf 83' lang='grc' dir='ltr'><em>φιλοσοφοῦσαν·</em></span> <span class='ocrx_word' id='word_1_156' title='bbox 1067 2524 1251 2610; x_wconf 82' lang='grc' dir='ltr'><em>διαλέγεται</em></span> <span class='ocrx_word' id='word_1_157' title='bbox 1281 2525 1341 2608; x_wconf 88' lang='grc' dir='ltr'>μέν</span> <span class='ocrx_word' id='word_1_158' title='bbox 1369 2528 1430 2612; x_wconf 82' lang='grc' dir='ltr'>γὰρ</span> 
     </span>
     <span class='ocr_line' id='line_1_22' title="bbox 313 2626 823 2720; baseline -0.004 -23"><span class='ocrx_word' id='word_1_159' title='bbox 313 2631 397 2720; x_wconf 79' lang='grc' dir='ltr'><em>ὑπὲρ</em></span> <span class='ocrx_word' id='word_1_160' title='bbox 421 2627 465 2695; x_wconf 86' lang='grc' dir='ltr'>ὧν</span> <span class='ocrx_word' id='word_1_161' title='bbox 488 2626 519 2696; x_wconf 75' lang='lat' dir='ltr'>ol</span> <span class='ocrx_word' id='word_1_162' title='bbox 543 2629 823 2718; x_wconf 65' lang='lat' dir='ltr'>prtooopoemgb.</span> 
     </span>
    </p>
   </div>
   <div class='ocr_carea' id='block_1_8' title="bbox 314 2760 1433 3287">
    <p class='ocr_par' dir='ltr' id='par_1_10' title="bbox 314 2760 1433 3287">
     <span class='ocr_line' id='line_1_23' title="bbox 385 2760 1431 2844; baseline -0.001 -16"><span class='ocrx_word' id='word_1_163' title='bbox 385 2788 414 2828; x_wconf 83' lang='lat' dir='ltr'>a.</span> <span class='ocrx_word' id='word_1_164' title='bbox 442 2773 547 2826; x_wconf 87' lang='lat' dir='ltr'>Primus</span> <span class='ocrx_word' id='word_1_165' title='bbox 575 2789 602 2824; x_wconf 90' lang='lat' dir='ltr'>se</span> <span class='ocrx_word' id='word_1_166' title='bbox 637 2771 782 2841; x_wconf 78' lang='lat' dir='ltr'>sophistam</span> <span class='ocrx_word' id='word_1_167' title='bbox 810 2773 951 2842; x_wconf 87' lang='lat' dir='ltr'>appellavit</span> <span class='ocrx_word' id='word_1_168' title='bbox 978 2777 1006 2826; x_wconf 94' lang='lat' dir='ltr'>et</span> <span class='ocrx_word' id='word_1_169' title='bbox 1032 2774 1117 2844; x_wconf 88' lang='lat' dir='ltr'>pretio</span> <span class='ocrx_word' id='word_1_170' title='bbox 1150 2773 1239 2826; x_wconf 82' lang='lat' dir='ltr'>docuit</span> <span class='ocrx_word' id='word_1_171' title='bbox 1266 2760 1431 2842; x_wconf 68' lang='lat' dir='ltr'>Protagoras,</span> 
     </span>
     <span class='ocr_line' id='line_1_24' title="bbox 314 2859 1432 2932; baseline 0.001 -18"><span class='ocrx_word' id='word_1_172' title='bbox 314 2881 338 2917; x_wconf 87' lang='lat' dir='ltr'>v.</span> <span class='ocrx_word' id='word_1_173' title='bbox 357 2861 434 2916; x_wconf 81' lang='lat' dir='ltr'>Plato</span> <span class='ocrx_word' id='word_1_174' title='bbox 451 2862 557 2928; x_wconf 84' lang='lat' dir='ltr'>Protag.</span> <span class='ocrx_word' id='word_1_175' title='bbox 576 2877 601 2929; x_wconf 92' lang='lat' dir='ltr'>p.</span> <span class='ocrx_word' id='word_1_176' title='bbox 621 2861 674 2914; x_wconf 83' lang='lat'>316</span> <span class='ocrx_word' id='word_1_177' title='bbox 692 2861 724 2914; x_wconf 93' lang='lat' dir='ltr'>D.</span> <span class='ocrx_word' id='word_1_178' title='bbox 744 2862 796 2915; x_wconf 87' lang='grc'>348</span> <span class='ocrx_word' id='word_1_179' title='bbox 813 2860 844 2915; x_wconf 86' lang='lat' dir='ltr'>E.</span> <span class='ocrx_word' id='word_1_180' title='bbox 880 2861 947 2914; x_wconf 85' lang='lat' dir='ltr'>Eum</span> <span class='ocrx_word' id='word_1_181' title='bbox 971 2866 1077 2915; x_wconf 85' lang='lat' dir='ltr'>secutus</span> <span class='ocrx_word' id='word_1_182' title='bbox 1096 2859 1206 2930; x_wconf 78' lang='lat' dir='ltr'>Gorgias</span> <span class='ocrx_word' id='word_1_183' title='bbox 1229 2879 1281 2915; x_wconf 92' lang='lat' dir='ltr'>non</span> <span class='ocrx_word' id='word_1_184' title='bbox 1306 2863 1432 2932; x_wconf 81' lang='lat' dir='ltr'>sophista,</span> 
     </span>
     <span class='ocr_line' id='line_1_25' title="bbox 316 2949 1432 3019; baseline 0 -15"><span class='ocrx_word' id='word_1_185' title='bbox 316 2951 361 3004; x_wconf 89' lang='lat' dir='ltr'>sed</span> <span class='ocrx_word' id='word_1_186' title='bbox 380 2951 470 3004; x_wconf 88' lang='lat' dir='ltr'>rhetor</span> <span class='ocrx_word' id='word_1_187' title='bbox 487 2949 614 3018; x_wconf 89' lang='lat' dir='ltr'>appellari</span> <span class='ocrx_word' id='word_1_188' title='bbox 632 2949 723 3015; x_wconf 83' lang='lat' dir='ltr'>voluit,</span> <span class='ocrx_word' id='word_1_189' title='bbox 743 2949 788 3002; x_wconf 92' lang='lat' dir='ltr'>sed</span> <span class='ocrx_word' id='word_1_190' title='bbox 807 2951 990 3019; x_wconf 77' lang='lat' dir='ltr'>percrebuerat</span> <span class='ocrx_word' id='word_1_191' title='bbox 1007 2967 1114 3015; x_wconf 85' lang='lat' dir='ltr'>nomen,</span> <span class='ocrx_word' id='word_1_192' title='bbox 1141 2955 1172 3003; x_wconf 91' lang='lat' dir='ltr'>ut</span> <span class='ocrx_word' id='word_1_193' title='bbox 1190 2954 1218 3003; x_wconf 86' lang='lat' dir='ltr'>et</span> <span class='ocrx_word' id='word_1_194' title='bbox 1235 2951 1280 3004; x_wconf 91' lang='lat' dir='ltr'>ille</span> <span class='ocrx_word' id='word_1_195' title='bbox 1298 2955 1327 3004; x_wconf 88' lang='lat' dir='ltr'>et</span> <span class='ocrx_word' id='word_1_196' title='bbox 1344 2952 1432 3018; x_wconf 83' lang='lat' dir='ltr'>ceteri,</span> 
     </span>
     <span class='ocr_line' id='line_1_26' title="bbox 316 3038 1433 3110; baseline 0.001 -18"><span class='ocrx_word' id='word_1_197' title='bbox 316 3040 362 3108; x_wconf 90' lang='lat' dir='ltr'>qui</span> <span class='ocrx_word' id='word_1_198' title='bbox 381 3039 476 3091; x_wconf 84' lang='lat' dir='ltr'>similia</span> <span class='ocrx_word' id='word_1_199' title='bbox 488 3038 680 3108; x_wconf 86' lang='lat' dir='ltr'>profitebantur</span> <span class='ocrx_word' id='word_1_200' title='bbox 697 3039 923 3109; x_wconf 88' lang='lat' dir='ltr'>relutHippias</span> <span class='ocrx_word' id='word_1_201' title='bbox 941 3040 984 3105; x_wconf 83' lang='lat' dir='ltr'>(de</span> <span class='ocrx_word' id='word_1_202' title='bbox 1001 3057 1052 3109; x_wconf 88' lang='lat' dir='ltr'>quo</span> <span class='ocrx_word' id='word_1_203' title='bbox 1066 3040 1097 3093; x_wconf 83' lang='lat' dir='ltr'>ct.</span> <span class='ocrx_word' id='word_1_204' title='bbox 1112 3039 1224 3109; x_wconf 84' lang='lat' dir='ltr'>Spengel</span> <span class='ocrx_word' id='word_1_205' title='bbox 1237 3040 1255 3093; x_wconf 91' lang='lat' dir='ltr'>l.</span> <span class='ocrx_word' id='word_1_206' title='bbox 1269 3039 1288 3093; x_wconf 91' lang='lat' dir='ltr'>l.</span> <span class='ocrx_word' id='word_1_207' title='bbox 1302 3057 1328 3109; x_wconf 93' lang='lat' dir='ltr'>p.</span> <span class='ocrx_word' id='word_1_208' title='bbox 1343 3042 1433 3110; x_wconf 70' lang='lat' dir='ltr'>liusq,</span> 
     </span>
     <span class='ocr_line' id='line_1_27' title="bbox 315 3126 1433 3196; baseline 0.002 -16"><span class='ocrx_word' id='word_1_209' title='bbox 315 3127 344 3181; x_wconf 83' lang='lat' dir='ltr'>F.</span> <span class='ocrx_word' id='word_1_210' title='bbox 365 3126 453 3195; x_wconf 80' lang='lat' dir='ltr'>Mehly</span> <span class='ocrx_word' id='word_1_211' title='bbox 471 3127 498 3180; x_wconf 91' lang='lat' dir='ltr'>in</span> <span class='ocrx_word' id='word_1_212' title='bbox 516 3127 585 3180; x_wconf 87' lang='lat' dir='ltr'>Mus.</span> <span class='ocrx_word' id='word_1_213' title='bbox 603 3127 654 3181; x_wconf 90' lang='lat' dir='ltr'>Rh.</span> <span class='ocrx_word' id='word_1_214' title='bbox 674 3127 723 3180; x_wconf 84' lang='lat' dir='ltr'>XV</span> <span class='ocrx_word' id='word_1_215' title='bbox 741 3129 842 3194; x_wconf 89' lang='grc'>(1860),</span> <span class='ocrx_word' id='word_1_216' title='bbox 861 3129 923 3182; x_wconf 89' lang='lat' dir='ltr'>XVI</span> <span class='ocrx_word' id='word_1_217' title='bbox 942 3130 1041 3194; x_wconf 80' lang='lat'>(1861),</span> <span class='ocrx_word' id='word_1_218' title='bbox 1060 3129 1226 3182; x_wconf 78' lang='lat' dir='ltr'>Prodicus</span> <span class='ocrx_word' id='word_1_219' title='bbox 1244 3130 1286 3194; x_wconf 86' lang='lat' dir='ltr'>(of.</span> <span class='ocrx_word' id='word_1_220' title='bbox 1306 3129 1433 3196; x_wconf 71' lang='lat' dir='ltr'>Welolrm,</span> 
     </span>
     <span class='ocr_line' id='line_1_28' title="bbox 316 3215 1277 3287; baseline 0 -17"><span class='ocrx_word' id='word_1_221' title='bbox 316 3217 350 3270; x_wconf 83' lang='lat' dir='ltr'>hl.</span> <span class='ocrx_word' id='word_1_222' title='bbox 370 3215 446 3270; x_wconf 84' lang='lat' dir='ltr'>Schr.</span> <span class='ocrx_word' id='word_1_223' title='bbox 464 3215 492 3268; x_wconf 96' lang='grc' dir='ltr'><strong><em>Π</em></strong></span> <span class='ocrx_word' id='word_1_224' title='bbox 509 3217 561 3270; x_wconf 81' lang='lat'>393</span> <span class='ocrx_word' id='word_1_225' title='bbox 569 3234 607 3286; x_wconf 89' lang='lat' dir='ltr'>sq.</span> <span class='ocrx_word' id='word_1_226' title='bbox 645 3215 756 3287; x_wconf 84' lang='lat' dir='ltr'>Spengel</span> <span class='ocrx_word' id='word_1_227' title='bbox 773 3218 791 3270; x_wconf 92' lang='lat' dir='ltr'>l.</span> <span class='ocrx_word' id='word_1_228' title='bbox 811 3217 828 3271; x_wconf 94' lang='lat' dir='ltr'>l.</span> <span class='ocrx_word' id='word_1_229' title='bbox 848 3235 873 3287; x_wconf 92' lang='lat' dir='ltr'>p.</span> <span class='ocrx_word' id='word_1_230' title='bbox 893 3219 927 3271; x_wconf 91' lang='grc'>46</span> <span class='ocrx_word' id='word_1_231' title='bbox 935 3219 985 3287; x_wconf 82' lang='grc' dir='ltr'>οη.)</span> <span class='ocrx_word' id='word_1_232' title='bbox 1004 3217 1093 3271; x_wconf 93' lang='lat' dir='ltr'>eodem</span> <span class='ocrx_word' id='word_1_233' title='bbox 1111 3218 1196 3270; x_wconf 86' lang='lat' dir='ltr'>vooeti</span> <span class='ocrx_word' id='word_1_234' title='bbox 1215 3217 1277 3270; x_wconf 89' lang='lat' dir='ltr'>sint.</span> 
     </span>
    </p>
   </div>
   <div class='ocr_carea' id='block_1_9' title="bbox 89 3321 1437 4016">
    <p class='ocr_par' dir='ltr' id='par_1_11' title="bbox 387 3321 1435 3394">
     <span class='ocr_line' id='line_1_29' title="bbox 387 3321 1435 3394; baseline 0.001 -18"><span class='ocrx_word' id='word_1_235' title='bbox 387 3321 417 3377; x_wconf 79' lang='lat' dir='ltr'>h.</span> <span class='ocrx_word' id='word_1_236' title='bbox 436 3321 513 3376; x_wconf 86' lang='lat' dir='ltr'>Modo</span> <span class='ocrx_word' id='word_1_237' title='bbox 531 3339 591 3376; x_wconf 91' lang='lat' dir='ltr'>eum</span> <span class='ocrx_word' id='word_1_238' title='bbox 609 3323 667 3376; x_wconf 87' lang='lat' dir='ltr'>aliis</span> <span class='ocrx_word' id='word_1_239' title='bbox 687 3323 845 3394; x_wconf 89' lang='lat' dir='ltr'>disputando</span> <span class='ocrx_word' id='word_1_240' title='bbox 870 3324 946 3377; x_wconf 91' lang='lat' dir='ltr'>modo</span> <span class='ocrx_word' id='word_1_241' title='bbox 965 3325 1127 3378; x_wconf 87' lang='lat' dir='ltr'>orationibus</span> <span class='ocrx_word' id='word_1_242' title='bbox 1152 3324 1283 3377; x_wconf 80' lang='lat' dir='ltr'>continuis</span> <span class='ocrx_word' id='word_1_243' title='bbox 1307 3323 1435 3378; x_wconf 86' lang='lat' dir='ltr'>habendis</span> 
     </span>
    </p>

    <p class='ocr_par' dir='ltr' id='par_1_12' title="bbox 316 3411 1434 3483">
     <span class='ocr_line' id='line_1_30' title="bbox 316 3411 1434 3483; baseline 0.003 -19"><span class='ocrx_word' id='word_1_244' title='bbox 316 3414 400 3464; x_wconf 77' lang='lat' dir='ltr'>artem</span> <span class='ocrx_word' id='word_1_245' title='bbox 423 3428 497 3465; x_wconf 91' lang='lat' dir='ltr'>suam</span> <span class='ocrx_word' id='word_1_246' title='bbox 521 3412 707 3480; x_wconf 82' lang='lat' dir='ltr'>ostendebant,</span> <span class='ocrx_word' id='word_1_247' title='bbox 731 3431 753 3466; x_wconf 83' lang='lat' dir='ltr'>v.</span> <span class='ocrx_word' id='word_1_248' title='bbox 773 3413 842 3466; x_wconf 88' lang='lat' dir='ltr'>Plat.</span> <span class='ocrx_word' id='word_1_249' title='bbox 861 3413 967 3481; x_wconf 81' lang='lat' dir='ltr'>Protag.</span> <span class='ocrx_word' id='word_1_250' title='bbox 992 3431 1018 3483; x_wconf 89' lang='lat' dir='ltr'>p.</span> <span class='ocrx_word' id='word_1_251' title='bbox 1044 3414 1096 3468; x_wconf 85' lang='lat'>334</span> <span class='ocrx_word' id='word_1_252' title='bbox 1114 3413 1150 3478; x_wconf 86' lang='lat' dir='ltr'>E;</span> <span class='ocrx_word' id='word_1_253' title='bbox 1179 3411 1258 3481; x_wconf 83' lang='lat' dir='ltr'>Gorg.</span> <span class='ocrx_word' id='word_1_254' title='bbox 1283 3431 1309 3483; x_wconf 90' lang='lat' dir='ltr'>p.</span> <span class='ocrx_word' id='word_1_255' title='bbox 1328 3414 1381 3467; x_wconf 90' lang='grc'>449</span> <span class='ocrx_word' id='word_1_256' title='bbox 1400 3413 1434 3480; x_wconf 91' lang='grc' dir='ltr'>Β;</span> 
     </span>
    </p>

    <p class='ocr_par' dir='ltr' id='par_1_13' title="bbox 316 3499 1435 3574">
     <span class='ocr_line' id='line_1_31' title="bbox 316 3499 1435 3574; baseline 0.004 -22"><span class='ocrx_word' id='word_1_257' title='bbox 316 3499 399 3554; x_wconf 80' lang='lat' dir='ltr'>Arist.</span> <span class='ocrx_word' id='word_1_258' title='bbox 419 3499 450 3552; x_wconf 87' lang='lat' dir='ltr'>de</span> <span class='ocrx_word' id='word_1_259' title='bbox 469 3500 546 3570; x_wconf 83' lang='lat' dir='ltr'>Soph.</span> <span class='ocrx_word' id='word_1_260' title='bbox 565 3500 605 3554; x_wconf 84' lang='lat' dir='ltr'>El.</span> <span class='ocrx_word' id='word_1_261' title='bbox 625 3502 668 3555; x_wconf 88' lang='grc'>34.</span> <span class='ocrx_word' id='word_1_262' title='bbox 690 3501 758 3556; x_wconf 63' lang='lat'><strong>183³&gt;</strong></span> <span class='ocrx_word' id='word_1_263' title='bbox 776 3503 819 3556; x_wconf 87' lang='grc'>36.</span> <span class='ocrx_word' id='word_1_264' title='bbox 848 3507 894 3556; x_wconf 83' lang='grc' dir='ltr'>καὶ</span> <span class='ocrx_word' id='word_1_265' title='bbox 913 3505 966 3574; x_wconf 83' lang='grc' dir='ltr'>γὰρ</span> <span class='ocrx_word' id='word_1_266' title='bbox 985 3515 1039 3556; x_wconf 78' lang='grc' dir='ltr'><em>τῶν</em></span> <span class='ocrx_word' id='word_1_267' title='bbox 1058 3507 1120 3574; x_wconf 85' lang='grc' dir='ltr'><em>περὶ</em></span> <span class='ocrx_word' id='word_1_268' title='bbox 1139 3503 1202 3563; x_wconf 82' lang='grc' dir='ltr'><em>τοὺς</em></span> <span class='ocrx_word' id='word_1_269' title='bbox 1220 3505 1373 3574; x_wconf 74' lang='grc' dir='ltr'><em>ἐριστικοὺς</em></span> <span class='ocrx_word' id='word_1_270' title='bbox 1391 3506 1435 3557; x_wconf 83' lang='grc' dir='ltr'>λό-</span> 
     </span>
    </p>

    <p class='ocr_par' dir='ltr' id='par_1_14' title="bbox 318 3589 1434 3664">
     <span class='ocr_line' id='line_1_32' title="bbox 318 3589 1434 3664; baseline 0.004 -23"><span class='ocrx_word' id='word_1_271' title='bbox 318 3608 383 3656; x_wconf 87' lang='grc' dir='ltr'><em>γους</em></span> <span class='ocrx_word' id='word_1_272' title='bbox 399 3593 631 3662; x_wconf 72' lang='grc' dir='ltr'><em>μισθαρνούντων</em></span> <span class='ocrx_word' id='word_1_273' title='bbox 649 3593 733 3662; x_wconf 84' lang='grc' dir='ltr'><em>δμοία</em></span> <span class='ocrx_word' id='word_1_274' title='bbox 752 3611 793 3651; x_wconf 90' lang='grc' dir='ltr'>τις</span> <span class='ocrx_word' id='word_1_275' title='bbox 811 3589 844 3658; x_wconf 66' lang='grc' dir='ltr'>ἦν</span> <span class='ocrx_word' id='word_1_276' title='bbox 863 3593 878 3658; x_wconf 80' lang='grc' dir='ltr'><em>ἦ</em></span> <span class='ocrx_word' id='word_1_277' title='bbox 898 3592 1045 3652; x_wconf 83' lang='grc' dir='ltr'><em>παίδευσις</em></span> <span class='ocrx_word' id='word_1_278' title='bbox 1059 3595 1090 3664; x_wconf 72' lang='grc' dir='ltr'><em>τῇ</em></span> <span class='ocrx_word' id='word_1_279' title='bbox 1107 3597 1226 3660; x_wconf 79' lang='grc' dir='ltr'><em>Γοργίου</em></span> <span class='ocrx_word' id='word_1_280' title='bbox 1240 3598 1434 3664; x_wconf 80' lang='grc' dir='ltr'><em>πραγματείᾳ·</em></span> 
     </span>
    </p>

    <p class='ocr_par' dir='ltr' id='par_1_15' title="bbox 128 3679 1435 3752">
     <span class='ocr_line' id='line_1_33' title="bbox 128 3679 1435 3752; baseline 0 -20"><span class='ocrx_word' id='word_1_281' title='bbox 128 3693 184 3732; x_wconf 76' lang='lat' dir='ltr'>ratio</span> <span class='ocrx_word' id='word_1_282' title='bbox 199 3690 292 3732; x_wconf 71' lang='lat' dir='ltr'>docendi</span> <span class='ocrx_word' id='word_1_283' title='bbox 319 3679 418 3746; x_wconf 84' lang='grc' dir='ltr'><em>λόγους</em></span> <span class='ocrx_word' id='word_1_284' title='bbox 436 3679 490 3748; x_wconf 87' lang='grc' dir='ltr'><em>γδιρ</em></span> <span class='ocrx_word' id='word_1_285' title='bbox 509 3681 535 3730; x_wconf 81' lang='grc' dir='ltr'>οἱ</span> <span class='ocrx_word' id='word_1_286' title='bbox 552 3681 605 3749; x_wconf 81' lang='grc' dir='ltr'>μέν</span> <span class='ocrx_word' id='word_1_287' title='bbox 624 3681 780 3750; x_wconf 83' lang='grc' dir='ltr'><em>ῥητορικοὺς</em></span> <span class='ocrx_word' id='word_1_288' title='bbox 800 3684 826 3732; x_wconf 88' lang='grc' dir='ltr'>οἱ</span> <span class='ocrx_word' id='word_1_289' title='bbox 845 3679 875 3733; x_wconf 79' lang='grc' dir='ltr'>δὲ</span> <span class='ocrx_word' id='word_1_290' title='bbox 895 3681 1070 3750; x_wconf 83' lang='grc' dir='ltr'><em>ίροιτητικοὺς</em></span> <span class='ocrx_word' id='word_1_291' title='bbox 1088 3680 1224 3733; x_wconf 72' lang='grc' dir='ltr'><em>ἐδίδοσαν</em></span> <span class='ocrx_word' id='word_1_292' title='bbox 1242 3682 1435 3752; x_wconf 72' lang='grc' dir='ltr'><em>ἐκμανθάνειν,</em></span> 
     </span>
    </p>

    <p class='ocr_par' dir='ltr' id='par_1_16' title="bbox 89 3763 1437 4016">
     <span class='ocr_line' id='line_1_34' title="bbox 89 3763 1435 3840; baseline 0.002 -23"><span class='ocrx_word' id='word_1_293' title='bbox 89 3763 91 3768; x_wconf 70' lang='grc'><strong>’</strong></span> <span class='ocrx_word' id='word_1_294' title='bbox 320 3772 357 3826; x_wconf 74' lang='grc' dir='ltr'><em>εἰς</em></span> <span class='ocrx_word' id='word_1_295' title='bbox 377 3769 423 3827; x_wconf 79' lang='grc' dir='ltr'><em>οὓς</em></span> <span class='ocrx_word' id='word_1_296' title='bbox 441 3769 599 3828; x_wconf 82' lang='grc' dir='ltr'><em>πλειστάκις</em></span> <span class='ocrx_word' id='word_1_297' title='bbox 623 3770 773 3840; x_wconf 78' lang='grc' dir='ltr'><em>ἐμπίπτειν</em></span> <span class='ocrx_word' id='word_1_298' title='bbox 797 3764 927 3836; x_wconf 80' lang='grc' dir='ltr'><em>ᾠήθησαν</em></span> <span class='ocrx_word' id='word_1_299' title='bbox 951 3769 1073 3840; x_wconf 80' lang='grc' dir='ltr'><em>ἑκάτεροι</em></span> <span class='ocrx_word' id='word_1_300' title='bbox 1098 3769 1161 3828; x_wconf 83' lang='grc' dir='ltr'><em>τοὺς</em></span> <span class='ocrx_word' id='word_1_301' title='bbox 1186 3771 1306 3835; x_wconf 80' lang='grc' dir='ltr'><em>ἀλλήλων</em></span> <span class='ocrx_word' id='word_1_302' title='bbox 1329 3771 1435 3838; x_wconf 87' lang='grc' dir='ltr'><em>λόγους.</em></span> 
     </span>
     <span class='ocr_line' id='line_1_35' title="bbox 140 3836 1436 3937; baseline 0.002 -30"><span class='ocrx_word' id='word_1_303' title='bbox 140 3836 292 3937; x_wconf 50' lang='lat' dir='ltr'>,ffi‘pffssffiio</span> <span class='ocrx_word' id='word_1_304' title='bbox 319 3854 427 3908; x_wconf 84' lang='lat' dir='ltr'>Praeter</span> <span class='ocrx_word' id='word_1_305' title='bbox 446 3855 621 3924; x_wconf 85' lang='lat' dir='ltr'>eloquentiam</span> <span class='ocrx_word' id='word_1_306' title='bbox 639 3857 719 3909; x_wconf 84' lang='lat' dir='ltr'>etiam</span> <span class='ocrx_word' id='word_1_307' title='bbox 738 3856 827 3909; x_wconf 87' lang='lat' dir='ltr'>studia</span> <span class='ocrx_word' id='word_1_308' title='bbox 843 3857 1015 3925; x_wconf 78' lang='lat' dir='ltr'>grammatica</span> <span class='ocrx_word' id='word_1_309' title='bbox 1032 3873 1048 3910; x_wconf 87' lang='lat' dir='ltr'>a</span> <span class='ocrx_word' id='word_1_310' title='bbox 1067 3857 1191 3926; x_wconf 85' lang='lat' dir='ltr'>sophistis</span> <span class='ocrx_word' id='word_1_311' title='bbox 1209 3859 1436 3927; x_wconf 85' lang='lat' dir='ltr'>promovebantur,</span> 
     </span>
     <span class='ocr_line' id='line_1_36' title="bbox 318 3939 1437 4016; baseline 0.003 -20"><span class='ocrx_word' id='word_1_312' title='bbox 318 3944 455 4014; x_wconf 80' lang='lat' dir='ltr'>praecipue</span> <span class='ocrx_word' id='word_1_313' title='bbox 483 3960 514 3997; x_wconf 90' lang='lat' dir='ltr'>ea</span> <span class='ocrx_word' id='word_1_314' title='bbox 537 3939 602 4013; x_wconf 86' lang='lat' dir='ltr'>¹quae</span> <span class='ocrx_word' id='word_1_315' title='bbox 626 3945 654 3998; x_wconf 93' lang='lat' dir='ltr'>in</span> <span class='ocrx_word' id='word_1_316' title='bbox 679 3950 815 4015; x_wconf 87' lang='lat' dir='ltr'>poetarum</span> <span class='ocrx_word' id='word_1_317' title='bbox 837 3946 1055 4016; x_wconf 85' lang='lat' dir='ltr'>interpretatione</span> <span class='ocrx_word' id='word_1_318' title='bbox 1078 3947 1165 4016; x_wconf 89' lang='lat' dir='ltr'>posita</span> <span class='ocrx_word' id='word_1_319' title='bbox 1187 3950 1277 4013; x_wconf 87' lang='lat' dir='ltr'>erant,</span> <span class='ocrx_word' id='word_1_320' title='bbox 1301 3946 1333 4000; x_wconf 84' lang='lat' dir='ltr'>of.</span> <span class='ocrx_word' id='word_1_321' title='bbox 1360 3947 1437 4000; x_wconf 89' lang='lat' dir='ltr'>Plato</span> 
     </span>
    </p>
   </div>
   <div class='ocr_carea' id='block_1_10' title="bbox 319 4032 1383 4104">
    <p class='ocr_par' dir='ltr' id='par_1_17' title="bbox 319 4032 1383 4104">
     <span class='ocr_line' id='line_1_37' title="bbox 319 4032 1383 4104; baseline 0.004 -19"><span class='ocrx_word' id='word_1_322' title='bbox 319 4032 425 4101; x_wconf 82' lang='lat' dir='ltr'>Protag.</span> <span class='ocrx_word' id='word_1_323' title='bbox 444 4049 469 4102; x_wconf 92' lang='lat' dir='ltr'>p.</span> <span class='ocrx_word' id='word_1_324' title='bbox 489 4034 541 4087; x_wconf 87' lang='lat'>338</span> <span class='ocrx_word' id='word_1_325' title='bbox 560 4033 590 4087; x_wconf 85' lang='lat' dir='ltr'>E.</span> <span class='ocrx_word' id='word_1_326' title='bbox 627 4032 742 4100; x_wconf 82' lang='lat' dir='ltr'>Classen,</span> <span class='ocrx_word' id='word_1_327' title='bbox 762 4034 793 4087; x_wconf 93' lang='lat' dir='ltr'>de</span> <span class='ocrx_word' id='word_1_328' title='bbox 811 4051 920 4102; x_wconf 79' lang='lat' dir='ltr'>gramm.</span> <span class='ocrx_word' id='word_1_329' title='bbox 940 4033 985 4089; x_wconf 84' lang='lat' dir='ltr'>Gr.</span> <span class='ocrx_word' id='word_1_330' title='bbox 1004 4035 1162 4104; x_wconf 89' lang='lat' dir='ltr'>primordiis,</span> <span class='ocrx_word' id='word_1_331' title='bbox 1180 4035 1286 4088; x_wconf 87' lang='lat' dir='ltr'>Bonnee</span> <span class='ocrx_word' id='word_1_332' title='bbox 1304 4036 1383 4090; x_wconf 79' lang='grc'>1829.</span> 
     </span>
    </p>
   </div>
   <div class='ocr_carea' id='block_1_11' title="bbox 257 4218 1520 4533">
    <p class='ocr_par' dir='ltr' id='par_1_18' title="bbox 257 4218 1520 4533">
     <span class='ocr_line' id='line_1_38' title="bbox 408 4218 1520 4318; baseline 0.003 -26"><span class='ocrx_word' id='word_1_333' title='bbox 408 4229 505 4292; x_wconf 85' lang='lat' dir='ltr'>Arist.</span> <span class='ocrx_word' id='word_1_334' title='bbox 537 4228 630 4312; x_wconf 83' lang='lat' dir='ltr'>Soph.</span> <span class='ocrx_word' id='word_1_335' title='bbox 657 4231 787 4296; x_wconf 83' lang='lat' dir='ltr'>Elenoh.</span> <span class='ocrx_word' id='word_1_336' title='bbox 821 4241 848 4296; x_wconf 90' lang='lat'>1.</span> <span class='ocrx_word' id='word_1_337' title='bbox 880 4241 965 4298; x_wconf 79' lang='lat'>165·</span> <span class='ocrx_word' id='word_1_338' title='bbox 993 4239 1044 4296; x_wconf 76' lang='lat'>21.</span> <span class='ocrx_word' id='word_1_339' title='bbox 1082 4218 1176 4296; x_wconf 74' lang='grc' dir='ltr'><em>’Ἐστι</em></span> <span class='ocrx_word' id='word_1_340' title='bbox 1206 4232 1267 4317; x_wconf 80' lang='grc' dir='ltr'>γάρ</span> <span class='ocrx_word' id='word_1_341' title='bbox 1296 4232 1316 4318; x_wconf 77' lang='grc' dir='ltr'>ἡ</span> <span class='ocrx_word' id='word_1_342' title='bbox 1339 4246 1520 4318; x_wconf 68' lang='lat' dir='ltr'>soor-1⁷⁶⁸</span> 
     </span>
     <span class='ocr_line' id='line_1_39' title="bbox 257 4326 1437 4426; baseline 0.003 -29"><span class='ocrx_word' id='word_1_343' title='bbox 257 4345 261 4354; x_wconf 91' lang='grc'><strong>’</strong></span> <span class='ocrx_word' id='word_1_344' title='bbox 320 4336 414 4422; x_wconf 80' lang='grc' dir='ltr'><em>στικη</em></span> <span class='ocrx_word' id='word_1_345' title='bbox 438 4335 615 4424; x_wconf 82' lang='grc' dir='ltr'><em>φαινομένη</em></span> <span class='ocrx_word' id='word_1_346' title='bbox 639 4335 741 4425; x_wconf 89' lang='grc' dir='ltr'><em>σοφία</em></span> <span class='ocrx_word' id='word_1_347' title='bbox 765 4334 844 4403; x_wconf 81' lang='grc' dir='ltr'><em>οὖσα</em></span> <span class='ocrx_word' id='word_1_348' title='bbox 869 4326 902 4402; x_wconf 73' lang='grc' dir='ltr'>δ’</span> <span class='ocrx_word' id='word_1_349' title='bbox 922 4336 973 4417; x_wconf 78' lang='lat' dir='ltr'>eii,</span> <span class='ocrx_word' id='word_1_350' title='bbox 1004 4336 1061 4403; x_wconf 87' lang='grc' dir='ltr'>καὶ</span> <span class='ocrx_word' id='word_1_351' title='bbox 1091 4337 1290 4426; x_wconf 81' lang='grc' dir='ltr'><em>δσοφιστὴς</em></span> <span class='ocrx_word' id='word_1_352' title='bbox 1310 4362 1437 4426; x_wconf 88' lang='grc' dir='ltr'><em>χρημα-</em></span> 
     </span>
     <span class='ocr_line' id='line_1_40' title="bbox 319 4435 1202 4533; baseline 0.006 -30"><span class='ocrx_word' id='word_1_353' title='bbox 319 4442 431 4528; x_wconf 78' lang='grc' dir='ltr'><em>τιστὴς</em></span> <span class='ocrx_word' id='word_1_354' title='bbox 454 4439 522 4506; x_wconf 81' lang='grc' dir='ltr'>ἀπὸ</span> <span class='ocrx_word' id='word_1_355' title='bbox 545 4443 741 4533; x_wconf 88' lang='grc' dir='ltr'><em>φαινομένης</em></span> <span class='ocrx_word' id='word_1_356' title='bbox 763 4441 883 4532; x_wconf 86' lang='grc' dir='ltr'><em>σοφίας</em></span> <span class='ocrx_word' id='word_1_357' title='bbox 907 4435 980 4510; x_wconf 79' lang='grc' dir='ltr'><em>ἀλλ’</em></span> <span class='ocrx_word' id='word_1_358' title='bbox 1000 4443 1057 4510; x_wconf 80' lang='grc' dir='ltr'><em>οὐκ</em></span> <span class='ocrx_word' id='word_1_359' title='bbox 1080 4442 1202 4532; x_wconf 63' lang='lat' dir='ltr'>adunat</span> 
     </span>
    </p>
   </div>
   <div class='ocr_carea' id='block_1_12' title="bbox 0 0 1588 4990">
    <p class='ocr_par' dir='ltr' id='par_1_19' title="bbox 0 0 1588 4990">
     <span class='ocr_line' id='line_1_41' title="bbox 0 0 1588 4990; baseline 0 0"><span class='ocrx_word' id='word_1_360' title='bbox 0 0 1588 4990; x_wconf 95' lang='lat' dir='ltr'> </span> 
     </span>
    </p>
   </div>
  </div>
 </body>
</html>
