3156 4988
307 320 346 371 Do
365 320 529 390 philosophia
547 321 574 373 in
593 337 687 387 genere
706 322 813 390 eiusque
832 323 960 391 partibus.
1005 322 1140 376 Canopica.
1232 322 1284 380 ‘eii

236 480 404 552 Soripserunt
428 481 460 533 de
484 480 590 550 Epicuri
614 481 747 535 doctrina:
775 482 805 535 P.
825 480 968 548 (inscendi,
997 477 1233 538 unimedversiones
1257 485 1285 538 in

163 570 240 638 Diog.
265 571 294 622 L.
314 570 352 636 X,
377 570 460 637 Lugd.
479 570 540 624 Bat.
561 571 639 624 1649.
676 570 706 623 Ρ.
727 570 845 640 Natorp,
874 571 983 639 Epikur
1007 589 1034 626 ιι.
1054 573 1080 625 d.
1099 574 1168 640 epilr.
1188 572 1284 627 Schuie

162 658 388 727 (Forschunpem
403 677 442 746 p.
466 660 588 728 209sq.).
630 659 663 712 R.
685 657 788 726 Hirzel‚
822 659 928 714 Ueiens.
956 677 980 714 e.
1000 659 1053 714 Gir.
1081 662 1148 729 phil.
1172 660 1283 728 Schrifi.

162 748 229 802 198
241 765 280 818 sq.

235 869 264 908 ιι.
284 853 525 908 Contemncbantur
543 855 575 907 ab
594 871 624 908 οο
639 871 806 925 quaecunque
825 872 876 908 non
892 859 1042 925 speciarent
1060 857 1093 910 ad
1111 857 1191 910 vitum
1207 874 1284 925 agen·

162 944 237 1009 dam,
267 943 346 996 eiiam
375 946 446 996 ortes
465 943 600 1008 liberales,
629 943 754 1010 historie,
780 945 1021 1011 mathematice‚.v.
1042 945 1112 998 Sext.
1132 945 1215 1000 Maih.
1234 947 1282 1001 11

160 1033 204 1099 (fr.
230 1033 309 1098 227);
339 1031 435 1085 Athen.
461 1031 527 1084 XIII
550 1049 576 1102 p.
596 1032 682 1087 588A
709 1033 751 1099 (fr.
777 1035 847 1098 117).
891 1033 959 1087 Solis
985 1035 1100 1104 physicis
1125 1036 1283 1089 studendum

161 1138 227 1188 esse,
247 1125 279 1175 ut
297 1122 398 1176 animus
417 1125 489 1176 metu
508 1123 664 1188 solveretur,
684 1141 707 1176 v.
727 1122 830 1193 Epicur.
849 1123 921 1177 Seni.
942 1123 1030 1178 select.
1052 1127 1083 1178 11
1104 1142 1144 1195 ap.
1163 1125 1239 1193 Diog.
1258 1125 1283 1178 X

163 1212 214 1265 142
234 1214 270 1282 (p.
291 1213 324 1267 73
339 1213 397 1276 Us.)
415 1218 440 1268 sl
456 1215 548 1286 μηθὲν
566 1216 639 1286 ἡμᾶς
658 1217 689 1266 αἱ
706 1225 761 1266 τῶν
778 1217 923 1286 μετεώρων
942 1217 1064 1281 ὑποψίαι
1083 1217 1224 1285 ἠνώχλουν
1237 1219 1284 1268 καὶ

162 1305 192 1354 αἱ
210 1307 273 1374 περὶ
291 1306 426 1368 θανάτου,
445 1305 484 1370 μή
505 1322 571 1356 ποτε
591 1306 659 1375 πρὸς
678 1297 779 1376 ἦμᾶςῇ
798 1323 832 1365 τι,
852 1304 891 1355 ἔτι
911 1321 939 1356 τε
958 1305 989 1356 τὸ
1002 1305 1042 1376 μὴ
1059 1311 1205 1357 κατανοεῖν
1220 1306 1283 1364 τοὺς

161 1394 242 1467 ὅρους
260 1404 314 1446 τῶν
333 1393 493 1462 ἀλγηδόνων
510 1398 557 1445 καὶ
576 1403 630 1445 τῶν
648 1395 815 1465 ἐπιθυμιῶν,
837 1395 885 1445 οὐκ
904 1395 938 1444 ἄν
953 1394 1167 1466 προσεδεόμεθα
1182 1411 1293 1464 specto-¹

161 1487 263 1552 λογίας.
302 1481 396 1552 [Epic]
415 1481 463 1552 Ep.
483 1483 500 1535 2
518 1499 559 1552 ap.
579 1481 654 1549 Diog.
675 1481 748 1536 X85
767 1499 792 1552 p.
807 1483 851 1546 36,
872 1483 885 1535 1
906 1481 952 1535 Ue.
973 1484 1157 1555 πρῶτονμὲν
1176 1479 1225 1536 οὖν
1242 1484 1282 1554 μὴ

162 1575 228 1625 erio
257 1591 284 1624 τι
313 1575 388 1634 τέλος
416 1573 446 1625 ἐκ
473 1581 519 1638 τῆς
547 1575 609 1644 περὶ
627 1573 770 1642 μετεώρων
789 1574 913 1640 γνώσεως
942 1599 976 1608 -
1004 1574 1125 1644 νομίζειν
1150 1572 1196 1625 δεῖ
1212 1572 1283 1625 εἶναι

159 1665 230 1732 ἤπερ
249 1663 402 1732 ἀταραξίαν
419 1666 465 1714 καὶ
485 1667 582 1714 πίστιν
599 1665 718 1728 βέβαιον,
738 1664 868 1733 καθάπερ
885 1665 932 1714 καὶ
951 1662 998 1714 ἐπὶ
1017 1672 1071 1713 τῶν
1089 1664 1201 1713 λοιπῶν.
1229 1659 1281 1714 Cic.

161 1749 192 1802 dc
210 1747 268 1804 Fin.
287 1749 301 1801 Ι
319 1751 353 1803 63
372 1749 413 1815 (fr.
433 1749 497 1813 243)
514 1749 544 1802 in
562 1749 688 1818 physicis
702 1749 851 1817 plurimum
867 1750 970 1816 posuit.
999 1765 1031 1802 αι
1048 1750 1164 1802 scientie
1182 1754 1207 1803 ei
1225 1764 1282 1802 oer-

160 1840 253 1893 horum
277 1840 319 1892 eis
344 1845 369 1892 et
393 1845 496 1892 nature
515 1839 647 1892 orationis
666 1845 691 1892 ei
710 1839 929 1906 consequentium
946 1839 1192 1906 repupnaniiemee
1210 1839 1281 1891 raico

46 1953 49 1960 ·
155 1934 247 1997 potest
272 1929 393 1996 perspici
399 1949 408 1995 ,·
436 1929 553 1982 oninium
578 1934 667 1982 antem
690 1945 779 1981 rerum
798 1934 900 1981 natura
924 1928 1033 1996 copniio
1051 1927 1171 1980 iocamur
1188 1941 1282 1994 seper·

159 2018 278 2084 stitione,
298 2017 441 2071 liberamur
459 2017 552 2070 mortis
569 2023 648 2070 metu.

111 2229 151 2268 ³⁷⁰
229 2231 339 2297 Seuer.
371 2233 473 2315 Epist.
505 2239 562 2309 89,
596 2242 633 2298 11
667 2228 718 2318 (fr.
744 2234 831 2314 242).
876 2232 1025 2314 Epicurei
1059 2233 1139 2296 duos
1173 2235 1281 2316 partes
1309 2231 1462 2336 Ilm*

159 2340 377 2422 philosophice
411 2342 609 2422 putaverunt
644 2357 729 2416 esse,
764 2339 947 2404 naturalem
979 2342 1076 2421 atque
1110 2340 1280 2404 moralem:

159 2447 349 2511 rationalem
372 2449 584 2511 removerunt.
630 2446 751 2510 Deinde
776 2465 850 2510 cum
872 2446 950 2529 ipsis
973 2447 1068 2510 rebus
1093 2442 1282 2528 cogerentur

160 2554 311 2636 ambigua
334 2571 511 2630 secernere,
542 2553 623 2617 falsa
647 2553 706 2617 sub
730 2555 833 2636 speeie
856 2554 923 2617 veri
945 2555 1079 2618 latentia
1103 2571 1281 2634 coarguere,

158 2659 220 2743 ipsi
251 2679 377 2742 quoque
407 2661 530 2737 locum,
565 2680 661 2742 quem
691 2659 730 2724 de
762 2661 877 2724 iudicio
908 2664 940 2724 et
969 2662 1081 2742 regule
1111 2661 1281 2743 appellaui,

160 2768 221 2832 elio
249 2769 376 2832 nomine
406 2769 596 2832 rationalem
626 2766 837 2842 induxeruni;
873 2767 928 2831 sed
959 2787 1034 2832 eum
1069 2767 1281 2831 accessionem

160 2893 229 2939 esse
252 2875 411 2938 naturalis
434 2875 536 2958 pertis
560 2875 770 2939 existiment&

231 3029 260 3070 a.
280 3017 356 3084 Diog.
376 3017 401 3069 X
415 3018 450 3071 30
468 3034 493 3086 p.
508 3017 569 3082 370,
590 3017 625 3070 14
641 3013 688 3070 Ue.
726 3023 883 3090 Διαιρεῖται
901 3019 928 3084 (ἡ
946 3013 1007 3070 κατ’
1022 3013 1185 3087 Ἐπίκουρον
1204 3017 1280 3087 φιλο-

159 3107 260 3178 σοφία)
288 3111 383 3159 τοίνυν
410 3110 448 3167 εἰς
475 3111 549 3180 τρία,
579 3109 610 3159 τό
634 3125 662 3160 τε
686 3108 832 3160 κανονικὸν
856 3109 902 3158 καὶ
922 3107 1041 3176 φυσικὸν
1058 3111 1105 3158 καὶ
1123 3107 1226 3172 ἠθικόν.
1247 3133 1280 3142 -

158 3198 276 3250 εἰώθασι
293 3200 391 3267 μέντοι
410 3197 441 3248 τὸ
458 3197 604 3248 κανονικὸν
623 3198 696 3267 ὁμοῦ
714 3198 751 3264 τῷ
770 3197 878 3265 φυσικῷ
897 3197 1011 3247 τάττειν.
1049 3192 1086 3248 Cf.
1104 3193 1176 3247 Sext.
1195 3193 1279 3246 Muth.

157 3283 209 3338 VII
229 3284 270 3337 14.
290 3283 333 3338 15.

658 3499 828 3506 ,νῇ-..-

578 3727 856 3824 ιῦοοοιιίοοΙ

109 4027 149 4066 ³⁷1
228 4009 291 4076 Cic.
315 4011 353 4075 de
377 4011 444 4076 Fin.
467 4011 484 4074 Ι
509 4019 559 4078 64.
606 4011 764 4096 Quicquid
794 4011 899 4074 animo
924 4010 1097 4096 cernimus
1125 4009 1157 4072 id
1186 4027 1279 4096 omne
1307 4044 1386 4074 sensus

160 4117 262 4180 oritur
286 4135 305 4180 a
328 4118 493 4197 sensibus,
508 4118 562 4200 qui
586 4119 614 4182 si
637 4137 747 4182 omnes
770 4118 837 4182 veri
860 4107 963 4196 erunt,
987 4107 1024 4180 ui
1046 4116 1176 4199 Epicuri
1198 4115 1279 4179 relic
1304 4141 1306 4146 ¹
1342 4129 1345 4136 ’

160 4223 261 4300 docet,
285 4227 356 4287 tum
379 4223 515 4306 denique
538 4225 656 4308 poterii
681 4224 962 4306 eliquidcognosci
978 4226 1011 4287 et
1025 4222 1153 4306 percipi.
1192 4221 1278 4300 Quos

160 4329 215 4412 qui
238 4331 358 4396 tollunt
381 4333 414 4396 et
436 4331 517 4394 nihil
538 4350 631 4414 posse
654 4331 774 4414 percipi
790 4331 908 4408 dicuni,
931 4329 955 4394 ii
978 4329 1109 4394 remotis
1133 4329 1279 4394 sensibus

158 4455 199 4500 ne
222 4435 254 4500 id
278 4437 385 4520 ipsum
402 4435 531 4518 quidem
547 4437 693 4522 expedire
716 4439 853 4525 pessunt
876 4437 960 4518 quod
984 4427 1154 4506 disserunt.
1184 4435 1282 4500 Prec-
