3156 4988
298 355 353 417 388
751 359 915 415 An'stotelos.

300 523 357 609 τὴν
380 521 477 608 φύσιν
500 519 678 586 αὐτοῦκαὶ
701 523 758 610 τὴν
781 518 893 586 οάσίαν
915 513 1000 586 εἶναι
1022 515 1137 585 θείαν·
1184 515 1277 605 έργον
1305 516 1341 582 δὲ
1362 528 1421 583 τοῦ

301 627 475 693 θειοτάτου
499 629 537 693 τὸ
560 632 644 694 νοεῖν
666 627 724 695 καί
747 632 893 717 φρονεῖν·
929 639 1024 694 τοῦτο
1047 616 1081 692 δ’
1100 624 1137 692 οὐ
1159 621 1272 714 ῥηίδιον
1295 623 1422 689 πολλου

301 745 358 798 τοῦ
381 731 506 799 άνωθεν
529 733 734 819 ἐπικειμένου
757 736 925 818 σώματος·
963 736 1002 801 τδ
1025 735 1085 821 γάρ
1107 733 1208 820 βάρος
1231 727 1420 816 δυσκίνητον

301 842 391 904 ποιεῖ
420 841 477 926 την
506 839 654 906 διάνοιαν
683 839 741 906 καὶ
770 842 827 928 τὴν
849 842 958 928 κοινὴν
982 833 1148 928 αἴσθησιν.
1195 839 1248 904 διὸ
1271 834 1421 914 πλείονος

301 943 486 1030 γιγνομένου
509 956 567 1010 τοῦ
587 946 709 1034 βάρους
738 945 796 1012 καὶ
827 957 885 1011 τοῦ
906 946 1126 1029 σωματώδους
1156 943 1279 1032 ἀνάγκη
1311 940 1421 1030 ῥέπειν

301 1051 504 1134 τὰσώματα
536 1053 620 1139 πρὸς
650 1054 707 1141 τὴν
736 1064 807 1140 γην,
843 1054 927 1118 ὥστε
949 1053 1033 1138 πρὸς
1055 1052 1113 1139 τὴν
1143 1049 1326 1139 ἀσφάλειαν
1349 1045 1422 1114 ἀντὶ

302 1157 480 1243 βραχιόνων
514 1157 571 1223 καί
599 1171 715 1246 χειρῶν
748 1160 824 1236 τοὺς
858 1155 1044 1245 προσθίους
1074 1157 1183 1235 πόδας
1212 1154 1422 1243 δπέθηκενὴ

303 1263 401 1350 φάσις
435 1267 505 1342 τοῖς
539 1263 745 1352 τετράποσιν.
782 1303 823 1312 -
861 1273 944 1331 687·
976 1253 1246 1350 7“Ἀναξαγάρας
1274 1259 1334 1345 μέν
1369 1256 1423 1326 οὖν

303 1391 384 1457 φησι
407 1369 462 1434 διὰ
485 1372 522 1436 τὸ
543 1374 652 1458 χεῖρας
675 1365 757 1452 ἔχειν
780 1371 1029 1459 φρονιμώτατον
1056 1362 1228 1436 εἶναιτῶν
1251 1363 1343 1455 ζῴων
1366 1366 1423 1432 άν-

304 1480 460 1561 θρωπον·
518 1475 645 1561 είίλογον
679 1475 716 1543 δέ
750 1477 806 1542 διὰ
841 1478 879 1542 τὸ
913 1477 1164 1565 φρονιμώτατον
1197 1467 1280 1540 ελναι
1312 1478 1423 1560 χεῖρας

305 1580 489 1664 λαμβάνειν.
535 1579 570 1646 αλ
593 1582 652 1664 μέν
675 1584 735 1668 γάρ
757 1586 860 1670 χεῖρες
882 1579 1018 1669 ὄργανόν
1041 1579 1130 1662 εἰσιν,
1154 1583 1174 1670 ἦ
1197 1579 1234 1648 δέ
1256 1581 1354 1669 φάσις
1373 1577 1424 1644 άεὶ

305 1684 449 1768 διανέμει
473 1685 629 1774 καθάπερ
645 1686 824 1775 άνθρωπος
847 1688 1005 1776 φρόνιμος
1028 1685 1165 1754 ἕκαστον
1188 1685 1236 1773 τῷ
1259 1685 1423 1772 δυναμένῳ

304 1797 457 1879 χρῆσθαι.
517 1793 675 1882 προσήκει
709 1796 770 1882 γὰρ
805 1793 853 1880 τῷ
887 1789 955 1859 άντι
990 1792 1116 1882 αὐλητῇ
1150 1794 1263 1858 δοῦναι
1299 1792 1425 1875 μᾶλλον

307 1896 422 1974 αὐλοὺς
446 1897 466 1986 ἢ
488 1896 535 1984 τῷ
559 1897 675 1976 αὐλοὺς
698 1895 802 1981 έχοντι
826 1903 1026 1987 προσθεῖναι
1056 1899 1247 1988 αὐλητικήν·
1292 1897 1340 1984 τῷ
1363 1899 1424 1984 γάρ

305 2001 428 2086 μείζονι
463 2003 521 2090 καί
556 2003 740 2092 κυριιυτέρηι
771 2005 961 2094 προσέθηκε
990 2005 1180 2086 τοῦλαττον,
1215 1993 1292 2070 ἀλλ’
1318 2003 1426 2090 αὐτῷ

307 2108 454 2176 ἐλάττονι
477 2112 514 2176 τὸ
537 2111 729 2198 τιμιώτερον
751 2110 809 2176 καί
831 2111 948 2194 μεῖζον.
972 2148 1016 2158 -
1039 2111 1087 2198 τῷ
1110 2109 1164 2178 οὖν
1187 2109 1345 2188 πλείστας
1367 2111 1426 2175 δυ-

307 2215 432 2303 ναμένῳ
456 2214 621 2294 δέξασθαι
644 2215 757 2298 τέχνας
779 2219 818 2283 τὸ
841 2215 900 2283 ἐπὶ
923 2218 1078 2283 πλεῖστον
1099 2231 1164 2283 τῶν
1186 2215 1327 2306 ὀργάνων
1347 2217 1426 2303 χρή-

308 2344 403 2404 σιμον
432 2324 489 2409 τὴν
517 2326 611 2410 χεῖρα
635 2321 842 2388 ἀποδέδωκεν
871 2325 890 2411 ἡ
914 2323 1019 2411 φάσις.
1066 2313 1141 2388 ἀλλ’
1161 2319 1191 2389 οἳ
1215 2321 1360 2408 λέγοντες
1382 2323 1427 2400 ὡς

309 2425 497 2515 συνέστηκεν
527 2426 563 2494 οὐ
592 2428 701 2506 καλῶς
724 2429 741 2494 ὁ
765 2428 945 2516 άνθρωπος
974 2429 1058 2494 ἀλλὰ
1078 2427 1225 2516 χείριστα
1249 2441 1314 2494 τῶν
1336 2423 1427 2514 ζῴων

214 2555 217 2560 “
310 2533 527 2622 (άνυπόδητάν
561 2559 596 2600 τε
625 2536 685 2622 γὰρ
716 2533 813 2601 αὐτὸν
842 2527 925 2601 εἶναί
956 2557 1039 2623 φασι
1067 2534 1126 2600 καὶ
1148 2523 1265 2620 γυμνὸν
1287 2533 1346 2600 καὶ
1369 2533 1428 2600 οὐκ

308 2637 421 2723 έχοντα
445 2641 549 2707 ὅπλον
572 2642 657 2725 πρὸς
680 2643 737 2730 τὴν
759 2641 870 2729 ἀλκήν)
902 2640 960 2708 οὐκ
985 2640 1096 2728 ὀρθῶς
1119 2639 1256 2726 λέγουσι.
1303 2643 1345 2706 τά
1367 2638 1429 2723 μέν

309 2749 369 2834 γάρ
393 2746 478 2812 ἄλλα
500 2745 579 2829 μίαν
601 2743 664 2828 ἔχει
686 2748 847 2834 βοήθειαν
876 2745 933 2814 καὶ
955 2748 1223 2831 μεταβάλλεσθαι
1252 2745 1324 2812 άντὶ
1347 2746 1428 2811 ταά-

308 2877 366 2940 της
396 2849 508 2938 ἑτέραν
538 2852 595 2918 οὐκ
625 2848 728 2932 ἔστιν,
758 2842 836 2916 ἀλλ’
854 2852 1030 2938 α’ναγκαῖον
1060 2857 1170 2941 ὥσπερ
1194 2851 1430 2936 ὑποδεδεμένον

310 2956 360 3022 άεὶ
382 2957 554 3022 καθεύδειν
576 2955 634 3022 καὶ
658 2957 766 3022 πάντα
790 2957 964 3045 πράττειν,
999 2956 1056 3024 καὶ
1085 2961 1142 3046 τὴν
1170 2957 1248 3044 περὶ
1270 2961 1308 3024 τὸ
1332 2972 1428 3042 σῶμα

310 3063 455 3148 άλεάραν
483 3061 649 3150 μηδέποτε
680 3062 897 3128 καταθέσθαι
925 3062 1008 3152 μηδέ
1036 3063 1310 3147 μεταβάλλεσθαι
1342 3061 1360 3129 ὃ
1388 3064 1431 3152 δη

309 3168 472 3252 ἐτύγχανεν
506 3169 609 3235 ὅπλον
643 3165 731 3250 ἔχων.
777 3168 825 3255 τῷ
857 3168 893 3234 δέ
922 3169 1092 3256 άνθρώπφ
1122 3169 1181 3246 τάς
1210 3194 1245 3235 τε
1269 3167 1431 3258 βοηθείας

309 3275 435 3351 πολλὰς
470 3270 551 3355 ἔχειν
584 3273 642 3340 καί
674 3275 795 3352 ταύτας
829 3273 880 3340 άεί
914 3271 1019 3354 έξεστι
1052 3274 1285 3359 μεταβάλλειν,
1322 3272 1372 3340 έτι
1394 3264 1427 3339 δ’

310 3381 413 3446 ὅπλον
436 3371 503 3446 οἷον
527 3380 565 3444 άν
587 3380 745 3468 βούληται
768 3379 827 3446 καί
851 3381 935 3446 ὅπου
959 3381 998 3446 ἂν
1020 3381 1177 3468 βούληται
1200 3377 1293 3462 ἔχειν.
1332 3381 1430 3468 ἡγὰρ

307 3485 375 3573 χείρ
404 3485 462 3551 καί
494 3474 569 3564 ὄνυξ
599 3484 656 3551 καί
684 3487 765 3574 χηλὴ
792 3485 849 3550 καὶ
876 3484 973 3572 κέρας
1004 3483 1147 3570 γίγνεται
1176 3485 1234 3551 καί
1264 3487 1342 3574 δόρυ
1372 3485 1432 3552 καὶ

311 3590 407 3680 ξίφος
435 3591 493 3656 καὶ
524 3591 603 3658 άλλο
634 3592 805 3658 ὁποιονοῦν
827 3591 930 3657 ὅπλον
959 3590 1015 3657 καὶ
1038 3589 1188 3680 Ξίργανον·
1234 3591 1431 3679 πάνταγὰρ

312 3695 405 3764 ἷίσται
429 3707 532 3762 ταῦτα
556 3697 671 3764 διὰτὸ
695 3697 806 3762 πάντα
831 3699 995 3763 δύνασθαι
1019 3697 1194 3782 λαμβάνειν
1217 3695 1276 3762 καί
1299 3694 1406 3778 ἔχεινῆ

384 3891 412 3932 a.
431 3875 471 3928 De
490 3874 539 3928 An.
559 3874 642 3928 1119.
663 3873 735 3927 432b
754 3875 788 3928 23
808 3877 842 3928 τὰ
861 3877 893 3929 δὲ
912 3886 1027 3929 τοιαῦτα
1052 3887 1106 3928 τῶν
1125 3873 1198 3945 ζῴων
1224 3879 1312 3929 τέλεια
1331 3879 1378 3928 καὶ
1398 3878 1434 3927 οὐ

314 3967 468 4038 πηρώματά
486 3966 574 4018 ἔστιν·
614 3969 730 4034 σημεῖον
754 3963 773 4016 δ
779 3960 786 3977 ’
805 3963 847 4016 ὅτι
871 3966 930 4018 ἔστι
954 3967 1097 4033 γεννητικὰ
1120 3969 1166 4018 καὶ
1191 3966 1282 4036 ἀκμὴν
1305 3965 1361 4033 ἔχει
1385 3968 1435 4016 καὶ

314 4060 423 4124 φθίσιν.
438 4082 471 4090 -
488 4051 581 4106 Cetera
597 4051 720 4103 animalia
730 4051 870 4104 Aristoteli
881 4069 911 4104 ox
921 4069 1010 4105 eorum
1025 4069 1149 4120 generum
1160 4051 1353 4122 comparatione
1366 4051 1436 4104 iudi·

313 4142 397 4196 canda
416 4141 554 4205 videntur,
582 4155 648 4208 quae
667 4139 781 4192 habeant
806 4141 972 4208 sanguinem,
998 4141 1029 4193 cf.
1048 4141 1178 4194 DoPart.
1199 4140 1248 4194 An.
1267 4140 1356 4194 1110.
1393 4139 1435 4192 De
1468 4148 1492 4200 ᾗ

314 4227 378 4282 Gen.
398 4226 536 4281 An.114.
557 4226 627 4282 738¹>
647 4228 681 4282 16
709 4230 779 4302 ιἰηχὴ
806 4230 860 4302 γάρ
889 4239 933 4296 τῆς
963 4231 1071 4299 φάσεως
1089 4231 1104 4294 ἡ
1122 4229 1225 4302 καρδία
1250 4232 1296 4280 καὶ
1315 4230 1346 4280 τὸ
1365 4229 1435 4280 ἀνά-

314 4319 404 4384 λογον.
425 4345 458 4353 -
478 4315 551 4368 740⁸
569 4316 601 4368 21
623 4318 711 4386 τροφὴ
730 4317 762 4370 δὲ
781 4313 849 4384 ζῴου
868 4319 883 4384 ἡ
903 4319 1004 4386 ἐσχάτη
1024 4311 1095 4388 αἷμα
1113 4321 1159 4370 καὶ
1179 4319 1211 4370 τὸ
1230 4318 1376 4384 ἀνάλογον.

385 4455 415 4510 b.
436 4456 486 4509 Cor
503 4474 556 4510 non
574 4457 658 4510 solum
677 4460 693 4523 ἡ
712 4459 781 4528 ἀρχὴ
800 4467 850 4510 τοῦ
867 4464 1018 4531 θρεπτικοῦ
1035 4459 1089 4522 est,
1109 4455 1179 4525 quod
1197 4456 1278 4510 etiam
1296 4455 1438 4510 arboribus
