<?xml version="1.0" encoding="UTF-8"?>
<!DOCTYPE html PUBLIC "-//W3C//DTD XHTML 1.0 Transitional//EN"
    "http://www.w3.org/TR/xhtml1/DTD/xhtml1-transitional.dtd">
<html xmlns="http://www.w3.org/1999/xhtml" xml:lang="en" lang="en">
 <head>
  <title>
</title>
<meta http-equiv="Content-Type" content="text/html;charset=utf-8" />
  <meta name='ocr-system' content='tesseract 3.04.00' />
  <meta name='ocr-capabilities' content='ocr_page ocr_carea ocr_par ocr_line ocrx_word'/>
</head>
<body>
  <div class='ocr_page' id='page_1' title='image "./historiaphiloso00rittgoog_0208.png"; bbox 0 0 3130 4980; ppageno 0'>
   <div class='ocr_carea' id='block_1_1' title="bbox 309 286 931 349">
    <p class='ocr_par' dir='ltr' id='par_1_1' title="bbox 309 286 931 349">
     <span class='ocr_line' id='line_1_1' title="bbox 309 286 931 349; baseline -0.013 0"><span class='ocrx_word' id='word_1_1' title='bbox 309 286 363 349; x_wconf 63' lang='lat'><em>‘200</em></span> <span class='ocrx_word' id='word_1_2' title='bbox 802 288 931 342; x_wconf 68' lang='lat' dir='ltr'><strong>Socrates.</strong></span> 
     </span>
    </p>
   </div>
   <div class='ocr_carea' id='block_1_2' title="bbox 136 435 1500 750">
    <p class='ocr_par' dir='ltr' id='par_1_2' title="bbox 136 435 1500 750">
     <span class='ocr_line' id='line_1_2' title="bbox 136 435 1500 535; baseline -0.005 -18"><span class='ocrx_word' id='word_1_3' title='bbox 136 465 273 535; x_wconf 72' lang='grc' dir='ltr'><em>ἐπιστήμη</em></span> <span class='ocrx_word' id='word_1_4' title='bbox 377 453 467 534; x_wconf 81' lang='lat' dir='ltr'><strong>Diog.</strong></span> <span class='ocrx_word' id='word_1_5' title='bbox 496 451 529 516; x_wconf 89' lang='grc' dir='ltr'><strong>Π</strong></span> <span class='ocrx_word' id='word_1_6' title='bbox 559 459 610 516; x_wconf 87' lang='grc'><em>31.</em></span> <span class='ocrx_word' id='word_1_7' title='bbox 650 435 757 534; x_wconf 70' lang='grc' dir='ltr'><em>’Ἔλεγε</em></span> <span class='ocrx_word' id='word_1_8' title='bbox 787 447 824 516; x_wconf 81' lang='grc' dir='ltr'><em>δὲ</em></span> <span class='ocrx_word' id='word_1_9' title='bbox 845 447 903 516; x_wconf 82' lang='grc' dir='ltr'><em>καὶ</em></span> <span class='ocrx_word' id='word_1_10' title='bbox 925 445 959 517; x_wconf 71' lang='grc' dir='ltr'><em>ἓν</em></span> <span class='ocrx_word' id='word_1_11' title='bbox 980 448 1077 532; x_wconf 90' lang='grc' dir='ltr'><em>μόνον</em></span> <span class='ocrx_word' id='word_1_12' title='bbox 1100 449 1228 534; x_wconf 86' lang='grc' dir='ltr'><em>ἀγαθὸν</em></span> <span class='ocrx_word' id='word_1_13' title='bbox 1250 439 1348 528; x_wconf 80' lang='grc' dir='ltr'><em>εἶναι,</em></span> <span class='ocrx_word' id='word_1_14' title='bbox 1373 448 1500 535; x_wconf 69' lang='lat' dir='ltr'><em>m&gt;v1963</em></span> 
     </span>
     <span class='ocr_line' id='line_1_3' title="bbox 310 551 1150 646; baseline -0.006 -21"><span class='ocrx_word' id='word_1_15' title='bbox 310 557 501 646; x_wconf 80' lang='grc' dir='ltr'><em>ἐπιστήμην,</em></span> <span class='ocrx_word' id='word_1_16' title='bbox 525 555 581 622; x_wconf 86' lang='grc' dir='ltr'><em>καί</em></span> <span class='ocrx_word' id='word_1_17' title='bbox 604 551 638 622; x_wconf 63' lang='grc' dir='ltr'><em>(έν</em></span> <span class='ocrx_word' id='word_1_18' title='bbox 660 555 757 639; x_wconf 87' lang='grc' dir='ltr'><em>μόνον</em></span> <span class='ocrx_word' id='word_1_19' title='bbox 779 555 886 636; x_wconf 88' lang='grc' dir='ltr'><em>κακόν,</em></span> <span class='ocrx_word' id='word_1_20' title='bbox 910 558 967 644; x_wconf 78' lang='grc' dir='ltr'><em>τὴν</em></span> <span class='ocrx_word' id='word_1_21' title='bbox 990 553 1150 640; x_wconf 87' lang='grc' dir='ltr'><em>ἀμαθίαν.</em></span> 
     </span>
     <span class='ocr_line' id='line_1_4' title="bbox 381 680 790 750; baseline -0.01 -12"><span class='ocrx_word' id='word_1_22' title='bbox 381 697 410 738; x_wconf 80' lang='lat' dir='ltr'><em>a.</em></span> <span class='ocrx_word' id='word_1_23' title='bbox 430 682 468 737; x_wconf 81' lang='lat' dir='ltr'><em>cf.</em></span> <span class='ocrx_word' id='word_1_24' title='bbox 486 681 552 735; x_wconf 73' lang='lat' dir='ltr'>Xon.</span> <span class='ocrx_word' id='word_1_25' title='bbox 572 681 649 734; x_wconf 78' lang='lat' dir='ltr'>Mem.</span> <span class='ocrx_word' id='word_1_26' title='bbox 668 681 727 750; x_wconf 72' lang='grc' dir='ltr'><em>ιο,</em></span> <span class='ocrx_word' id='word_1_27' title='bbox 745 680 790 734; x_wconf 78' lang='grc' dir='ltr'><em>σε.</em></span> 
     </span>
    </p>
   </div>
   <div class='ocr_carea' id='block_1_3' title="bbox 127 829 1501 1038">
    <p class='ocr_par' dir='ltr' id='par_1_3' title="bbox 127 829 1501 1038">
     <span class='ocr_line' id='line_1_5' title="bbox 127 829 1501 928; baseline -0.009 -12"><span class='ocrx_word' id='word_1_28' title='bbox 127 859 184 901; x_wconf 65' lang='lat' dir='ltr'>³11¹ss</span> <span class='ocrx_word' id='word_1_29' title='bbox 199 860 278 900; x_wconf 69' lang='lat' dir='ltr'><strong>temere</strong></span> <span class='ocrx_word' id='word_1_30' title='bbox 376 844 472 907; x_wconf 74' lang='lat' dir='ltr'><strong>Arist.</strong></span> <span class='ocrx_word' id='word_1_31' title='bbox 495 843 602 925; x_wconf 83' lang='lat' dir='ltr'>Magn.</span> <span class='ocrx_word' id='word_1_32' title='bbox 633 842 712 906; x_wconf 87' lang='lat' dir='ltr'><strong>Mor.</strong></span> <span class='ocrx_word' id='word_1_33' title='bbox 740 841 757 906; x_wconf 87' lang='lat' dir='ltr'>I</span> <span class='ocrx_word' id='word_1_34' title='bbox 786 850 814 906; x_wconf 92' lang='lat'><em>1.</em></span> <span class='ocrx_word' id='word_1_35' title='bbox 840 840 946 908; x_wconf 84' lang='lat' dir='ltr'><em>1183b</em></span> <span class='ocrx_word' id='word_1_36' title='bbox 971 850 999 908; x_wconf 82' lang='lat'><em>9.</em></span> <span class='ocrx_word' id='word_1_37' title='bbox 1054 829 1190 918; x_wconf 80' lang='grc' dir='ltr'><em>Ἐκεῖνος</em></span> <span class='ocrx_word' id='word_1_38' title='bbox 1212 841 1272 928; x_wconf 82' lang='grc' dir='ltr'><em>γὰρ</em></span> <span class='ocrx_word' id='word_1_39' title='bbox 1302 837 1334 927; x_wconf 84' lang='grc' dir='ltr'><em>(ὁ</em></span> <span class='ocrx_word' id='word_1_40' title='bbox 1357 845 1501 904; x_wconf 81' lang='grc' dir='ltr'><em>Σω-ιοιι</em></span> 
     </span>
     <span class='ocr_line' id='line_1_6' title="bbox 310 935 996 1038; baseline -0.019 -22"><span class='ocrx_word' id='word_1_41' title='bbox 310 948 445 1038; x_wconf 84' lang='grc' dir='ltr'><em>κρώτης)</em></span> <span class='ocrx_word' id='word_1_42' title='bbox 468 947 559 1014; x_wconf 79' lang='grc' dir='ltr'><em>οὐδὲν</em></span> <span class='ocrx_word' id='word_1_43' title='bbox 581 935 663 1035; x_wconf 80' lang='grc' dir='ltr'><em>ηἴετο</em></span> <span class='ocrx_word' id='word_1_44' title='bbox 687 948 754 1013; x_wconf 99' lang='grc' dir='ltr'><em>δεῖν</em></span> <span class='ocrx_word' id='word_1_45' title='bbox 775 945 881 1035; x_wconf 86' lang='grc' dir='ltr'><em>μώτην</em></span> <span class='ocrx_word' id='word_1_46' title='bbox 904 938 996 1012; x_wconf 79' lang='grc' dir='ltr'><em>εἶναι,</em></span> 
     </span>
    </p>
   </div>
   <div class='ocr_carea' id='block_1_4' title="bbox 104 1121 1537 4486">
    <p class='ocr_par' dir='ltr' id='par_1_4' title="bbox 104 1121 1537 4486">
     <span class='ocr_line' id='line_1_7' title="bbox 109 1121 1429 1217; baseline -0.008 -16"><span class='ocrx_word' id='word_1_47' title='bbox 109 1147 274 1217; x_wconf 72' lang='grc' dir='ltr'>σωφροσύνη</span> <span class='ocrx_word' id='word_1_48' title='bbox 377 1129 456 1193; x_wconf 82' lang='grc' dir='ltr'><em>Χου.</em></span> <span class='ocrx_word' id='word_1_49' title='bbox 479 1129 575 1192; x_wconf 85' lang='lat' dir='ltr'><strong>Mem.</strong></span> <span class='ocrx_word' id='word_1_50' title='bbox 598 1127 645 1190; x_wconf 79' lang='lat' dir='ltr'><em>IV</em></span> <span class='ocrx_word' id='word_1_51' title='bbox 672 1136 700 1204; x_wconf 89' lang='lat'><em>3,</em></span> <span class='ocrx_word' id='word_1_52' title='bbox 727 1135 754 1192; x_wconf 95' lang='lat'><em>1.</em></span> <span class='ocrx_word' id='word_1_53' title='bbox 801 1126 846 1190; x_wconf 90' lang='grc' dir='ltr'><em>Τὸ</em></span> <span class='ocrx_word' id='word_1_54' title='bbox 868 1123 927 1209; x_wconf 84' lang='grc' dir='ltr'><em>μέν</em></span> <span class='ocrx_word' id='word_1_55' title='bbox 950 1121 1004 1191; x_wconf 75' lang='grc' dir='ltr'><em>οὖν</em></span> <span class='ocrx_word' id='word_1_56' title='bbox 1027 1125 1190 1202; x_wconf 74' lang='grc' dir='ltr'><strong><em>λεκτικοὺς</em></strong></span> <span class='ocrx_word' id='word_1_57' title='bbox 1213 1123 1270 1190; x_wconf 86' lang='grc' dir='ltr'><em>καί</em></span> <span class='ocrx_word' id='word_1_58' title='bbox 1286 1149 1429 1212; x_wconf 90' lang='grc' dir='ltr'><em>πρακτι-</em></span> 
     </span>
     <span class='ocr_line' id='line_1_8' title="bbox 312 1227 1429 1322; baseline -0.004 -22"><span class='ocrx_word' id='word_1_59' title='bbox 312 1234 386 1312; x_wconf 82' lang='grc' dir='ltr'><em>κοὺς</em></span> <span class='ocrx_word' id='word_1_60' title='bbox 410 1231 467 1299; x_wconf 83' lang='grc' dir='ltr'><em>καί</em></span> <span class='ocrx_word' id='word_1_61' title='bbox 490 1234 685 1322; x_wconf 79' lang='grc' dir='ltr'><em>μηχανικοὺς</em></span> <span class='ocrx_word' id='word_1_62' title='bbox 708 1228 877 1318; x_wconf 88' lang='grc' dir='ltr'><em>γίγνεσθαι</em></span> <span class='ocrx_word' id='word_1_63' title='bbox 901 1233 975 1310; x_wconf 80' lang='grc' dir='ltr'><em>τούς</em></span> <span class='ocrx_word' id='word_1_64' title='bbox 998 1231 1150 1309; x_wconf 82' lang='grc' dir='ltr'><em>συνόντας</em></span> <span class='ocrx_word' id='word_1_65' title='bbox 1173 1229 1231 1296; x_wconf 87' lang='grc' dir='ltr'><em>ούκ</em></span> <span class='ocrx_word' id='word_1_66' title='bbox 1247 1227 1429 1312; x_wconf 56' lang='grc' dir='ltr'><em>ἔσπευδεν,</em></span> 
     </span>
     <span class='ocr_line' id='line_1_9' title="bbox 312 1327 1429 1428; baseline -0.004 -22"><span class='ocrx_word' id='word_1_67' title='bbox 312 1341 395 1406; x_wconf 79' lang='grc' dir='ltr'><em>ἀλλὰ</em></span> <span class='ocrx_word' id='word_1_68' title='bbox 418 1339 576 1428; x_wconf 87' lang='grc' dir='ltr'><em>πρότερον</em></span> <span class='ocrx_word' id='word_1_69' title='bbox 598 1339 719 1404; x_wconf 89' lang='grc' dir='ltr'><em>τούτων</em></span> <span class='ocrx_word' id='word_1_70' title='bbox 747 1327 827 1424; x_wconf 73' lang='grc' dir='ltr'><em>ᾤετο</em></span> <span class='ocrx_word' id='word_1_71' title='bbox 854 1349 968 1426; x_wconf 76' lang='grc' dir='ltr'><em>χρῆναι</em></span> <span class='ocrx_word' id='word_1_72' title='bbox 998 1339 1206 1426; x_wconf 77' lang='grc' dir='ltr'><em>σωφροσύνην</em></span> <span class='ocrx_word' id='word_1_73' title='bbox 1235 1337 1348 1416; x_wconf 81' lang='grc' dir='ltr'><em>αὐτοῖς</em></span> <span class='ocrx_word' id='word_1_74' title='bbox 1378 1337 1429 1424; x_wconf 85' lang='grc' dir='ltr'><em>έγ-</em></span> 
     </span>
     <span class='ocr_line' id='line_1_10' title="bbox 312 1443 1431 1534; baseline -0.003 -21"><span class='ocrx_word' id='word_1_75' title='bbox 312 1445 481 1533; x_wconf 86' lang='grc' dir='ltr'><em>γενέσθαι·</em></span> <span class='ocrx_word' id='word_1_76' title='bbox 510 1447 585 1524; x_wconf 80' lang='grc' dir='ltr'><em>τοὺς</em></span> <span class='ocrx_word' id='word_1_77' title='bbox 613 1447 674 1533; x_wconf 88' lang='grc' dir='ltr'><em>γὰρ</em></span> <span class='ocrx_word' id='word_1_78' title='bbox 708 1443 780 1510; x_wconf 84' lang='grc' dir='ltr'><em>ἀνευ</em></span> <span class='ocrx_word' id='word_1_79' title='bbox 810 1455 867 1511; x_wconf 81' lang='grc' dir='ltr'><em>τοῦ</em></span> <span class='ocrx_word' id='word_1_80' title='bbox 895 1448 1071 1534; x_wconf 80' lang='grc' dir='ltr'><em>σωφρονεῖν</em></span> <span class='ocrx_word' id='word_1_81' title='bbox 1100 1456 1202 1510; x_wconf 73' lang='grc' dir='ltr'><em>ταῖτα</em></span> <span class='ocrx_word' id='word_1_82' title='bbox 1238 1443 1431 1528; x_wconf 82' lang='grc' dir='ltr'><em>δυναμένους</em></span> 
     </span>
     <span class='ocr_line' id='line_1_11' title="bbox 313 1545 1430 1640; baseline -0.004 -20"><span class='ocrx_word' id='word_1_83' title='bbox 313 1551 527 1640; x_wconf 76' lang='grc' dir='ltr'><em>ἀδικωτέρους</em></span> <span class='ocrx_word' id='word_1_84' title='bbox 550 1577 584 1618; x_wconf 93' lang='grc' dir='ltr'><em>τε</em></span> <span class='ocrx_word' id='word_1_85' title='bbox 607 1551 666 1618; x_wconf 86' lang='grc' dir='ltr'><em>καὶ</em></span> <span class='ocrx_word' id='word_1_86' title='bbox 689 1549 926 1640; x_wconf 78' lang='grc' dir='ltr'><em>δυνατωτέρους</em></span> <span class='ocrx_word' id='word_1_87' title='bbox 956 1555 1145 1639; x_wconf 78' lang='grc' dir='ltr'><em>κακουργεῖν</em></span> <span class='ocrx_word' id='word_1_88' title='bbox 1169 1551 1310 1635; x_wconf 80' lang='grc' dir='ltr'><em>ἐνόμιζεν</em></span> <span class='ocrx_word' id='word_1_89' title='bbox 1338 1545 1430 1617; x_wconf 83' lang='grc' dir='ltr'><em>εἴναι.</em></span> 
     </span>
     <span class='ocr_line' id='line_1_12' title="bbox 314 1657 1433 1748; baseline -0.003 -22"><span class='ocrx_word' id='word_1_90' title='bbox 314 1673 342 1726; x_wconf 81' lang='lat'><em>2.</em></span> <span class='ocrx_word' id='word_1_91' title='bbox 366 1673 497 1748; x_wconf 84' lang='grc' dir='ltr'><em>πρῶτον</em></span> <span class='ocrx_word' id='word_1_92' title='bbox 518 1658 578 1742; x_wconf 83' lang='grc' dir='ltr'><em>μέν</em></span> <span class='ocrx_word' id='word_1_93' title='bbox 600 1660 639 1747; x_wconf 82' lang='grc' dir='ltr'><em>δὴ</em></span> <span class='ocrx_word' id='word_1_94' title='bbox 663 1657 739 1746; x_wconf 87' lang='grc' dir='ltr'><em>περὶ</em></span> <span class='ocrx_word' id='word_1_95' title='bbox 760 1659 857 1736; x_wconf 79' lang='grc' dir='ltr'><em>θεοὺς</em></span> <span class='ocrx_word' id='word_1_96' title='bbox 873 1657 1029 1746; x_wconf 78' lang='grc' dir='ltr'><em>ἐπειρᾶτο</em></span> <span class='ocrx_word' id='word_1_97' title='bbox 1045 1659 1218 1748; x_wconf 78' lang='grc' dir='ltr'><em>σώφρονας</em></span> <span class='ocrx_word' id='word_1_98' title='bbox 1234 1662 1343 1724; x_wconf 89' lang='grc' dir='ltr'><em>ποιεῖν</em></span> <span class='ocrx_word' id='word_1_99' title='bbox 1358 1659 1433 1736; x_wconf 82' lang='grc' dir='ltr'><em>τοὺς</em></span> 
     </span>
     <span class='ocr_line' id='line_1_13' title="bbox 314 1766 474 1844; baseline -0.013 -12"><span class='ocrx_word' id='word_1_100' title='bbox 314 1766 474 1844; x_wconf 86' lang='grc' dir='ltr'><em>συνόντας.</em></span> 
     </span>
     <span class='ocr_line' id='line_1_14' title="bbox 149 1939 1501 2053; baseline -0.006 -41"><span class='ocrx_word' id='word_1_101' title='bbox 149 1959 274 2053; x_wconf 50' lang='grc' dir='ltr'><em>ηγηηηὲηξίη</em></span> <span class='ocrx_word' id='word_1_102' title='bbox 379 1948 425 2011; x_wconf 91' lang='lat' dir='ltr'><em>Ib.</em></span> <span class='ocrx_word' id='word_1_103' title='bbox 449 1946 465 2010; x_wconf 95' lang='lat' dir='ltr'>I</span> <span class='ocrx_word' id='word_1_104' title='bbox 489 1954 518 2023; x_wconf 87' lang='grc'><em>4,</em></span> <span class='ocrx_word' id='word_1_105' title='bbox 542 1954 571 2010; x_wconf 89' lang='grc'><em>4.</em></span> <span class='ocrx_word' id='word_1_106' title='bbox 602 1943 734 2031; x_wconf 87' lang='grc' dir='ltr'><em>Πότερύ</em></span> <span class='ocrx_word' id='word_1_107' title='bbox 756 1966 809 2010; x_wconf 92' lang='grc' dir='ltr'><em>σοι</em></span> <span class='ocrx_word' id='word_1_108' title='bbox 833 1945 981 2012; x_wconf 81' lang='grc' dir='ltr'><em>δοκοῦσιν</em></span> <span class='ocrx_word' id='word_1_109' title='bbox 995 1940 1026 2010; x_wconf 87' lang='grc' dir='ltr'><em>οῖ</em></span> <span class='ocrx_word' id='word_1_110' title='bbox 1043 1943 1296 2032; x_wconf 78' lang='grc' dir='ltr'><em>ἀπεργαζόμενοι</em></span> <span class='ocrx_word' id='word_1_111' title='bbox 1312 1939 1433 2009; x_wconf 82' lang='grc' dir='ltr'><em>εἴδωλα</em></span> <span class='ocrx_word' id='word_1_112' title='bbox 1442 1963 1501 2007; x_wconf 80' lang='grc' dir='ltr'><em>ιντο</em></span> 
     </span>
     <span class='ocr_line' id='line_1_15' title="bbox 138 2025 1434 2142; baseline -0.002 -23"><span class='ocrx_word' id='word_1_113' title='bbox 138 2025 256 2107; x_wconf 51' lang='lat' dir='ltr'><em>1&#39;deorum</em></span> <span class='ocrx_word' id='word_1_114' title='bbox 314 2051 441 2142; x_wconf 82' lang='grc' dir='ltr'><em>ἀφρονά</em></span> <span class='ocrx_word' id='word_1_115' title='bbox 464 2075 498 2117; x_wconf 88' lang='grc' dir='ltr'><em>τε</em></span> <span class='ocrx_word' id='word_1_116' title='bbox 526 2049 583 2116; x_wconf 82' lang='grc' dir='ltr'><em>καὶ</em></span> <span class='ocrx_word' id='word_1_117' title='bbox 607 2045 742 2139; x_wconf 88' lang='grc' dir='ltr'><em>ἀκίνητα</em></span> <span class='ocrx_word' id='word_1_118' title='bbox 774 2049 1112 2138; x_wconf 69' lang='grc' dir='ltr'><em>ἀξιοθαυμαστότεροι</em></span> <span class='ocrx_word' id='word_1_119' title='bbox 1139 2042 1222 2116; x_wconf 83' lang='grc' dir='ltr'><em>εἶναι</em></span> <span class='ocrx_word' id='word_1_120' title='bbox 1253 2051 1272 2139; x_wconf 77' lang='grc' dir='ltr'>ἢ</span> <span class='ocrx_word' id='word_1_121' title='bbox 1302 2047 1333 2116; x_wconf 90' lang='grc' dir='ltr'><em>οῖ</em></span> <span class='ocrx_word' id='word_1_122' title='bbox 1364 2049 1434 2136; x_wconf 75' lang='grc' dir='ltr'><em>ζῷα</em></span> 
     </span>
     <span class='ocr_line' id='line_1_16' title="bbox 221 2153 1434 2248; baseline -0.002 -23"><span class='ocrx_word' id='word_1_123' title='bbox 221 2239 224 2248; x_wconf 37' lang='lat'><strong><em>¹</em></strong></span> <span class='ocrx_word' id='word_1_124' title='bbox 314 2157 460 2247; x_wconf 68' lang='grc' dir='ltr'><em>ἔμφρονά</em></span> <span class='ocrx_word' id='word_1_125' title='bbox 483 2181 517 2223; x_wconf 88' lang='grc' dir='ltr'><em>τε</em></span> <span class='ocrx_word' id='word_1_126' title='bbox 540 2154 597 2222; x_wconf 85' lang='grc' dir='ltr'><em>καί</em></span> <span class='ocrx_word' id='word_1_127' title='bbox 620 2155 749 2244; x_wconf 76' lang='grc' dir='ltr'><em>ἕνεργοί,·</em></span> <span class='ocrx_word' id='word_1_128' title='bbox 777 2157 869 2222; x_wconf 78' lang='grc' dir='ltr'><em>Πολὺ</em></span> <span class='ocrx_word' id='word_1_129' title='bbox 898 2158 934 2244; x_wconf 72' lang='grc' dir='ltr'><em>νὴ</em></span> <span class='ocrx_word' id='word_1_130' title='bbox 960 2153 1025 2222; x_wconf 89' lang='grc' dir='ltr'><em>Δία</em></span> <span class='ocrx_word' id='word_1_131' title='bbox 1049 2153 1080 2222; x_wconf 86' lang='grc' dir='ltr'><em>οῖ</em></span> <span class='ocrx_word' id='word_1_132' title='bbox 1103 2155 1188 2244; x_wconf 76' lang='grc' dir='ltr'><em>ζῷα,</em></span> <span class='ocrx_word' id='word_1_133' title='bbox 1217 2153 1309 2244; x_wconf 88' lang='grc' dir='ltr'><em>εἴπερ</em></span> <span class='ocrx_word' id='word_1_134' title='bbox 1332 2180 1368 2243; x_wconf 86' lang='grc' dir='ltr'><em>γε</em></span> <span class='ocrx_word' id='word_1_135' title='bbox 1389 2159 1434 2244; x_wconf 77' lang='grc' dir='ltr'><em>μὴ</em></span> 
     </span>
     <span class='ocr_line' id='line_1_17' title="bbox 315 2261 1434 2354; baseline -0.004 -22"><span class='ocrx_word' id='word_1_136' title='bbox 315 2266 391 2354; x_wconf 82' lang='grc' dir='ltr'><em>τύχη</em></span> <span class='ocrx_word' id='word_1_137' title='bbox 415 2262 488 2346; x_wconf 93' lang='grc' dir='ltr'><em>τινί,</em></span> <span class='ocrx_word' id='word_1_138' title='bbox 513 2264 596 2330; x_wconf 80' lang='grc' dir='ltr'><em>ἀλλὰ</em></span> <span class='ocrx_word' id='word_1_139' title='bbox 618 2265 684 2330; x_wconf 83' lang='grc' dir='ltr'><em>ὑπὸ</em></span> <span class='ocrx_word' id='word_1_140' title='bbox 707 2264 834 2352; x_wconf 77' lang='grc' dir='ltr'><em>γνώμης</em></span> <span class='ocrx_word' id='word_1_141' title='bbox 856 2273 960 2328; x_wconf 87' lang='grc' dir='ltr'><em>ταῦτα</em></span> <span class='ocrx_word' id='word_1_142' title='bbox 984 2261 1135 2349; x_wconf 87' lang='grc' dir='ltr'><em>γίγνεται.</em></span> <span class='ocrx_word' id='word_1_143' title='bbox 1186 2270 1258 2328; x_wconf 80' lang='grc' dir='ltr'><em>Τῶν</em></span> <span class='ocrx_word' id='word_1_144' title='bbox 1280 2261 1317 2328; x_wconf 81' lang='grc' dir='ltr'><em>δὲ</em></span> <span class='ocrx_word' id='word_1_145' title='bbox 1339 2262 1434 2328; x_wconf 90' lang='grc' dir='ltr'><em>ἀτεκ-</em></span> 
     </span>
     <span class='ocr_line' id='line_1_18' title="bbox 315 2359 1435 2460; baseline -0.001 -24"><span class='ocrx_word' id='word_1_146' title='bbox 315 2373 447 2460; x_wconf 89' lang='grc' dir='ltr'><em>μάρτως</em></span> <span class='ocrx_word' id='word_1_147' title='bbox 470 2371 602 2453; x_wconf 75' lang='grc' dir='ltr'><em>ἐχόντων</em></span> <span class='ocrx_word' id='word_1_148' title='bbox 617 2371 692 2436; x_wconf 83' lang='grc' dir='ltr'><em>ότου</em></span> <span class='ocrx_word' id='word_1_149' title='bbox 707 2368 800 2436; x_wconf 79' lang='grc' dir='ltr'><em>ἴνεκό</em></span> <span class='ocrx_word' id='word_1_150' title='bbox 815 2369 885 2436; x_wconf 77' lang='grc' dir='ltr'><em>ἐστι</em></span> <span class='ocrx_word' id='word_1_151' title='bbox 901 2368 958 2436; x_wconf 87' lang='grc' dir='ltr'><em>καὶ</em></span> <span class='ocrx_word' id='word_1_152' title='bbox 977 2383 1041 2434; x_wconf 82' lang='grc' dir='ltr'><em>τῶν</em></span> <span class='ocrx_word' id='word_1_153' title='bbox 1055 2383 1202 2457; x_wconf 81' lang='grc' dir='ltr'><em>φανερῶς</em></span> <span class='ocrx_word' id='word_1_154' title='bbox 1217 2359 1275 2436; x_wconf 56' lang='grc' dir='ltr'><em>ε’π)</em></span> <span class='ocrx_word' id='word_1_155' title='bbox 1295 2367 1435 2458; x_wconf 66' lang='grc' dir='ltr'><em>ὠφελείην</em></span> 
     </span>
     <span class='ocr_line' id='line_1_19' title="bbox 315 2473 1436 2566; baseline -0.004 -21"><span class='ocrx_word' id='word_1_156' title='bbox 315 2477 414 2545; x_wconf 80' lang='grc' dir='ltr'><em>όντων</em></span> <span class='ocrx_word' id='word_1_157' title='bbox 437 2477 560 2564; x_wconf 86' lang='grc' dir='ltr'><em>πότερα</em></span> <span class='ocrx_word' id='word_1_158' title='bbox 583 2479 678 2566; x_wconf 83' lang='grc' dir='ltr'><em>τύχης</em></span> <span class='ocrx_word' id='word_1_159' title='bbox 693 2475 751 2543; x_wconf 82' lang='grc' dir='ltr'><em>καί</em></span> <span class='ocrx_word' id='word_1_160' title='bbox 767 2477 890 2563; x_wconf 90' lang='grc' dir='ltr'><em>πότερα</em></span> <span class='ocrx_word' id='word_1_161' title='bbox 906 2476 1034 2565; x_wconf 88' lang='grc' dir='ltr'><em>γνώμης</em></span> <span class='ocrx_word' id='word_1_162' title='bbox 1049 2473 1126 2564; x_wconf 74' lang='grc' dir='ltr'><em>ἔργα</em></span> <span class='ocrx_word' id='word_1_163' title='bbox 1144 2475 1281 2564; x_wconf 89' lang='grc' dir='ltr'><em>κρίνεις,·</em></span> <span class='ocrx_word' id='word_1_164' title='bbox 1303 2474 1436 2564; x_wconf 81' lang='grc' dir='ltr'><em>Πρέπει</em></span> 
     </span>
     <span class='ocr_line' id='line_1_20' title="bbox 315 2573 1436 2672; baseline -0.004 -20"><span class='ocrx_word' id='word_1_165' title='bbox 315 2584 375 2670; x_wconf 86' lang='grc' dir='ltr'><em>μέν</em></span> <span class='ocrx_word' id='word_1_166' title='bbox 397 2586 439 2650; x_wconf 83' lang='grc' dir='ltr'><em>τὰ</em></span> <span class='ocrx_word' id='word_1_167' title='bbox 461 2573 521 2650; x_wconf 75' lang='grc' dir='ltr'><em>ἐπ’</em></span> <span class='ocrx_word' id='word_1_168' title='bbox 540 2581 680 2672; x_wconf 82' lang='grc' dir='ltr'><em>ὠφελείᾳ</em></span> <span class='ocrx_word' id='word_1_169' title='bbox 703 2582 852 2669; x_wconf 85' lang='grc' dir='ltr'><em>γενόμενα</em></span> <span class='ocrx_word' id='word_1_170' title='bbox 875 2583 1002 2670; x_wconf 87' lang='grc' dir='ltr'><em>γνώμης</em></span> <span class='ocrx_word' id='word_1_171' title='bbox 1025 2578 1103 2669; x_wconf 73' lang='grc' dir='ltr'><em>ἔργα</em></span> <span class='ocrx_word' id='word_1_172' title='bbox 1126 2575 1217 2648; x_wconf 80' lang='grc' dir='ltr'><em>εἶναι.</em></span> <span class='ocrx_word' id='word_1_173' title='bbox 1258 2591 1286 2649; x_wconf 83' lang='grc'><em>5.</em></span> <span class='ocrx_word' id='word_1_174' title='bbox 1313 2581 1436 2649; x_wconf 81' lang='grc' dir='ltr'><em>Οἴκοον</em></span> 
     </span>
     <span class='ocr_line' id='line_1_21' title="bbox 316 2687 1435 2778; baseline -0.004 -19"><span class='ocrx_word' id='word_1_175' title='bbox 316 2694 404 2759; x_wconf 88' lang='grc' dir='ltr'><em>δοκεῖ</em></span> <span class='ocrx_word' id='word_1_176' title='bbox 427 2714 480 2758; x_wconf 90' lang='grc' dir='ltr'><em>σοι</em></span> <span class='ocrx_word' id='word_1_177' title='bbox 503 2691 520 2756; x_wconf 88' lang='grc' dir='ltr'><em>ό</em></span> <span class='ocrx_word' id='word_1_178' title='bbox 544 2690 579 2770; x_wconf 82' lang='grc' dir='ltr'><em>ἐξ</em></span> <span class='ocrx_word' id='word_1_179' title='bbox 602 2689 698 2776; x_wconf 72' lang='grc' dir='ltr'><em>ἀρχῆς</em></span> <span class='ocrx_word' id='word_1_180' title='bbox 728 2701 833 2755; x_wconf 81' lang='grc' dir='ltr'><em>ποιῶν</em></span> <span class='ocrx_word' id='word_1_181' title='bbox 864 2689 1061 2777; x_wconf 89' lang='grc' dir='ltr'><em>ἀνθρώπους</em></span> <span class='ocrx_word' id='word_1_182' title='bbox 1091 2687 1148 2755; x_wconf 80' lang='grc' dir='ltr'><em>ἐπ’</em></span> <span class='ocrx_word' id='word_1_183' title='bbox 1166 2687 1306 2778; x_wconf 75' lang='grc' dir='ltr'><em>ὠφελείᾳ</em></span> <span class='ocrx_word' id='word_1_184' title='bbox 1329 2711 1435 2776; x_wconf 86' lang='grc' dir='ltr'><em>προσ-</em></span> 
     </span>
     <span class='ocr_line' id='line_1_22' title="bbox 140 2786 1438 2888; baseline -0.005 -21"><span class='ocrx_word' id='word_1_185' title='bbox 140 2793 279 2888; x_wconf 50' lang='grc' dir='ltr'><em>,ξοξξξζξζξὸ</em></span> <span class='ocrx_word' id='word_1_186' title='bbox 316 2804 427 2866; x_wconf 90' lang='grc' dir='ltr'><em>θεῖναι</em></span> <span class='ocrx_word' id='word_1_187' title='bbox 452 2797 562 2876; x_wconf 81' lang='grc' dir='ltr'><em>αὐτοῖς</em></span> <span class='ocrx_word' id='word_1_188' title='bbox 586 2786 634 2862; x_wconf 56' lang='grc' dir='ltr'><em>δι)</em></span> <span class='ocrx_word' id='word_1_189' title='bbox 661 2793 704 2863; x_wconf 83' lang='grc' dir='ltr'><em>ὧν</em></span> <span class='ocrx_word' id='word_1_190' title='bbox 728 2793 944 2862; x_wconf 69' lang='grc' dir='ltr'><em>αἰσθάνονται</em></span> <span class='ocrx_word' id='word_1_191' title='bbox 967 2793 1108 2877; x_wconf 77' lang='grc' dir='ltr'><em>ἴκαστα,·</em></span> <span class='ocrx_word' id='word_1_192' title='bbox 1138 2835 1179 2842; x_wconf 96' lang='grc'><strong>-</strong></span> <span class='ocrx_word' id='word_1_193' title='bbox 1213 2835 1254 2843; x_wconf 88' lang='grc'>-</span> <span class='ocrx_word' id='word_1_194' title='bbox 1279 2807 1307 2862; x_wconf 86' lang='grc'><em>8.</em></span> <span class='ocrx_word' id='word_1_195' title='bbox 1332 2797 1377 2860; x_wconf 79' lang='grc' dir='ltr'><em>Σὺ</em></span> <span class='ocrx_word' id='word_1_196' title='bbox 1401 2794 1438 2861; x_wconf 77' lang='grc' dir='ltr'><em>δὲ</em></span> 
     </span>
     <span class='ocr_line' id='line_1_23' title="bbox 157 2899 1437 2991; baseline -0.004 -18"><span class='ocrx_word' id='word_1_197' title='bbox 157 2899 260 2941; x_wconf 62' lang='lat' dir='ltr'><em>¹²¹¹¹³⁵¹¹i⁵</em></span> <span class='ocrx_word' id='word_1_198' title='bbox 316 2907 436 2972; x_wconf 87' lang='grc' dir='ltr'><em>σαυτὸν</em></span> <span class='ocrx_word' id='word_1_199' title='bbox 460 2904 565 2982; x_wconf 86' lang='grc' dir='ltr'><em>δοκεῖς</em></span> <span class='ocrx_word' id='word_1_200' title='bbox 587 2929 620 2968; x_wconf 91' lang='grc' dir='ltr'><em>τι</em></span> <span class='ocrx_word' id='word_1_201' title='bbox 645 2902 801 2991; x_wconf 87' lang='grc' dir='ltr'><em>φρόνιμον</em></span> <span class='ocrx_word' id='word_1_202' title='bbox 831 2899 926 2985; x_wconf 72' lang='grc' dir='ltr'><em>ἔχειν,</em></span> <span class='ocrx_word' id='word_1_203' title='bbox 957 2902 1078 2969; x_wconf 75' lang='grc' dir='ltr'><em>ἄλλοθι</em></span> <span class='ocrx_word' id='word_1_204' title='bbox 1109 2901 1152 2991; x_wconf 81' lang='grc' dir='ltr'><em>δὲΙ</em></span> <span class='ocrx_word' id='word_1_205' title='bbox 1174 2901 1317 2986; x_wconf 78' lang='grc' dir='ltr'><em>οὐδαμοῦ</em></span> <span class='ocrx_word' id='word_1_206' title='bbox 1339 2901 1437 2968; x_wconf 80' lang='grc' dir='ltr'><em>οὐδέν</em></span> 
     </span>
     <span class='ocr_line' id='line_1_24' title="bbox 318 3002 1438 3100; baseline -0.004 -21"><span class='ocrx_word' id='word_1_207' title='bbox 318 3009 379 3080; x_wconf 90' lang='grc' dir='ltr'><em>οἴει</em></span> <span class='ocrx_word' id='word_1_208' title='bbox 408 3011 563 3100; x_wconf 90' lang='grc' dir='ltr'><em>φρόνιμον</em></span> <span class='ocrx_word' id='word_1_209' title='bbox 597 3002 697 3089; x_wconf 82' lang='grc' dir='ltr'><em>εἶναι,·</em></span> <span class='ocrx_word' id='word_1_210' title='bbox 729 3049 771 3057; x_wconf 91' lang='lat'><em>-</em></span> <span class='ocrx_word' id='word_1_211' title='bbox 801 3046 845 3058; x_wconf 91' lang='lat'><em>-</em></span> <span class='ocrx_word' id='word_1_212' title='bbox 874 3009 931 3075; x_wconf 82' lang='grc' dir='ltr'><em>καί</em></span> <span class='ocrx_word' id='word_1_213' title='bbox 961 3009 1038 3076; x_wconf 85' lang='grc' dir='ltr'><em>τώδε</em></span> <span class='ocrx_word' id='word_1_214' title='bbox 1068 3011 1110 3074; x_wconf 81' lang='grc' dir='ltr'><em>τὰ</em></span> <span class='ocrx_word' id='word_1_215' title='bbox 1139 3008 1344 3098; x_wconf 82' lang='grc' dir='ltr'><em>ὑπερμεγέθη</em></span> <span class='ocrx_word' id='word_1_216' title='bbox 1380 3008 1438 3075; x_wconf 81' lang='grc' dir='ltr'><em>καί</em></span> 
     </span>
     <span class='ocr_line' id='line_1_25' title="bbox 319 3105 1439 3207; baseline -0.004 -23"><span class='ocrx_word' id='word_1_217' title='bbox 319 3120 450 3207; x_wconf 77' lang='grc' dir='ltr'><em>πλῆθος</em></span> <span class='ocrx_word' id='word_1_218' title='bbox 484 3117 605 3204; x_wconf 86' lang='grc' dir='ltr'><em>ἀπειρα</em></span> <span class='ocrx_word' id='word_1_219' title='bbox 641 3105 687 3182; x_wconf 81' lang='grc' dir='ltr'><em>δι&gt;</em></span> <span class='ocrx_word' id='word_1_220' title='bbox 713 3117 892 3205; x_wconf 76' lang='grc' dir='ltr'><em>ἀφροσύνην</em></span> <span class='ocrx_word' id='word_1_221' title='bbox 927 3119 1000 3182; x_wconf 86' lang='grc' dir='ltr'><em>τινὰ</em></span> <span class='ocrx_word' id='word_1_222' title='bbox 1038 3118 1139 3194; x_wconf 84' lang='grc' dir='ltr'><em>ούτως</em></span> <span class='ocrx_word' id='word_1_223' title='bbox 1179 3114 1241 3182; x_wconf 88' lang='grc' dir='ltr'><em>οἴει</em></span> <span class='ocrx_word' id='word_1_224' title='bbox 1275 3115 1439 3193; x_wconf 80' lang='grc' dir='ltr'><em>εὐτάκτως</em></span> 
     </span>
     <span class='ocr_line' id='line_1_26' title="bbox 104 3212 1537 3317; baseline -0.005 -23"><span class='ocrx_word' id='word_1_225' title='bbox 104 3223 127 3264; x_wconf 63' lang='lat' dir='ltr'><em>i¹²</em></span> <span class='ocrx_word' id='word_1_226' title='bbox 141 3221 436 3317; x_wconf 51' lang='grc' dir='ltr'><em>Γθῐζζξῑῃῗωωέγεινῖς</em></span> <span class='ocrx_word' id='word_1_227' title='bbox 467 3236 495 3292; x_wconf 89' lang='grc'><em>9.</em></span> <span class='ocrx_word' id='word_1_228' title='bbox 520 3226 581 3289; x_wconf 85' lang='grc' dir='ltr'><em>Μὰ</em></span> <span class='ocrx_word' id='word_1_229' title='bbox 605 3212 682 3289; x_wconf 69' lang='lat' dir='ltr'><em>Ai&#39;·</em></span> <span class='ocrx_word' id='word_1_230' title='bbox 718 3221 754 3289; x_wconf 84' lang='grc' dir='ltr'><em>ού</em></span> <span class='ocrx_word' id='word_1_231' title='bbox 784 3225 843 3311; x_wconf 78' lang='grc' dir='ltr'><em>γὰρ</em></span> <span class='ocrx_word' id='word_1_232' title='bbox 874 3224 938 3311; x_wconf 82' lang='grc' dir='ltr'><em>δρῶ</em></span> <span class='ocrx_word' id='word_1_233' title='bbox 961 3225 1036 3301; x_wconf 84' lang='grc' dir='ltr'><em>τοὺς</em></span> <span class='ocrx_word' id='word_1_234' title='bbox 1059 3220 1202 3311; x_wconf 85' lang='grc' dir='ltr'><em>κυρίους,</em></span> <span class='ocrx_word' id='word_1_235' title='bbox 1233 3225 1343 3310; x_wconf 84' lang='grc' dir='ltr'><em>ὥσπερ</em></span> <span class='ocrx_word' id='word_1_236' title='bbox 1373 3235 1439 3288; x_wconf 83' lang='grc' dir='ltr'><em>τῶν</em></span> <span class='ocrx_word' id='word_1_237' title='bbox 1536 3299 1537 3306; x_wconf 15' lang='grc' dir='ltr'><em>η</em></span> 
     </span>
     <span class='ocr_line' id='line_1_27' title="bbox 318 3329 1537 3418; baseline -0.006 -18"><span class='ocrx_word' id='word_1_238' title='bbox 318 3333 437 3400; x_wconf 86' lang='grc' dir='ltr'><em>ένθάδε</em></span> <span class='ocrx_word' id='word_1_239' title='bbox 459 3329 649 3418; x_wconf 87' lang='grc' dir='ltr'><em>γιγνομένιον</em></span> <span class='ocrx_word' id='word_1_240' title='bbox 672 3331 746 3408; x_wconf 85' lang='grc' dir='ltr'><em>τοὺς</em></span> <span class='ocrx_word' id='word_1_241' title='bbox 770 3331 988 3418; x_wconf 88' lang='grc' dir='ltr'><em>δημιουργούς.</em></span> <span class='ocrx_word' id='word_1_242' title='bbox 1040 3329 1122 3396; x_wconf 77' lang='grc' dir='ltr'><em>Οὐδὲ</em></span> <span class='ocrx_word' id='word_1_243' title='bbox 1151 3332 1211 3418; x_wconf 84' lang='grc' dir='ltr'><em>γὰρ</em></span> <span class='ocrx_word' id='word_1_244' title='bbox 1239 3332 1296 3417; x_wconf 78' lang='grc' dir='ltr'><em>τὴν</em></span> <span class='ocrx_word' id='word_1_245' title='bbox 1318 3339 1440 3395; x_wconf 78' lang='grc' dir='ltr'><em>σαυτοῦ</em></span> <span class='ocrx_word' id='word_1_246' title='bbox 1536 3359 1537 3362; x_wconf 45' lang='grc'><strong>“</strong></span> 
     </span>
     <span class='ocr_line' id='line_1_28' title="bbox 319 3434 1440 3528; baseline -0.005 -22"><span class='ocrx_word' id='word_1_247' title='bbox 319 3441 393 3525; x_wconf 91' lang='grc' dir='ltr'><em>σύγε</em></span> <span class='ocrx_word' id='word_1_248' title='bbox 416 3441 520 3528; x_wconf 78' lang='grc' dir='ltr'><em>ψυχὴν</em></span> <span class='ocrx_word' id='word_1_249' title='bbox 542 3436 628 3526; x_wconf 74' lang='grc' dir='ltr'><em>δρᾷς,</em></span> <span class='ocrx_word' id='word_1_250' title='bbox 653 3435 672 3526; x_wconf 76' lang='grc' dir='ltr'>ἢ</span> <span class='ocrx_word' id='word_1_251' title='bbox 695 3448 754 3502; x_wconf 76' lang='grc' dir='ltr'><em>τοῦ</em></span> <span class='ocrx_word' id='word_1_252' title='bbox 777 3438 928 3520; x_wconf 91' lang='grc' dir='ltr'><em>σώματος</em></span> <span class='ocrx_word' id='word_1_253' title='bbox 951 3434 1048 3524; x_wconf 89' lang='grc' dir='ltr'><em>κυριά</em></span> <span class='ocrx_word' id='word_1_254' title='bbox 1071 3434 1175 3502; x_wconf 80' lang='grc' dir='ltr'><em>ἐστίν·</em></span> <span class='ocrx_word' id='word_1_255' title='bbox 1199 3440 1281 3502; x_wconf 82' lang='grc' dir='ltr'><em>ὥστε</em></span> <span class='ocrx_word' id='word_1_256' title='bbox 1304 3435 1390 3501; x_wconf 85' lang='grc' dir='ltr'><em>κατοί</em></span> <span class='ocrx_word' id='word_1_257' title='bbox 1407 3460 1440 3522; x_wconf 86' lang='grc' dir='ltr'><em>γε</em></span> 
     </span>
     <span class='ocr_line' id='line_1_29' title="bbox 319 3515 1439 3632; baseline -0.004 -20"><span class='ocrx_word' id='word_1_258' title='bbox 319 3558 413 3613; x_wconf 85' lang='grc' dir='ltr'><em>τοῦτο</em></span> <span class='ocrx_word' id='word_1_259' title='bbox 437 3543 541 3624; x_wconf 79' lang='grc' dir='ltr'><em>ἒξεστί</em></span> <span class='ocrx_word' id='word_1_260' title='bbox 563 3567 616 3611; x_wconf 90' lang='grc' dir='ltr'><em>σοι</em></span> <span class='ocrx_word' id='word_1_261' title='bbox 639 3542 741 3629; x_wconf 82' lang='grc' dir='ltr'><em>λέγειν</em></span> <span class='ocrx_word' id='word_1_262' title='bbox 764 3544 816 3610; x_wconf 80' lang='grc' dir='ltr'><em>ὅτι</em></span> <span class='ocrx_word' id='word_1_263' title='bbox 839 3542 929 3610; x_wconf 78' lang='grc' dir='ltr'><em>οὐδὲν</em></span> <span class='ocrx_word' id='word_1_264' title='bbox 952 3545 1073 3632; x_wconf 80' lang='grc' dir='ltr'><em>γνώμη,</em></span> <span class='ocrx_word' id='word_1_265' title='bbox 1105 3543 1190 3608; x_wconf 78' lang='grc' dir='ltr'><em>ἀλλὰ</em></span> <span class='ocrx_word' id='word_1_266' title='bbox 1219 3544 1293 3632; x_wconf 82' lang='grc' dir='ltr'><em>τύχη</em></span> <span class='ocrx_word' id='word_1_267' title='bbox 1326 3515 1439 3608; x_wconf 65' lang='grc' dir='ltr'><em>πάνῖα</em></span> 
     </span>
     <span class='ocr_line' id='line_1_30' title="bbox 320 3640 1440 3740; baseline -0.004 -22"><span class='ocrx_word' id='word_1_268' title='bbox 320 3652 484 3740; x_wconf 83' lang='grc' dir='ltr'><em>πράττεις.</em></span> <span class='ocrx_word' id='word_1_269' title='bbox 533 3662 582 3718; x_wconf 89' lang='grc'><em>10.</em></span> <span class='ocrx_word' id='word_1_270' title='bbox 606 3649 664 3716; x_wconf 80' lang='grc' dir='ltr'><em>καί</em></span> <span class='ocrx_word' id='word_1_271' title='bbox 687 3651 704 3715; x_wconf 87' lang='grc' dir='ltr'><em>δ</em></span> <span class='ocrx_word' id='word_1_272' title='bbox 725 3640 957 3738; x_wconf 77' lang='grc' dir='ltr'><em>Ἀριστόδημος</em></span> <span class='ocrx_word' id='word_1_273' title='bbox 984 3649 1089 3732; x_wconf 84' lang='grc' dir='ltr'><em>Οἴτοι,</em></span> <span class='ocrx_word' id='word_1_274' title='bbox 1114 3647 1185 3739; x_wconf 75' lang='grc' dir='ltr'><em>ἔφη,</em></span> <span class='ocrx_word' id='word_1_275' title='bbox 1209 3649 1286 3735; x_wconf 80' lang='grc' dir='ltr'><em>ἐγώ,</em></span> <span class='ocrx_word' id='word_1_276' title='bbox 1310 3647 1337 3714; x_wconf 83' lang='grc' dir='ltr'><strong><em>ὦ</em></strong></span> <span class='ocrx_word' id='word_1_277' title='bbox 1368 3650 1440 3714; x_wconf 81' lang='grc' dir='ltr'><em>Σώ-</em></span> 
     </span>
     <span class='ocr_line' id='line_1_31' title="bbox 320 3746 1440 3847; baseline -0.003 -22"><span class='ocrx_word' id='word_1_278' title='bbox 320 3784 443 3847; x_wconf 89' lang='grc' dir='ltr'><em>κρατες,</em></span> <span class='ocrx_word' id='word_1_279' title='bbox 467 3761 614 3846; x_wconf 80' lang='grc' dir='ltr'><em>ὑπερορῶ</em></span> <span class='ocrx_word' id='word_1_280' title='bbox 638 3759 675 3823; x_wconf 88' lang='grc' dir='ltr'><em>τὸ</em></span> <span class='ocrx_word' id='word_1_281' title='bbox 700 3757 881 3840; x_wconf 90' lang='grc' dir='ltr'><em>δαιμόνιον,</em></span> <span class='ocrx_word' id='word_1_282' title='bbox 913 3746 988 3838; x_wconf 75' lang='grc' dir='ltr'><em>ἀλλ’</em></span> <span class='ocrx_word' id='word_1_283' title='bbox 1008 3754 1110 3823; x_wconf 75' lang='grc' dir='ltr'><em>έκεῖνο</em></span> <span class='ocrx_word' id='word_1_284' title='bbox 1133 3755 1440 3844; x_wconf 82' lang='grc' dir='ltr'><em>μεγαλοπρεπέστε-</em></span> 
     </span>
     <span class='ocr_line' id='line_1_32' title="bbox 320 3861 1440 3954; baseline -0.004 -22"><span class='ocrx_word' id='word_1_285' title='bbox 320 3891 375 3954; x_wconf 93' lang='grc' dir='ltr'><em>ρον</em></span> <span class='ocrx_word' id='word_1_286' title='bbox 398 3869 536 3954; x_wconf 76' lang='grc' dir='ltr'><em>ἡγοῦμαι</em></span> <span class='ocrx_word' id='word_1_287' title='bbox 559 3867 579 3954; x_wconf 82' lang='grc' dir='ltr'>ἢ</span> <span class='ocrx_word' id='word_1_288' title='bbox 602 3867 646 3942; x_wconf 83' lang='grc' dir='ltr'><em>ὡς</em></span> <span class='ocrx_word' id='word_1_289' title='bbox 669 3877 725 3952; x_wconf 80' lang='grc' dir='ltr'><em>της</em></span> <span class='ocrx_word' id='word_1_290' title='bbox 747 3863 825 3952; x_wconf 77' lang='grc' dir='ltr'><em>ἐμῆς</em></span> <span class='ocrx_word' id='word_1_291' title='bbox 845 3862 1031 3950; x_wconf 82' lang='grc' dir='ltr'><em>θεραπείας</em></span> <span class='ocrx_word' id='word_1_292' title='bbox 1046 3865 1278 3952; x_wconf 87' lang='grc' dir='ltr'><em>προσδεῖσθαι.</em></span> <span class='ocrx_word' id='word_1_293' title='bbox 1309 3861 1440 3944; x_wconf 82' lang='grc' dir='ltr'><em>Οἴκουν,</em></span> 
     </span>
     <span class='ocr_line' id='line_1_33' title="bbox 320 3970 1440 4062; baseline -0.004 -24"><span class='ocrx_word' id='word_1_294' title='bbox 320 3970 399 4062; x_wconf 73' lang='grc' dir='ltr'><em>ἔφη,</em></span> <span class='ocrx_word' id='word_1_295' title='bbox 431 3974 496 4059; x_wconf 79' lang='grc' dir='ltr'><em>ὅσην</em></span> <span class='ocrx_word' id='word_1_296' title='bbox 518 3970 862 4059; x_wconf 78' lang='grc' dir='ltr'><em>μεγαλοπρεπέστερον</em></span> <span class='ocrx_word' id='word_1_297' title='bbox 885 3971 973 4050; x_wconf 81' lang='grc' dir='ltr'><em>ἀξιοῖ</em></span> <span class='ocrx_word' id='word_1_298' title='bbox 995 3993 1031 4036; x_wconf 91' lang='grc' dir='ltr'><em>σε</em></span> <span class='ocrx_word' id='word_1_299' title='bbox 1053 3972 1264 4058; x_wconf 83' lang='grc' dir='ltr'><em>θεραπεύειν,</em></span> <span class='ocrx_word' id='word_1_300' title='bbox 1297 3972 1440 4056; x_wconf 81' lang='grc' dir='ltr'><em>τοσαύτην</em></span> 
     </span>
     <span class='ocr_line' id='line_1_34' title="bbox 323 4073 1442 4167; baseline -0.003 -23"><span class='ocrx_word' id='word_1_301' title='bbox 323 4080 446 4163; x_wconf 79' lang='grc' dir='ltr'><em>μᾶλλον</em></span> <span class='ocrx_word' id='word_1_302' title='bbox 469 4077 526 4144; x_wconf 83' lang='grc' dir='ltr'><em>καί</em></span> <span class='ocrx_word' id='word_1_303' title='bbox 548 4077 700 4167; x_wconf 81' lang='grc' dir='ltr'><em>τιμητέον</em></span> <span class='ocrx_word' id='word_1_304' title='bbox 723 4077 840 4160; x_wconf 56' lang='grc' dir='ltr'><em>αύτόθς</em></span> <span class='ocrx_word' id='word_1_305' title='bbox 872 4088 921 4143; x_wconf 93' lang='grc'><em>11.</em></span> <span class='ocrx_word' id='word_1_306' title='bbox 946 4075 990 4144; x_wconf 81' lang='grc' dir='ltr'><em>Εὖ</em></span> <span class='ocrx_word' id='word_1_307' title='bbox 1014 4080 1073 4166; x_wconf 84' lang='grc' dir='ltr'><em>γὰρ</em></span> <span class='ocrx_word' id='word_1_308' title='bbox 1096 4073 1189 4159; x_wconf 91' lang='grc' dir='ltr'><em>ἴσθι,</em></span> <span class='ocrx_word' id='word_1_309' title='bbox 1220 4075 1291 4166; x_wconf 72' lang='grc' dir='ltr'><em>ἔφη,</em></span> <span class='ocrx_word' id='word_1_310' title='bbox 1316 4078 1383 4157; x_wconf 81' lang='grc' dir='ltr'><em>ὅτι,</em></span> <span class='ocrx_word' id='word_1_311' title='bbox 1414 4073 1442 4142; x_wconf 83' lang='grc' dir='ltr'><em>εἴ</em></span> 
     </span>
     <span class='ocr_line' id='line_1_35' title="bbox 322 4181 1442 4272; baseline -0.004 -21"><span class='ocrx_word' id='word_1_312' title='bbox 322 4184 486 4270; x_wconf 84' lang='grc' dir='ltr'><em>νομίζοιμι</em></span> <span class='ocrx_word' id='word_1_313' title='bbox 509 4186 607 4264; x_wconf 81' lang='grc' dir='ltr'><em>θεοὺς</em></span> <span class='ocrx_word' id='word_1_314' title='bbox 636 4184 821 4272; x_wconf 90' lang='grc' dir='ltr'><em>ἀνθρώπιον</em></span> <span class='ocrx_word' id='word_1_315' title='bbox 850 4209 883 4250; x_wconf 92' lang='grc' dir='ltr'><em>τι</em></span> <span class='ocrx_word' id='word_1_316' title='bbox 912 4181 1107 4272; x_wconf 86' lang='grc' dir='ltr'><em>φροντίζειν,</em></span> <span class='ocrx_word' id='word_1_317' title='bbox 1137 4183 1193 4250; x_wconf 87' lang='grc' dir='ltr'><em>ούκ</em></span> <span class='ocrx_word' id='word_1_318' title='bbox 1223 4185 1261 4250; x_wconf 85' lang='grc' dir='ltr'><em>ἀν</em></span> <span class='ocrx_word' id='word_1_319' title='bbox 1277 4181 1442 4271; x_wconf 80' lang='grc' dir='ltr'><em>,ἀμελοίην</em></span> 
     </span>
     <span class='ocr_line' id='line_1_36' title="bbox 323 4280 1441 4379; baseline -0.003 -22"><span class='ocrx_word' id='word_1_320' title='bbox 323 4291 436 4358; x_wconf 81' lang='grc' dir='ltr'><em>αὐτῶν.</em></span> <span class='ocrx_word' id='word_1_321' title='bbox 477 4280 682 4372; x_wconf 44' lang='grc' dir='ltr'><em>’Ἐντειτ’,ούκ</em></span> <span class='ocrx_word' id='word_1_322' title='bbox 713 4288 776 4359; x_wconf 89' lang='grc' dir='ltr'><em>οἴει</em></span> <span class='ocrx_word' id='word_1_323' title='bbox 805 4287 985 4379; x_wconf 83' lang='grc' dir='ltr'><em>φροντίζειν</em></span> <span class='ocrx_word' id='word_1_324' title='bbox 992 4321 1003 4374; x_wconf 92' lang='grc'><em>,·</em></span> <span class='ocrx_word' id='word_1_325' title='bbox 1031 4285 1068 4358; x_wconf 80' lang='grc' dir='ltr'><em>οἳ</em></span> <span class='ocrx_word' id='word_1_326' title='bbox 1096 4304 1226 4378; x_wconf 84' lang='grc' dir='ltr'><em>πρῶτον</em></span> <span class='ocrx_word' id='word_1_327' title='bbox 1254 4288 1313 4373; x_wconf 86' lang='grc' dir='ltr'><em>μέν</em></span> <span class='ocrx_word' id='word_1_328' title='bbox 1343 4290 1441 4373; x_wconf 89' lang='grc' dir='ltr'><em>μόνον</em></span> 
     </span>
     <span class='ocr_line' id='line_1_37' title="bbox 323 4394 1440 4486; baseline -0.002 -22"><span class='ocrx_word' id='word_1_329' title='bbox 323 4412 387 4464; x_wconf 85' lang='grc' dir='ltr'><em>τῶν</em></span> <span class='ocrx_word' id='word_1_330' title='bbox 421 4395 511 4486; x_wconf 80' lang='grc' dir='ltr'><em>ζηίων</em></span> <span class='ocrx_word' id='word_1_331' title='bbox 545 4401 722 4486; x_wconf 77' lang='grc' dir='ltr'><em>ἄνθρωπον</em></span> <span class='ocrx_word' id='word_1_332' title='bbox 756 4397 857 4486; x_wconf 86' lang='grc' dir='ltr'><em>ὀρθὸν</em></span> <span class='ocrx_word' id='word_1_333' title='bbox 891 4395 1081 4486; x_wconf 84' lang='grc' dir='ltr'><em>ἀνέστησαν·</em></span> <span class='ocrx_word' id='word_1_334' title='bbox 1123 4394 1239 4464; x_wconf 72' lang='grc' dir='ltr'><em>ἔπειτα</em></span> <span class='ocrx_word' id='word_1_335' title='bbox 1278 4400 1349 4476; x_wconf 90' lang='grc' dir='ltr'><em>τοῖς</em></span> <span class='ocrx_word' id='word_1_336' title='bbox 1382 4395 1440 4482; x_wconf 87' lang='grc' dir='ltr'><em>μέν</em></span> 
     </span>
    </p>
   </div>
   <div class='ocr_carea' id='block_1_5' title="bbox 117 4072 314 4178">
    <p class='ocr_par' dir='ltr' id='par_1_5' title="bbox 117 4072 314 4178">
     <span class='ocr_line' id='line_1_38' title="bbox 145 4072 283 4114; baseline -0.014 -1"><span class='ocrx_word' id='word_1_337' title='bbox 145 4074 168 4113; x_wconf 83' lang='lat' dir='ltr'><em>in</em></span> <span class='ocrx_word' id='word_1_338' title='bbox 182 4072 283 4114; x_wconf 81' lang='lat' dir='ltr'>membris</span> 
     </span>
     <span class='ocr_line' id='line_1_39' title="bbox 117 4125 314 4178; baseline -0.02 -9"><span class='ocrx_word' id='word_1_339' title='bbox 117 4126 211 4178; x_wconf 77' lang='lat' dir='ltr'>corporis</span> <span class='ocrx_word' id='word_1_340' title='bbox 225 4125 314 4166; x_wconf 75' lang='lat' dir='ltr'>humani</span> 
     </span>
    </p>
   </div>
   <div class='ocr_carea' id='block_1_6' title="bbox 0 0 1587 4980">
    <p class='ocr_par' dir='ltr' id='par_1_6' title="bbox 0 0 1587 4980">
     <span class='ocr_line' id='line_1_40' title="bbox 0 0 1587 4980; baseline 0 0"><span class='ocrx_word' id='word_1_341' title='bbox 0 0 1587 4980; x_wconf 95' lang='lat' dir='ltr'><em> </em></span> 
     </span>
    </p>
   </div>
  </div>
 </body>
</html>
