3130 4980
533 332 573 384 De
592 331 647 385 vita
665 332 721 385 eius
740 349 771 385 ac
789 332 903 402 scriptis.
1228 329 1282 390 ‘293

157 493 360 585 vocabantur⁸
378 492 411 556 in
435 492 550 574 quibus
573 492 773 575 philosophia
800 493 951 557 remotior
982 493 1191 581 subtiliorque
1216 494 1282 575 agi·

159 599 294 664 tabatur
311 616 455 681 quaeque
480 599 522 662 ad
544 601 679 663 naturae
696 599 979 682 contemplationes
996 599 1281 682 disceptationesve

159 705 346 770 dialecticas
369 705 581 788 pertinebant.
627 705 712 770 Huic
736 705 921 788 disciplinae
947 724 1044 786 quam
1073 706 1137 768 dixi
1159 703 1281 791 ἀκροα-

47 891 49 894 ·
160 810 237 898 τικῇ
259 814 387 894 tempus
412 811 605 876 exercendae
636 811 734 875 dabat
763 812 796 874 in
819 811 916 893 Lycio
939 812 1136 876 matutinum
1158 831 1217 876 nec
1241 811 1282 875 ad

152 906 233 982 'eam
268 936 463 1000 quemquam
497 919 617 982 temere
654 918 847 982 admittebat
874 918 937 981 nisi
968 936 1105 999 quorum
1136 920 1209 982 ante
1233 919 1282 982 in-

152 1025 291 1113 ¹genium
321 1026 355 1088 et
384 1023 571 1088 eruditionis
596 1024 756 1087 elementa
787 1025 884 1104 atque
907 1023 941 1086 in
965 1023 1113 1088 discendo
1137 1025 1281 1088 studium

160 1131 365 1211 laboremque
382 1130 584 1212 explorasset.
615 1129 694 1194 Illas
710 1149 783 1194 vero
808 1130 980 1194 exotericas
998 1131 1177 1194 auditiones
1194 1149 1282 1194 exer·

159 1237 336 1317 cltiumque
371 1235 496 1301 dicendi
530 1236 641 1300 eodem
674 1237 708 1299 in
738 1237 805 1300 loco
834 1237 958 1319 vesperi
992 1236 1129 1300 iaciebat
1163 1254 1281 1318 easque

158 1344 257 1424 vulgo
280 1342 447 1406 iuvenibus
471 1343 539 1406 sine
563 1327 698 1406 delectu¹
712 1343 902 1425 praebebat3
927 1345 1025 1424 atque
1049 1361 1123 1406 cum
1146 1341 1282 1407 δειλινὸν

161 1445 348 1533 περίπατον
371 1449 560 1532 appellabat,
583 1449 676 1512 illum
693 1450 831 1512 alterum
855 1467 952 1531 supra
968 1444 1121 1522 ἑωθινόνς
1145 1451 1281 1530 utroque

159 1556 249 1620 enim
277 1557 420 1637 tempore
451 1554 620 1619 ambulans
651 1554 836 1620 disserebat.
888 1555 1000 1619 Libros
1036 1573 1162 1636 quoque
1198 1573 1281 1633 suos,

159 1681 272 1726 earum
296 1663 439 1726 omnium
461 1679 571 1725 rerum
594 1661 847 1739 commentarios,
871 1679 1015 1726 seorsum
1031 1661 1148 1738 divisit,
1172 1663 1209 1725 ut
1226 1661 1280 1725 alii

159 1767 356 1844 exoterici
379 1767 569 1844 dicerentur,
592 1767 710 1850 partim
734 1768 961 1832 acroatici⁰.

235 1957 264 2000 a.
290 1941 342 1998 Cic.
361 1941 417 1996 sin.
436 1943 461 1993 V
479 1943 513 1996 12
532 1943 577 1998 De
595 1959 696 1997 summo
713 1949 802 1997 cutem
827 1945 896 1997 bono
914 1944 981 2012 quia
1006 1943 1060 1998 duo
1083 1943 1282 2012 9000001100-

160 2047 223 2086 rum
241 2037 314 2098 sunt,
332 2047 417 2085 uuum
432 2032 606 2100 populariter
623 2033 755 2100 scriptum
773 2033 848 2100 quod
867 2036 1024 2107 ἐξωτερικὸν
1042 2033 1225 2100 appellabant,
1244 2031 1283 2085 01·

160 2126 247 2174 teram
267 2120 386 2174 limatius
410 2119 483 2188 quod
506 2121 537 2172 ίκ
561 2121 759 2188 commentariis
777 2122 947 2188 retruserant
970 2119 1138 2187 (Aristoteles
1156 2122 1185 2172 et
1201 2119 1283 2173 Theo·

163 2209 309 2278 phrastus),
328 2223 385 2262 aon
402 2223 506 2276 semper
522 2207 593 2261 idem
611 2207 698 2262 dicere
717 2208 853 2275 uideatur,
873 2225 922 2263 aec
939 2209 970 2262 ν’νι
988 2225 1091 2262 acosma
1114 2214 1201 2262 tomen
1219 2208 1282 2276 ipsa

158 2303 213 2352 aut
229 2297 350 2351 00010100
374 2302 414 2350 001
437 2297 494 2349 alla
513 2296 590 2364 opud
608 2297 658 2350 bos
676 2297 784 2364 quidem
802 2313 870 2365 0000
887 2297 1028 2350 continuet
1052 2303 1101 2351 out
1117 2299 1189 2350 iuter
1207 2297 1282 2363 ipsos

160 2386 305 2440 dissensio.
349 2383 386 2439 cf.
411 2384 446 2438 ad
463 2383 546 2438 Attis.
570 2384 607 2438 IV
626 2386 673 2450 16,
692 2386 717 2438 2.
755 2386 849 2438 Strabo
868 2385 933 2438 XIII
958 2387 989 2452 1,
1014 2386 1050 2440 54
1068 2403 1093 2456 p.
1113 2386 1173 2440 609.
1210 2385 1281 2437 Plut.

160 2474 221 2528 adv.
241 2473 325 2528 Colat.
346 2473 388 2540 14,
407 2474 425 2526 4
442 2490 468 2542 p.
489 2473 566 2526 1115.
595 2501 629 2512 -
657 2473 766 2526 Veteres
785 2473 869 2541 igItur
891 2473 951 2526 inde
978 2474 1011 2526 ab
1032 2474 1171 2527 Andronici
1196 2475 1283 2526 aetate

159 2565 217 2628 (121²
235 2562 300 2628 299)
318 2562 396 2614 huius
415 2561 600 2614 auctoritatem
615 2562 697 2614 secuti
716 2579 762 2632 pro
780 2562 857 2615 libris
875 2562 1011 2615 exotericis
1029 2545 1191 2632 populariter
1204 2561 1284 2632 scrip·

163 2655 216 2717 tos,
245 2650 365 2720 inprimis
383 2649 501 2717 dialogos
518 2649 652 2703 habendos
670 2667 728 2702 0000
746 2653 915 2715 censueruut;
943 2651 985 2703 cui
1005 2651 1151 2704 sententiae
1170 2667 1200 2704 ex
1219 2650 1283 2702 vlris

161 2739 249 2793 doctis
266 2739 346 2792 huius
364 2738 462 2791 aetatis
479 2737 505 2791 J.
523 2738 642 2806 Bernays
660 2738 699 2804 ((1.
719 2739 837 2806 111010ρο
857 2739 905 2791 des
924 2739 983 2804 Aa,
1001 2739 1087 2792 Bercl.
1098 2739 1178 2804 1863)
1196 2755 1284 2792 assen-

162 2845 211 2881 sus
228 2831 279 2882 est.
323 2826 402 2897 Apud
420 2826 505 2896 ipsum
525 2826 695 2880 Aristotelem
719 2827 838 2880 vocabuli
862 2829 1026 2902 ἐξωτερικῶν
1043 2830 1133 2897 1όγων
1156 2827 1196 2880 vis
1214 2827 1284 2880 vide·

163 2919 211 2969 tur
237 2915 319 2969 latius
346 2917 449 2984 patere,
477 2917 509 2967 ut
537 2931 704 2984 quascunque
731 2915 924 2984 disputationes
948 2918 1023 2968 extra
1049 2916 1284 2985 Peripateticorum

164 3003 280 3058 scholam
304 3004 409 3056 babItas
434 3003 644 3073 comprehendat.
682 3001 721 3057 cf.
740 3004 825 3070 Diels,
854 3009 882 3056 e
903 3003 929 3057 d.
949 3009 1020 3058 eret.
1039 3003 1136 3058 Redeo
1155 3005 1204 3058 des
1222 3004 1281 3073 Aa,

164 3090 229 3149 Sita.
249 3091 313 3146 Ber.
333 3091 359 3144 d.
378 3091 453 3146 Berl.
472 3092 525 3146 Alc.
546 3093 625 3157 1883,
644 3093 795 3146 477-492.
832 3093 859 3146 Z.
878 3092 906 3145 Π
925 3094 960 3146 2³
979 3093 1134 3147 114-126.

76 3393 154 3434 soen
233 3357 338 3422 Strab.
360 3357 441 3421 XIII
466 3367 500 3436 1,
537 3365 578 3423 54
608 3379 638 3442 p.
669 3365 743 3424 608.
787 3345 827 3422 ‘O
861 3367 935 3442 γοῦν
965 3347 1194 3446 Ἀριστοτέλης
1225 3359 1282 3445 τὴν
1309 3372 1414 3413 librorum

166 3459 283 3528 ἑαυτοῦ
305 3463 545 3552 (βιβλιοθήκην)
573 3463 774 3551 Θεοφράστῳ
799 3461 1004 3550 παρέδωκεν,
1033 3447 1123 3550 ᾧπερ
1146 3461 1203 3528 καὶ
1226 3465 1283 3552 τὴν
1332 3435 1398 3466 m

164 3569 280 3657 σχολὴν
304 3566 457 3648 ἀπέλιπε,
482 3582 613 3654 πρῶτος
637 3565 681 3633 ὧν
696 3565 788 3652 ἴσμεν
810 3570 998 3654 συναγαγὼν
1014 3567 1129 3653 βιβλία
1152 3569 1209 3635 καί
1232 3570 1283 3634 δι-

164 3675 268 3754 δάξας
306 3675 380 3753 τοὺς
420 3665 467 3739 ἐν
483 3671 648 3760 Αἰγύπτῳ
682 3673 839 3758 βασιλέας
872 3675 1090 3764 βιβλιοθήκης
1124 3675 1282 3754 σύνταξιν.

168 3782 378 3869 Θεόφραστος
406 3779 443 3846 δὲ
466 3781 570 3868 Νηλεῖ
593 3779 798 3867 παρέδωκεν,
831 3781 849 3846 ὁ
872 3771 903 3846 δ’
922 3777 969 3858 εἰς
992 3786 1122 3868 Σκῆψιν
1144 3778 1284 3864 κομίσας

67 3877 71 3885 ’
164 3891 236 3965 τοῖς
257 3876 331 3969 μετ’
356 3885 453 3952 αὐτὸν
475 3885 673 3972 παρέδωκεν,
706 3883 856 3963 ἰδιώταις
878 3885 1088 3973 ἀνθρώποις,
1124 3883 1161 3951 οἳ
1180 3885 1283 3952 κατοί-

165 3994 299 4058 κλοιστα
322 3985 407 4075 εἶχον
436 3995 479 4058 τὰ
500 3989 616 4076 βιβλία
640 3981 711 4057 οὐδ’
730 3991 894 4076 ἐπιμελῶς
916 3990 1063 4075 κείμενα·
1110 3991 1225 4079 ἐπειδὴ
1248 3989 1285 4057 δὲ

165 4087 312 4188 ιἦσθοντο
335 4101 392 4186 τὴν
415 4099 561 4186 σπουδὴν
583 4111 647 4162 τῶν
668 4086 873 4163 Ἀτταλικῶν
895 4095 1071 4180 βασιλέων,
1101 4086 1159 4185 op'
1177 4087 1225 4174 οἷς
1248 4093 1285 4184 ἦν

166 4207 186 4292 ἡ
210 4205 317 4285 πόλις,
341 4205 518 4293 ζητούντων
540 4201 654 4288 βιβλία
684 4200 730 4280 εἷς
752 4205 809 4292 τὴν
832 4205 1032 4291 κατασκευὴν
1061 4215 1117 4290 τῆς
1141 4199 1174 4268 ἕν
1196 4207 1284 4289 Περ-

167 4309 261 4396 γάμῳ
284 4311 510 4399 βιβλιοθήκης,
534 4311 620 4376 κατὰ
644 4321 700 4397 γῆς
724 4305 872 4394 ἔκρυψαν
895 4308 927 4374 ἐν
950 4301 1091 4396 ‹iicaeipvye'¹
1106 4331 1184 4374 τινι·
1219 4310 1285 4375 ὑπὸ

168 4415 206 4481 δὲ
228 4413 339 4495 νοτίας
361 4416 418 4482 καὶ
440 4429 547 4505 σητῶν
569 4413 765 4481 κακωθέντα
789 4413 855 4502 ὀψέ
877 4439 960 4480 ποτε
983 4413 1144 4480 ἀπέδοντο
1168 4411 1200 4481 οἱ
1216 4415 1286 4481 ἀπὸ

221 4538 353 4580 areauna.
382 4539 485 4580 namu
965 4561 970 4570 .
1038 4521 1073 4574 20
