3146 4982
156 2011 264 2053 divinatio

287 338 343 401 422
743 343 825 396 Stoioi
843 343 950 414 priores.

289 504 505 591 προνοητικὸν
535 502 657 586 κόσμου
680 527 715 568 τε
738 501 884 568 καὶτῶν
907 501 941 568 έν
962 501 1090 588 κόσμῳ·
1125 504 1170 589 μὴ
1192 495 1276 568 εἶναι
1299 501 1415 586 μέντοι

290 609 591 698 ἀνθρωπόμορφον·
619 601 703 676 εἶναι
727 608 764 676 δέ
785 611 842 676 τὸν
863 608 923 692 μέν
945 609 1139 697 δημιουργὸν
1161 622 1226 674 τῶν
1249 609 1332 675 ὅλων
1355 610 1417 676 καὶ

290 719 400 804 ὥσπερ
434 713 565 804 πατέρα
599 715 732 781 πάντων
765 729 883 794 κοινῶς
913 739 949 782 τε
977 714 1035 781 καί
1065 716 1103 781 τδ
1131 714 1229 802 μέρος
1252 715 1418 784 αὐτοῦτὸ

289 824 400 911 διῆκον
417 823 472 888 διὰ
489 822 630 903 πάντων,
654 819 832 900 δπολλαῖς
847 820 1085 910 προσηγορίαις
1100 822 1417 910 προσονομάζεσθαι

289 932 375 996 κατὰ
406 930 466 1007 τὰς
495 929 654 1012 δυνάμεις.
701 927 768 994 Δία
796 928 856 1012 μὲν
886 929 948 1016 γάρ
975 951 1060 1017 φασι
1089 917 1137 994 δι’
1156 925 1191 996 ὃν
1220 931 1263 994 asi
1291 930 1416 1010 πάντα,

289 1043 379 1124 Ζῆνα
402 1035 439 1102 δέ
461 1036 598 1101 καλοῦσι
621 1024 709 1122 παρ’
728 1035 805 1102 ὅσον
826 1045 885 1102 τοῦ
908 1035 964 1123 ζην
987 1030 1095 1113 αἴτιός
1118 1034 1208 1102 ἐστιν
1230 1037 1251 1123 ἢ
1273 1036 1330 1101 διὰ
1353 1048 1417 1102 τοῦ

290 1143 346 1232 ζῆν
368 1143 561 1231 κεχώρηκεν,
590 1121 738 1230 Ἀθηνᾶν
768 1141 805 1208 δέ
833 1144 920 1208 κατὰ
949 1143 1006 1230 τὴν
1034 1138 1080 1219 είς
1112 1138 1236 1230 αἰθέρα
1260 1142 1417 1208 διάτασιν

289 1259 347 1316 τοῦ
380 1251 570 1337 ἡγεμονικοῦ
603 1247 717 1329 αὐτοῦ,
747 1236 854 1336 Ἥραν
883 1247 920 1314 δέ
949 1250 1035 1314 κατὰ
1065 1250 1124 1336 τὴν
1152 1245 1198 1326 εἰς
1221 1247 1319 1336 άέρα,
1355 1249 1416 1315 καί

284 1344 472 1444 Ἥφαιστον
500 1357 588 1420 κατὰ
616 1356 674 1443 τὴν
703 1351 750 1433 εἰς
780 1357 818 1421 τὸ
848 1356 990 1436 τεχνικὸν
1020 1364 1103 1441 πῦρ,
1138 1353 1196 1420 καί
1219 1355 1418 1420 Ποσειδῶνα

291 1463 375 1526 κατὰ
409 1463 466 1548 τὴν
500 1457 547 1537 εἰς
581 1461 620 1526 τδ
655 1460 764 1548 δγρέν,
800 1459 858 1526 καὶ
881 1462 1039 1548 Δήμητρα
1070 1462 1156 1525 κατὰ
1187 1462 1244 1548 τὴν
1270 1457 1317 1539 εἷς
1340 1475 1417 1548 γην·

290 1565 410 1652 ὁμοίιος
434 1566 549 1633 δὲκαὶ
573 1569 633 1645 τὰς
660 1565 763 1645 ἄλλος
786 1564 1011 1655 προσηγορίας
1034 1563 1180 1649 ἐχόμενοί
1202 1591 1290 1645 τινος
1313 1565 1416 1634 οἰκει-

292 1675 407 1762 ότητος
436 1671 630 1739 ἀπέδοσαν.
661 1711 702 1722 -—
736 1681 809 1750 149.
841 1661 940 1738 Καθ’
965 1669 1159 1760 εἱμαρμένην
1186 1671 1223 1738 δέ
1251 1696 1337 1761 φασι
1371 1678 1419 1740 τὰ

291 1780 403 1846 πάντα
427 1777 578 1864 γίνεσθαι
601 1780 804 1866 Χρύσιππος
832 1777 866 1844 έν
887 1782 958 1857 τοῖς
981 1777 1060 1866 περὶ
1082 1775 1279 1867 είμαρμένης
1297 1819 1339 1828 -
1356 1781 1417 1847 καί

291 1888 410 1976 Ζήνων.
437 1923 478 1934 -
502 1882 573 1952 iiras
596 1875 629 1951 δ’
647 1883 875 1974 εἱμαρμένη
900 1882 992 1951 αἰτία
1016 1898 1080 1950 τῶν
1102 1882 1201 1951 ὄντων
1222 1882 1370 1976 εἰρομένη
1396 1889 1418 1976 ἢ

292 1994 386 2078 λόγος
415 1981 500 2058 καθ’
519 1989 555 2058 δν
585 1992 747 2075 δκόσμος
770 1992 963 2077 διεξάγεται.
1002 1990 1060 2056 καί
1088 1993 1153 2080 μὴν
1175 1990 1231 2057 καὶ
1255 1996 1420 2082 μαντικὴν

290 2100 468 2189 ὑφεστάναι
491 2098 605 2164 πᾶσάν
627 2120 738 2186 φασιν,
762 2095 792 2164 εἰ
814 2097 872 2164 καὶ
895 2097 1053 2184 πρόνοιαν
1076 2089 1188 2164 sivan.

362 2272 390 2312 a.
415 2257 452 2312 Cf.
472 2263 515 2311 BP
533 2258 595 2312 398.
614 2258 675 2311 401.
712 2256 838 2326 Exempla
857 2257 950 2310 harum
975 2257 1237 2327 interpretationum,
1265 2257 1293 2310 in
1319 2258 1420 2327 quibus

186 2338 189 2347 ’
292 2363 390 2400 summe
403 2346 586 2399 laboraverant
600 2345 668 2399 Zeno
682 2348 710 2398 et
724 2345 864 2400 Cleanthes
879 2348 907 2398 et
924 2361 986 2415 prae
1005 2345 1099 2398 esuris
1119 2343 1290 2414 Chrysippus,
1309 2349 1419 2416 praeter

291 2451 322 2488 ea
349 2452 415 2504 quae
442 2435 512 2505 apud
535 2435 679 2502 Diogenem
702 2434 720 2488 l.
740 2435 758 2488 1.
784 2435 911 2502 leguntur
938 2435 1046 2488 essunt
1071 2433 1141 2504 apud
1160 2433 1309 2488 Cieeronsm
1326 2435 1360 2488 D.
1380 2435 1419 2488 N.

290 2524 371 2590 140;
396 2523 424 2578 Π
443 2523 541 2593 62sq.,
569 2523 601 2576 af.
626 2522 771 2576 Philodem.
800 2523 832 2575 de
856 2523 923 2576 Piet.
951 2522 998 2576 ool.
1023 2523 1091 2592 bsq.
1111 2523 1144 2578 13
1154 2540 1193 2592 sq.
1227 2523 1292 2576 Dor.
1311 2523 1419 2594 546sq.

290 2612 409 2680 Krische,
428 2612 543 2666 Forsah.
562 2629 588 2682 p.
607 2611 660 2665 463
671 2628 724 2681 sq.;
745 2611 771 2664 Z.
791 2611 832 2664 III
851 2609 886 2665 1⁸
904 2611 1003 2680 325eq.

362 2737 392 2791 b.
418 2736 470 2791 Cio.
489 2736 576 2790 Divis.
595 2735 645 2789 16
671 2735 719 2789 sed
747 2751 809 2789 earn
826 2735 913 2790 Stoici
940 2737 1034 2790 omnia
1062 2735 1121 2801 sere
1148 2735 1200 2790 illa
1227 2734 1420 2803 defenderent,

292 2826 365 2896 quad
391 2831 416 2879 et
434 2827 510 2880 Zeno
532 2827 564 2879 in
585 2825 645 2879 sais
668 2825 869 2879 omnmentnriis
888 2826 969 2894 quasi
992 2825 1099 2880 semina
1117 2824 1253 2894 ηαοιδανη
1270 2825 1421 2893 sparsisset

291 2920 317 2968 et
335 2930 369 2968 ea
390 2913 532 2968 Oroanna
546 2914 635 2981 paulo
653 2915 785 2968 uberim
804 2912 923 2981 fecisset,
950 2915 1065 2968 acensit
1083 2929 1225 2968 αοεννιιαιο
1243 2913 1286 2967 err
1303 2913 1422 2982 ι’κμειιίο

294 3002 477 3072 Chrysippus,
503 3003 552 3070 pai
570 3007 655 3056 totam
674 3001 707 3056 de
725 3001 899 3056 divinatione
917 3003 1028 3057 duobus
1046 3002 1125 3056 libris
1143 3002 1292 3071 euplisasit
1310 3008 1420 3058 senun-

293 3091 374 3156 tiam,
399 3107 456 3144 ano
477 3097 625 3158 praeterae
649 3091 684 3146 de
709 3092 845 3158 οναοιιῑίο,
869 3108 926 3146 uno
951 3092 984 3146 de
1001 3092 1130 3148 somniis:
1158 3107 1235 3160 quem
1252 3091 1422 3162 ntupum

291 3195 380 3234 unum
392 3178 493 3234 librum
503 3179 678 3250 Babylonius
696 3179 834 3248 Diopenes
853 3180 942 3234 edidit
960 3182 1019 3235 eius
1038 3180 1167 3247 auditor,
1187 3180 1242 3234 duo
1251 3180 1419 3248 Antipater,

292 3269 411 3338 quimus
439 3273 529 3324 noster
558 3267 734 3324 Posidonius.
763 3299 796 3306 —
826 3268 864 3323 Cf.
892 3268 920 3324 C.
945 3269 1134 3336 Waohsmuth,
1164 3268 1190 3322 d.
1209 3268 1365 3324 Ansieliten
1391 3269 1421 3322 d.

292 3357 402 3412 Stoiler
419 3363 447 3410 et.
466 3357 582 3411 Montila
600 3374 628 3411 ιι.
648 3356 819 3424 Daemonen,
837 3358 923 3412 Berol.
944 3359 1022 3414 1860.

365 3480 426 3534 Non
445 3482 603 3550 spernebant
620 3481 701 3534 Stoici
719 3482 859 3551 populares
878 3482 910 3534 de
929 3482 969 3534 dis
988 3481 1129 3551 opiniones,
1155 3480 1201 3534 sod
1219 3480 1421 3550 proiioiseeban-

292 3573 338 3622 tur
356 3569 389 3621 ab
407 3569 441 3621 iis
459 3583 518 3621 eum
537 3569 599 3622 deos
617 3585 674 3622 esse
693 3569 924 3633 do1nonstrahant;
950 3585 1074 3636 magnum
1098 3569 1166 3622 enim
1185 3571 1371 3636 argumentum
1390 3571 1421 3623 in

292 3673 321 3710 eo
340 3657 410 3710 eerui
429 3658 573 3727 putabant,
603 3658 672 3727 quod
691 3659 804 3711 omnium
823 3658 941 3725 gentium
960 3657 1110 3710 hominibus
1135 3673 1191 3710 osse
1210 3657 1420 3724 dividerentur,

292 3746 323 3800 af.
343 3745 395 3800 Cic.
415 3745 448 3799 D.
467 3745 501 3800 N.
520 3745 548 3799 H
567 3747 601 3800 12
626 3747 720 3815 itaque
745 3748 818 3800 inter
837 3763 927 3801 omnes
945 3747 1069 3800 omnium
1086 3746 1210 3815 panlinus
1227 3761 1336 3800 summa
1355 3761 1422 3800 eori-

291 3839 362 3888 stat:
384 3835 511 3892 omnibns
536 3835 608 3889 ιιιίνι
631 3835 764 3888 innatum
789 3840 827 3888 est
851 3841 878 3889 et
902 3835 934 3888 in
952 3835 1045 3888 animo
1070 3835 1151 3904 quasi
1173 3835 1345 3904 insordptum
1363 3851 1422 3891 esse

292 3923 363 3978 deos.
388 3923 482 3991 quales
504 3923 561 3977 sint
584 3924 696 3978 narium
721 3929 772 3991 est,
797 3940 851 3978 esse
875 3939 953 3978 κινοο
974 3929 1064 3993 nepai.
1101 3923 1244 3976 Maximum
1263 3939 1323 3976 vero
1341 3939 1422 3992 argun-

294 4015 413 4065 mentum
431 4011 465 4065 iis
483 4015 542 4064 erat
560 4011 645 4064 totins
662 4014 774 4065 naturae
798 4015 827 4064 et
845 4011 936 4064 mnndi
954 4013 1023 4066 ratio
1042 4014 1122 4081 atque
1141 4009 1309 4081 oompositio:
1337 4027 1421 4081 qnare

292 4101 376 4154 omnis
402 4115 491 4153 eorum
516 4099 648 4167 theologia
671 4102 729 4153 erat
753 4100 861 4169 physica
879 4103 959 4169 atque
984 4099 1047 4153 adeo
1066 4100 1188 4170 physicae
1206 4102 1334 4169 tanquam
1353 4115 1420 4170 apex

293 4191 321 4240 et
346 4188 549 4255 consummatio,
573 4205 597 4241 v.
615 4188 687 4241 Plut.
714 4188 746 4241 de
764 4187 843 4242 Stoie.
862 4187 927 4258 Rep.
947 4189 972 4251 9,
992 4189 1009 4242 2
1033 4207 1059 4258 p.
1079 4188 1150 4243 1035
1169 4190 1222 4254 (BP
1241 4189 1337 4254 asos).
1373 4188 1421 4242 Ita

294 4274 371 4328 ileum
389 4277 539 4330 armusrsum
558 4279 586 4330 et
605 4293 748 4344 summum,
773 4294 850 4346 quem
868 4277 954 4331 Iovem
973 4278 1157 4348 appellabant,
1182 4277 1250 4331 nihil
1269 4277 1420 4331 aliudesse

293 4361 416 4416 volebant
433 4363 485 4417 nisi
502 4365 544 4417 vel
562 4365 649 4434 ipsum
668 4365 794 4418 mundum
819 4365 858 4418 vel
882 4365 973 4419 mnndi
993 4366 1170 4420 substantiam
1189 4365 1340 4436 vel-mnndi
1358 4381 1420 4418 cau-

293 4465 349 4502 sam
367 4453 568 4519 procreatrioem
587 4457 616 4507 et
628 4453 832 4523 providentiam:
851 4459 895 4507 BP
908 4455 970 4510 398.
984 4455 1075 4521 401a3
1093 4455 1170 4523 Diog.
1179 4454 1231 4507 VII
1246 4454 1298 4508 148
1318 4456 1420 4507 οὐσίαν
