3140 4990
635 344 808 404 Democritus.
1231 347 1283 410 167

158 502 242 556 Arist.
262 500 293 554 de
312 501 399 556 Divin.
419 518 464 571 per
482 501 569 558 Somn.
589 503 615 556 2.
653 503 746 578 ὥσπερ
773 508 828 580 γάρ
856 507 923 560 όταν
946 509 1041 581 κινύση
1062 529 1089 563 τι
1113 512 1145 564 τὸ
1171 511 1244 582 ὕδωρ
1267 515 1285 578 ἢ
1364 569 1368 575 ,

119 667 120 670 ¹
158 593 208 644 τὸν
226 593 301 662 ἀέρα,
322 587 403 644 τοῦθ’
425 592 517 664 ἕτερον
535 595 655 660 ἐκίνησε,
679 599 726 648 καὶ
745 601 929 668 παυσαμένου
947 599 1051 652 ἐκείνου
1070 605 1216 671 συμβαίνει
1235 601 1284 666 τὴν

157 682 289 746 τοιαύτην
307 685 414 747 κίνησιν
434 687 559 755 προϊέναι
586 687 669 756 μέχρι
697 685 782 748 τινός,
813 695 862 738 τοῦ
889 687 1051 751 κινήσαντος
1080 685 1112 740 οὗ
1139 690 1282 762 παρόντος,

157 770 245 829 οὕτως
274 769 355 823 ούύέν
379 772 475 824 κωλύει
497 776 605 837 κίνησίν
631 791 693 824 τινα
717 777 764 826 καὶ
789 777 922 840 αἴσθησιν
936 775 1128 844 «ἀφικνεῖσθαι
1148 779 1216 850 πρὸς
1234 779 1283 838 τὰς

159 860 253 928 ιγυχάς
277 860 326 918 τὰς
350 852 578 924 ἐνυπνιαζούσας,
606 856 658 930 ἀφ’
681 855 718 912 ὧν
736 863 837 922 ἐκεῖνος
861 862 910 928 (ου.
928 863 1109 935 Δημόκριτος)
1129 865 1163 918 τὰ
1182 865 1282 918 εἴδωλα

156 955 235 1002 ποιεῖ
258 953 304 1002 καὶ
323 951 371 1009 τάς
391 951 548 1022 ἀπορροίας.
585 947 667 1002 Plura
693 947 725 1002 de
743 947 794 1003 hae
810 965 838 1004 re
856 949 926 1018 apud
949 948 1021 1006 Plue.
1042 949 1092 1015 Qu.
1112 951 1193 1006 Conv.
1213 951 1282 1008 VIII

158 1037 202 1101 10,
221 1037 246 1090 2.
271 1041 339 1108 φησὶ
359 1039 531 1110 Δημόκριτος
549 1039 827 1108 ἐγκαταβυσσοῦσθαι
853 1040 887 1090 τά
912 1039 1013 1092 εῖιλωλα
1039 1039 1087 1093 me
1111 1051 1165 1092 τῶν
1190 1042 1282 1113 πόρων

156 1132 198 1188 εἰς
217 1129 251 1179 τά
271 1129 389 1200 σώματα
408 1132 454 1180 καὶ
474 1133 565 1181 ποιεῖν
584 1129 632 1188 τάς
654 1129 724 1180 κατὰ
749 1129 797 1183 τόν
824 1129 910 1182 ὕπνον
933 1131 1011 1196 ὄψεις
1034 1130 1281 1202 ἐπαναφερόμενα·

155 1219 262 1286 φοιτᾷν
280 1216 312 1269 <II
331 1226 418 1268 ταῦτα
438 1218 618 1286 πανταχόθεν
637 1217 756 1269 ἀπιόντα
774 1220 821 1268 καλ
840 1226 944 1270 σκευῶν
961 1220 1006 1272 καλ
1027 1220 1146 1288 ἱματίων
1162 1223 1209 1270 καλ
1228 1237 1281 1288 φυ-

154 1315 219 1370 τῶν,
246 1308 369 1377 μάλιστα
395 1305 426 1358 δὲ
451 1300 523 1373 ζῴων
550 1306 603 1358 ὑπὸ
630 1307 717 1358 σάλου
742 1307 847 1358 πολλοῦ
864 1309 911 1360 καὶ
933 1307 1114 1376 θερμότητος,
1144 1308 1177 1360 ού
1193 1308 1283 1379 μόνον
1361 1353 1365 1358 .

156 1395 258 1464 ἔχοντα
275 1393 455 1466 μορφοειδεῖς
465 1403 515 1446 τοῦ
529 1395 657 1465 σώματος
671 1395 882 1465 ἐκμεμαγμένας
897 1395 1062 1465 ὁμοιότητας
1080 1435 1085 1446 .
1101 1435 1106 1446 .
1123 1435 1128 1446 .
1149 1396 1217 1446 ἀλλά
1235 1399 1282 1448 καὶ

153 1495 211 1536 τῶν
228 1485 299 1536 κατὰ
320 1483 412 1552 ψυχὴν
429 1485 586 1554 κινημάτων
603 1485 650 1534 καὶ
668 1484 863 1554 βουλευμάτων
881 1481 987 1550 ἑκάστῳ
1004 1485 1050 1535 καὶ
1069 1484 1144 1548 ἠθῶν
1162 1487 1208 1536 καὶ
1226 1503 1281 1538 πα-

153 1579 216 1626 θῶν
234 1573 370 1644 ἐμφάσεις
389 1573 622 1642 ἀναλαμβάνοντα
648 1573 879 1641 συνεφέλκεσθαι,
908 1575 955 1622 καὶ
980 1576 1191 1641 προςπίπτοντα
1208 1573 1281 1644 μετὰ

155 1663 261 1714 τούτων
279 1646 373 1734 ὥσπερ
396 1661 512 1732 ἔμψυχα
532 1661 645 1731 φράζειν
663 1663 709 1714 καὶ
728 1659 899 1712 διαστέλλειν
917 1664 975 1720 τοῖς
996 1659 1214 1732 ὑποδεχομένοις
1233 1661 1282 1722 τὰς

153 1761 211 1802 τῶν
228 1757 381 1813 μεθιέντων
400 1751 470 1802 αύτά
490 1749 573 1810 ύόξας
591 1753 638 1801 καὶ
657 1747 860 1818 διαλογισμούς
873 1751 920 1800 καὶ
935 1749 1030 1820 ὁρμάς,
1050 1747 1118 1800 ὅταν
1131 1750 1282 1822 ἐνάρθρους

153 1843 202 1892 καὶ
230 1840 405 1908 (ἀσυγχύτους
434 1841 610 1908 φυλάττοντα
638 1841 773 1910 προςμίξη
802 1837 852 1897 τὰς
880 1839 987 1897 εἰκόνας
1013 1840 1067 1890 κτλ.
1105 1837 1143 1890 De
1162 1837 1279 1906 maligno

152 1926 225 1980 oculi
244 1927 371 1992 coniectu,
392 1942 414 1978 v.
425 1924 497 1978 Plue.
510 1925 559 1990 Qu.
571 1925 651 1979 Conv.
662 1925 684 1978 V
695 1925 718 1988 λ,
730 1926 754 1978 6.
775 1927 793 1978 ά
811 1924 858 1991 (se.
874 1924 985 1990 εἴδωλα)
1005 1941 1091 1996 φησιν
1109 1928 1209 1986 ἐκεῖνος
1227 1929 1280 1988 ἐξι-

152 2014 214 2068 έναι
233 2017 297 2076 τούς
316 2021 492 2086 φθονοῦντας
510 2009 570 2067 οὔτ’
594 2015 747 2080 αἰσθήσεως
766 2017 870 2086 ἀμοιρα
900 2016 1082 2067 παντάπασιν
1108 2017 1169 2066 ούτε
1187 2017 1279 2086 ὁρμῆς,

154 2106 281 2157 ἀνάπλεά
308 2123 336 2158 τε
362 2113 407 2170 τῆς
432 2105 489 2156 ἀπὸ
512 2115 566 2156 των
592 2107 764 2175 προϊεμένων
787 2107 946 2175 μοχθηρίας
963 2105 1010 2154 καὶ
1027 2107 1195 2169 βασκανίας·
1213 2099 1276 2175 μεθ’

153 2187 185 2260 ἧς
210 2194 428 2265 ἐμπλασσόμενα
461 2195 508 2246 καὶ
542 2196 739 2265 παραμένοντα
773 2195 820 2244 καὶ
845 2200 1025 2244 συνοικοῦντα
1051 2197 1109 2251 τοῖς
1131 2199 1280 2259 βασκαινο-

152 2285 249 2353 μένοις
268 2284 460 2355 ἐπιταράττειν
477 2286 523 2336 καὶ
543 2291 644 2334 κακοῦν
664 2282 754 2334 αὐτῶν
774 2281 805 2332 τό
824 2299 852 2332 τε
872 2290 953 2352 σῶμα
970 2282 1018 2333 καὶ
1038 2280 1087 2346 τὴν
1106 2279 1242 2332 διάνοιαν.

88 2508 132 2548 ¹⁵⁶
223 2495 309 2560 Sext.
331 2496 431 2560 Math.
455 2496 502 2558 IX
528 2504 578 2561 19.
624 2492 818 2578 Δημόκριτος
857 2493 891 2557 ἀὲ
918 2490 1056 2558 emme*
1087 2487 1154 2557 τινά
1184 2519 1276 2579 φησιν

3 2598 7 2624 ⁷
155 2599 329 2684 ἐμπελάζειν
351 2613 416 2679 τοῖς
439 2596 627 2685 ἀνθρώποις,
651 2604 698 2664 καῖ
721 2597 840 2664 τούτων
864 2593 981 2680 τὰμὲν
1005 2596 1080 2664 εἶναι
1104 2595 1281 2682 ἀγαθοποιῖι

154 2702 193 2771 τὰ
216 2711 250 2774 δὲ
273 2708 439 2774 κακοποιίι·
471 2711 561 2774 ἐνθεν
584 2712 631 2772 καῖ
655 2703 770 2790 εὔχεται
794 2699 978 2788 εὐλόγχωνι
1001 2715 1099 2788 τυχεῖν
1122 2702 1278 2772 εἰδώλων·

155 2813 228 2880 εῖναι
252 2817 285 2880 δέ
308 2822 405 2880 ταῦτα
427 2811 542 2901 μεγάλα
571 2841 602 2878 τε
625 2818 674 2878 καὶ
696 2805 890 2898 ύπερμεγέθη
913 2815 961 2874 καῖ
993 2805 1183 2896 δύσφθαρτα
1213 2813 1279 2894 μέν,

155 2917 210 2986 ούκ
233 2913 384 3006 άφθαρτα
408 2923 450 2998 «λε’,
474 2923 690 3004 προσημαίνειν
720 2945 751 2982 τε
781 2917 820 2982 τὰ
842 2921 992 3000 μέλλοντα
1015 2928 1079 2994 τοῖς
1101 2911 1281 3003 ἀνθρώποις

154 3025 356 3112 θεωρούμενα
378 3034 426 3094 καῖ
450 3023 557 3113 φωνὰς
580 3023 715 3114 ἀφιέντα.
748 3023 823 3089 ὅθεν
839 3017 958 3088 τούτων
982 3017 1086 3088 αὐτῶν
1110 3028 1280 3109 φαντασίαν
1374 3097 1378 3103 ,

152 3133 303 3218 λαβόντες
327 3137 355 3200 οῖ
377 3140 497 3200 παλαιοὶ
513 3128 684 3218 ὑπενόησαν
700 3130 773 3196 εἶναι
788 3127 864 3196 θεόν
879 3129 901 3209 b,
924 3128 1064 3213 μηθενὸς
1088 3127 1182 3198 άλλου
1199 3126 1281 3218 παρὰ

154 3243 253 3310 ταῦτα
275 3235 364 3318 ὄντος
387 3243 464 3308 θεοῦ
486 3247 541 3305 τοῦ
564 3233 729 3324 ἄφθαρτον
752 3235 847 3323 φύσιν
870 3235 1005 3316 ἔχοντες.

225 3397 254 3437 ιε.
283 3383 416 3446 Imagines
445 3381 593 3436 animantes
612 3379 753 3433 divinitate
771 3377 903 3447 praeditas
922 3377 1108 3430 commemorat
1132 3375 1230 3441 Οῖοοεο,
1245 3377 1278 3430 D.

152 3471 218 3527 Nat.
239 3471 254 3524 I
272 3472 319 3540 293
340 3472 399 3526 120.
436 3471 477 3524 CI.
498 3469 607 3525 Krische
627 3468 776 3524 III-163.

225 3579 256 3634 b.
286 3578 398 3646 Antiqui
423 3595 470 3632 eur
493 3576 553 3630 deos
573 3576 704 3630 finxerint.
742 3573 811 3628 Sext.
836 3571 922 3626 Μαλλι
941 3570 982 3624 IX
1000 3571 1042 3624 24.
1081 3573 1194 3644 ὁρῶντες
1214 3573 1276 3642 γάρ,
1303 3591 1342 3634 dei

152 3675 236 3741 φησί,
258 3670 291 3722 τά
310 3671 340 3722 ἐν
358 3674 415 3728 τοῖς
432 3669 577 3740 μετεώροις
602 3666 759 3736 παθήματα
780 3666 807 3716 οἱ
827 3664 945 3716 παλαιοὶ
964 3671 1017 3712 τῶν
1037 3660 1201 3732 ἀνθρώπων,
1227 3679 1276 3712 κα-

152 3762 246 3828 θάπερ
270 3758 385 3827 βροντάς
408 3760 454 3820 καὶ
480 3756 624 3826 ἀστραπὰς
648 3755 795 3826 κεραυνούς
820 3769 848 3804 τε
872 3753 919 3802 καὶ
939 3752 1046 3822 ἀστρων
1065 3747 1202 3808 συνόύους
1220 3746 1277 3814 (σο-

150 3846 250 3912 metas)
278 3848 356 3912 ἡλίου
383 3865 411 3899 τε
436 3849 482 3898 καὶ
508 3846 617 3910 σελήνης
642 3845 781 3908 ἐκλείψεις,
801 3839 1013 3911 ἐύειματοῡντο,
1043 3837 1127 3896 θεοὺς
1154 3837 1278 3908 οἰόμενοι

150 3937 259 3988 τούτων
279 3939 384 3996 αἰτίους
403 3933 479 3987 εἶναι.
518 3931 577 3984 Non
594 3932 637 3984 est
654 3946 709 3983 una
727 3927 856 3997 quaedam
876 3927 966 3980 anima
980 3921 1071 3976 mundi
1086 3922 1130 3976 sed
1144 3939 1190 3991 per
1202 3939 1278 3976 mum-

150 4021 216 4076 dum
246 4022 342 4076 diffuse
366 4023 462 4076 mentis
491 4020 621 4090 principia
639 4019 735 4090 (ἀρχαὶ
753 4015 869 4088 νοεραί).
895 4009 1177 4082 051fl1.0.1u1.14„
1213 4021 1280 4064 νοῦν

148 4114 206 4185 μὲν
224 4114 279 4186 γάρ
297 4112 367 4165 εἶναι
386 4114 434 4164 τὸν
451 4114 519 4164 θεὸν
538 4111 704 4182 ἰσχυρίζεται
722 4111 769 4161 καὶ
789 4107 882 4168 αὐτός,
912 4103 983 4168 πλὴν
1001 4103 1030 4154 ἐν
1049 4103 1116 4172 πυρὶ
1135 4117 1278 4172 σφαιροει-

228 4376 376 4444 l)1teest
395 4375 466 4445 apud
484 4375 556 4430 mue.
576 4375 632 4430 Def.
653 4374 729 4429 Oeae.
750 4371 798 4436 173
818 4369 876 4422 vie.
895 4364 990 4420 Aemil.
1008 4363 1099 4418 Paulli
1114 4381 1135 4420 e.
1152 4367 1176 4420 1.
1202 4365 1282 4436 Apud

150 4463 261 4518 Sextum
281 4467 406 4535 εὐλόγων.
440 4465 481 4519 cf.
501 4471 544 4519 ΒΡ
570 4480 630 4534 pag.
652 4463 702 4518 165
722 4463 775 4514 not.
796 4461 821 4514 2.
