<?xml version="1.0" encoding="UTF-8"?>
<!DOCTYPE html PUBLIC "-//W3C//DTD XHTML 1.0 Transitional//EN"
    "http://www.w3.org/TR/xhtml1/DTD/xhtml1-transitional.dtd">
<html xmlns="http://www.w3.org/1999/xhtml" xml:lang="en" lang="en">
 <head>
  <title>
</title>
<meta http-equiv="Content-Type" content="text/html;charset=utf-8" />
  <meta name='ocr-system' content='tesseract 3.04.00' />
  <meta name='ocr-capabilities' content='ocr_page ocr_carea ocr_par ocr_line ocrx_word'/>
</head>
<body>
  <div class='ocr_page' id='page_1' title='image "./historiaphiloso00rittgoog_0279.png"; bbox 0 0 3130 4980; ppageno 0'>
   <div class='ocr_carea' id='block_1_1' title="bbox 671 379 1297 454">
    <p class='ocr_par' dir='ltr' id='par_1_1' title="bbox 671 379 1297 454">
     <span class='ocr_line' id='line_1_1' title="bbox 671 379 1297 454; baseline 0.01 -18"><span class='ocrx_word' id='word_1_1' title='bbox 671 383 790 454; x_wconf 77' lang='lat' dir='ltr'><strong>Physica.</strong></span> <span class='ocrx_word' id='word_1_2' title='bbox 1244 379 1297 442; x_wconf 75' lang='lat'><em>271</em></span> 
     </span>
    </p>
   </div>
   <div class='ocr_carea' id='block_1_2' title="bbox 171 539 1491 2354">
    <p class='ocr_par' dir='ltr' id='par_1_2' title="bbox 173 539 1491 2122">
     <span class='ocr_line' id='line_1_2' title="bbox 177 539 1297 630; baseline -0.001 -21"><span class='ocrx_word' id='word_1_3' title='bbox 177 542 237 626; x_wconf 77' lang='grc' dir='ltr'><em>μὲν</em></span> <span class='ocrx_word' id='word_1_4' title='bbox 260 543 359 622; x_wconf 85' lang='grc' dir='ltr'><em>καλὸς</em></span> <span class='ocrx_word' id='word_1_5' title='bbox 377 545 445 626; x_wconf 81' lang='grc' dir='ltr'><em>δμα</em></span> <span class='ocrx_word' id='word_1_6' title='bbox 468 539 505 608; x_wconf 84' lang='grc' dir='ltr'><em>δὲ</em></span> <span class='ocrx_word' id='word_1_7' title='bbox 520 542 648 628; x_wconf 84' lang='grc' dir='ltr'><em>ἀγαθὸς</em></span> <span class='ocrx_word' id='word_1_8' title='bbox 664 539 774 629; x_wconf 83' lang='grc' dir='ltr'><em>ὀρθῶς</em></span> <span class='ocrx_word' id='word_1_9' title='bbox 789 543 1017 630; x_wconf 78' lang='grc' dir='ltr'><em>κεκλήσεσθαι.</em></span> <span class='ocrx_word' id='word_1_10' title='bbox 1041 579 1084 590; x_wconf 86' lang='lat'><em>--</em></span> <span class='ocrx_word' id='word_1_11' title='bbox 1109 551 1150 609; x_wconf 88' lang='grc'><em>89</em></span> <span class='ocrx_word' id='word_1_12' title='bbox 1162 545 1199 608; x_wconf 83' lang='grc' dir='ltr'><em>Ε.</em></span> <span class='ocrx_word' id='word_1_13' title='bbox 1222 549 1297 608; x_wconf 90' lang='grc' dir='ltr'><em>Κα-</em></span> 
     </span>
     <span class='ocr_line' id='line_1_3' title="bbox 178 643 1296 738; baseline -0.002 -21"><span class='ocrx_word' id='word_1_14' title='bbox 178 643 293 738; x_wconf 95' lang='grc' dir='ltr'><em>θάπερ</em></span> <span class='ocrx_word' id='word_1_15' title='bbox 315 647 450 732; x_wconf 84' lang='grc' dir='ltr'><em>ε’ίπομεν</em></span> <span class='ocrx_word' id='word_1_16' title='bbox 473 648 644 730; x_wconf 81' lang='grc' dir='ltr'><em>πολλάκις,</em></span> <span class='ocrx_word' id='word_1_17' title='bbox 668 649 719 714; x_wconf 81' lang='grc' dir='ltr'><em>δτι</em></span> <span class='ocrx_word' id='word_1_18' title='bbox 742 645 819 736; x_wconf 92' lang='grc' dir='ltr'><em>τρία</em></span> <span class='ocrx_word' id='word_1_19' title='bbox 835 647 929 737; x_wconf 81' lang='grc' dir='ltr'><em>τριχῇ</em></span> <span class='ocrx_word' id='word_1_20' title='bbox 952 661 1057 737; x_wconf 75' lang='grc' dir='ltr'><em>ψυχῆς</em></span> <span class='ocrx_word' id='word_1_21' title='bbox 1079 647 1113 715; x_wconf 78' lang='grc' dir='ltr'><em>ἑν</em></span> <span class='ocrx_word' id='word_1_22' title='bbox 1135 651 1212 738; x_wconf 77' lang='grc' dir='ltr'><em>ἡμῖν</em></span> <span class='ocrx_word' id='word_1_23' title='bbox 1227 645 1296 738; x_wconf 83' lang='grc' dir='ltr'><em>εῖδη</em></span> 
     </span>
     <span class='ocr_line' id='line_1_4' title="bbox 178 751 1491 854; baseline -0.002 -33"><span class='ocrx_word' id='word_1_24' title='bbox 178 751 411 842; x_wconf 54' lang='grc' dir='ltr'><em>κατῴκισταιῑ),</em></span> <span class='ocrx_word' id='word_1_25' title='bbox 434 755 580 841; x_wconf 74' lang='grc' dir='ltr'><em>τυγχάνει</em></span> <span class='ocrx_word' id='word_1_26' title='bbox 604 754 641 822; x_wconf 82' lang='grc' dir='ltr'><em>δὲ</em></span> <span class='ocrx_word' id='word_1_27' title='bbox 664 753 800 821; x_wconf 70' lang='grc' dir='ltr'><em>ἕκαστον</em></span> <span class='ocrx_word' id='word_1_28' title='bbox 823 755 962 844; x_wconf 73' lang='grc' dir='ltr'><em>κινήσεις</em></span> <span class='ocrx_word' id='word_1_29' title='bbox 985 751 1068 837; x_wconf 73' lang='grc' dir='ltr'><em>ἔχον,</em></span> <span class='ocrx_word' id='word_1_30' title='bbox 1105 756 1187 822; x_wconf 74' lang='grc' dir='ltr'><em>οὕτω</em></span> <span class='ocrx_word' id='word_1_31' title='bbox 1210 757 1296 822; x_wconf 85' lang='grc' dir='ltr'><em>κατά</em></span> <span class='ocrx_word' id='word_1_32' title='bbox 1311 757 1491 854; x_wconf 53' lang='lat' dir='ltr'><em>cumn.</em></span> 
     </span>
     <span class='ocr_line' id='line_1_5' title="bbox 176 859 1297 950; baseline -0.001 -22"><span class='ocrx_word' id='word_1_33' title='bbox 176 861 282 928; x_wconf 83' lang='grc' dir='ltr'><em>ταάτά</em></span> <span class='ocrx_word' id='word_1_34' title='bbox 304 861 362 928; x_wconf 83' lang='grc' dir='ltr'><em>καὶ</em></span> <span class='ocrx_word' id='word_1_35' title='bbox 384 873 438 927; x_wconf 79' lang='grc' dir='ltr'><em>νῦν</em></span> <span class='ocrx_word' id='word_1_36' title='bbox 461 863 505 940; x_wconf 83' lang='grc' dir='ltr'><em>ὡς</em></span> <span class='ocrx_word' id='word_1_37' title='bbox 528 863 584 928; x_wconf 85' lang='grc' dir='ltr'><em>διὰ</em></span> <span class='ocrx_word' id='word_1_38' title='bbox 606 862 816 950; x_wconf 80' lang='grc' dir='ltr'><em>βραχυτάτων</em></span> <span class='ocrx_word' id='word_1_39' title='bbox 839 859 959 950; x_wconf 80' lang='grc' dir='ltr'><em>ῥητέον,</em></span> <span class='ocrx_word' id='word_1_40' title='bbox 983 862 1035 928; x_wconf 82' lang='grc' dir='ltr'><em>δτι</em></span> <span class='ocrx_word' id='word_1_41' title='bbox 1057 862 1100 934; x_wconf 79' lang='grc' dir='ltr'><em>τὸ,</em></span> <span class='ocrx_word' id='word_1_42' title='bbox 1117 860 1176 945; x_wconf 82' lang='grc' dir='ltr'><em>μὲν</em></span> <span class='ocrx_word' id='word_1_43' title='bbox 1191 860 1297 927; x_wconf 77' lang='grc' dir='ltr'><em>αὐτῶν</em></span> 
     </span>
     <span class='ocr_line' id='line_1_6' title="bbox 173 965 1297 1058; baseline -0.004 -22"><span class='ocrx_word' id='word_1_44' title='bbox 173 967 211 1036; x_wconf 71' lang='grc' dir='ltr'><em>ἐν</em></span> <span class='ocrx_word' id='word_1_45' title='bbox 244 967 341 1058; x_wconf 79' lang='grc' dir='ltr'><em>ἀργίᾳ</em></span> <span class='ocrx_word' id='word_1_46' title='bbox 376 969 488 1054; x_wconf 87' lang='grc' dir='ltr'><em>διάγον</em></span> <span class='ocrx_word' id='word_1_47' title='bbox 522 967 580 1034; x_wconf 84' lang='grc' dir='ltr'><em>καὶ</em></span> <span class='ocrx_word' id='word_1_48' title='bbox 614 981 678 1034; x_wconf 78' lang='grc' dir='ltr'><em>τῶν</em></span> <span class='ocrx_word' id='word_1_49' title='bbox 713 965 829 1036; x_wconf 77' lang='grc' dir='ltr'><em>ἑαυτοῦ</em></span> <span class='ocrx_word' id='word_1_50' title='bbox 866 969 1019 1057; x_wconf 84' lang='grc' dir='ltr'><em>κινήσεων</em></span> <span class='ocrx_word' id='word_1_51' title='bbox 1053 965 1186 1058; x_wconf 77' lang='grc' dir='ltr'><em>ἡσυχίαν</em></span> <span class='ocrx_word' id='word_1_52' title='bbox 1219 967 1297 1052; x_wconf 83' lang='grc' dir='ltr'><em>ἀγον</em></span> 
     </span>
     <span class='ocr_line' id='line_1_7' title="bbox 175 1066 1296 1163; baseline -0.004 -21"><span class='ocrx_word' id='word_1_53' title='bbox 175 1074 414 1142; x_wconf 81' lang='grc' dir='ltr'><em>ἀσθενέστατον</em></span> <span class='ocrx_word' id='word_1_54' title='bbox 443 1075 565 1163; x_wconf 86' lang='grc' dir='ltr'><em>ἀνάγκη</em></span> <span class='ocrx_word' id='word_1_55' title='bbox 597 1072 784 1160; x_wconf 84' lang='grc' dir='ltr'><em>γίγνεσθαι,</em></span> <span class='ocrx_word' id='word_1_56' title='bbox 814 1077 853 1140; x_wconf 87' lang='grc' dir='ltr'><em>τὸ</em></span> <span class='ocrx_word' id='word_1_57' title='bbox 876 1066 908 1140; x_wconf 77' lang='grc' dir='ltr'><em>δ’</em></span> <span class='ocrx_word' id='word_1_58' title='bbox 927 1073 961 1140; x_wconf 79' lang='grc' dir='ltr'><em>ἐν</em></span> <span class='ocrx_word' id='word_1_59' title='bbox 982 1071 1173 1160; x_wconf 84' lang='grc' dir='ltr'><em>γυμνασίοις</em></span> <span class='ocrx_word' id='word_1_60' title='bbox 1195 1073 1296 1162; x_wconf 78' lang='grc' dir='ltr'><em>ἐρρω-</em></span> 
     </span>
     <span class='ocr_line' id='line_1_8' title="bbox 174 1178 1363 1270; baseline -0.004 -21"><span class='ocrx_word' id='word_1_61' title='bbox 174 1180 383 1266; x_wconf 79' lang='grc' dir='ltr'><em>μενέστατον·</em></span> <span class='ocrx_word' id='word_1_62' title='bbox 438 1183 489 1248; x_wconf 87' lang='grc' dir='ltr'><em>διὸ</em></span> <span class='ocrx_word' id='word_1_63' title='bbox 525 1181 706 1270; x_wconf 80' lang='grc' dir='ltr'><em>φυλακτέον</em></span> <span class='ocrx_word' id='word_1_64' title='bbox 740 1183 832 1260; x_wconf 76' lang='grc' dir='ltr'><em>ὅπως</em></span> <span class='ocrx_word' id='word_1_65' title='bbox 866 1182 905 1247; x_wconf 76' lang='grc' dir='ltr'><em>ἀν</em></span> <span class='ocrx_word' id='word_1_66' title='bbox 939 1178 1035 1264; x_wconf 76' lang='grc' dir='ltr'><em>ἔχωσι</em></span> <span class='ocrx_word' id='word_1_67' title='bbox 1064 1183 1124 1259; x_wconf 82' lang='grc' dir='ltr'><em>τὰς</em></span> <span class='ocrx_word' id='word_1_68' title='bbox 1157 1182 1296 1269; x_wconf 84' lang='grc' dir='ltr'><em>κινήσεις</em></span> <span class='ocrx_word' id='word_1_69' title='bbox 1360 1239 1363 1244; x_wconf 25' lang='lat'><strong>⁴</strong></span> 
     </span>
     <span class='ocr_line' id='line_1_9' title="bbox 176 1275 1293 1378; baseline -0.002 -24"><span class='ocrx_word' id='word_1_70' title='bbox 176 1291 260 1378; x_wconf 86' lang='grc' dir='ltr'><em>πρὸς</em></span> <span class='ocrx_word' id='word_1_71' title='bbox 283 1287 419 1378; x_wconf 83' lang='grc' dir='ltr'><em>δίλληλαΙ</em></span> <span class='ocrx_word' id='word_1_72' title='bbox 432 1287 647 1377; x_wconf 85' lang='grc' dir='ltr'><em>συμμέτρους·</em></span> <span class='ocrx_word' id='word_1_73' title='bbox 694 1290 732 1355; x_wconf 88' lang='grc' dir='ltr'><em>τὸ</em></span> <span class='ocrx_word' id='word_1_74' title='bbox 755 1287 791 1354; x_wconf 83' lang='grc' dir='ltr'><em>δὲ</em></span> <span class='ocrx_word' id='word_1_75' title='bbox 807 1287 884 1376; x_wconf 83' lang='grc' dir='ltr'><em>περὶ</em></span> <span class='ocrx_word' id='word_1_76' title='bbox 907 1299 964 1356; x_wconf 81' lang='grc' dir='ltr'><em>τοῦ</em></span> <span class='ocrx_word' id='word_1_77' title='bbox 986 1285 1185 1376; x_wconf 89' lang='grc' dir='ltr'><em>κυριωτάτου</em></span> <span class='ocrx_word' id='word_1_78' title='bbox 1209 1275 1293 1376; x_wconf 74' lang='grc' dir='ltr'><em>παρ’</em></span> 
     </span>
     <span class='ocr_line' id='line_1_10' title="bbox 174 1389 1297 1484; baseline -0.002 -24"><span class='ocrx_word' id='word_1_79' title='bbox 174 1397 256 1484; x_wconf 58' lang='grc' dir='ltr'><em>ἡμῖν,</em></span> <span class='ocrx_word' id='word_1_80' title='bbox 280 1407 386 1484; x_wconf 79' lang='grc' dir='ltr'><em>ψυχῆς</em></span> <span class='ocrx_word' id='word_1_81' title='bbox 415 1393 521 1473; x_wconf 82' lang='grc' dir='ltr'><em>εἴδους</em></span> <span class='ocrx_word' id='word_1_82' title='bbox 544 1396 753 1464; x_wconf 88' lang='grc' dir='ltr'><em>διανοεῖσθαι</em></span> <span class='ocrx_word' id='word_1_83' title='bbox 776 1395 826 1460; x_wconf 91' lang='grc' dir='ltr'><em>δεῖ</em></span> <span class='ocrx_word' id='word_1_84' title='bbox 848 1393 940 1483; x_wconf 75' lang='grc' dir='ltr'><em>τῇδε,</em></span> <span class='ocrx_word' id='word_1_85' title='bbox 965 1395 1009 1473; x_wconf 88' lang='grc' dir='ltr'><em>ὡς</em></span> <span class='ocrx_word' id='word_1_86' title='bbox 1031 1393 1096 1482; x_wconf 85' lang='grc' dir='ltr'><em>δίρα</em></span> <span class='ocrx_word' id='word_1_87' title='bbox 1119 1392 1198 1460; x_wconf 80' lang='grc' dir='ltr'><em>αὐτὸ</em></span> <span class='ocrx_word' id='word_1_88' title='bbox 1222 1389 1297 1459; x_wconf 92' lang='grc' dir='ltr'><em>δαί-</em></span> 
     </span>
     <span class='ocr_line' id='line_1_11' title="bbox 174 1497 1296 1590; baseline -0.002 -23"><span class='ocrx_word' id='word_1_89' title='bbox 174 1525 258 1584; x_wconf 85' lang='grc' dir='ltr'><em>μονα</em></span> <span class='ocrx_word' id='word_1_90' title='bbox 288 1503 367 1580; x_wconf 84' lang='grc' dir='ltr'><em>θεὸς</em></span> <span class='ocrx_word' id='word_1_91' title='bbox 396 1498 522 1588; x_wconf 75' lang='grc' dir='ltr'><em>ἑκάστην</em></span> <span class='ocrx_word' id='word_1_92' title='bbox 553 1501 687 1583; x_wconf 83' lang='grc' dir='ltr'><em>δέδωκε,</em></span> <span class='ocrx_word' id='word_1_93' title='bbox 723 1511 818 1568; x_wconf 85' lang='grc' dir='ltr'><em>τοῦτο</em></span> <span class='ocrx_word' id='word_1_94' title='bbox 855 1498 874 1568; x_wconf 81' lang='grc' dir='ltr'>ὃ</span> <span class='ocrx_word' id='word_1_95' title='bbox 903 1502 942 1590; x_wconf 81' lang='grc' dir='ltr'><em>δή</em></span> <span class='ocrx_word' id='word_1_96' title='bbox 971 1525 1079 1590; x_wconf 83' lang='grc' dir='ltr'><em>φαμεν</em></span> <span class='ocrx_word' id='word_1_97' title='bbox 1107 1497 1208 1568; x_wconf 82' lang='grc' dir='ltr'><em>οἰκεῖν</em></span> <span class='ocrx_word' id='word_1_98' title='bbox 1235 1499 1296 1584; x_wconf 77' lang='grc' dir='ltr'><em>μὲν</em></span> 
     </span>
     <span class='ocr_line' id='line_1_12' title="bbox 173 1599 1295 1697; baseline -0.001 -24"><span class='ocrx_word' id='word_1_99' title='bbox 173 1609 264 1696; x_wconf 71' lang='grc' dir='ltr'><em>ἡμῶν</em></span> <span class='ocrx_word' id='word_1_100' title='bbox 286 1599 342 1674; x_wconf 77' lang='grc' dir='ltr'><em>ἐπ’</em></span> <span class='ocrx_word' id='word_1_101' title='bbox 369 1608 458 1697; x_wconf 84' lang='grc' dir='ltr'><em>ίίκρφ</em></span> <span class='ocrx_word' id='word_1_102' title='bbox 481 1609 530 1696; x_wconf 75' lang='grc' dir='ltr'><em>τῷ</em></span> <span class='ocrx_word' id='word_1_103' title='bbox 553 1610 696 1692; x_wconf 86' lang='grc' dir='ltr'><em>σώματι,</em></span> <span class='ocrx_word' id='word_1_104' title='bbox 732 1610 817 1696; x_wconf 87' lang='grc' dir='ltr'><em>πρὸς</em></span> <span class='ocrx_word' id='word_1_105' title='bbox 839 1607 956 1697; x_wconf 78' lang='grc' dir='ltr'><em>δὲτὴν</em></span> <span class='ocrx_word' id='word_1_106' title='bbox 977 1607 1012 1675; x_wconf 80' lang='grc' dir='ltr'><em>’ἓν</em></span> <span class='ocrx_word' id='word_1_107' title='bbox 1035 1606 1161 1697; x_wconf 77' lang='grc' dir='ltr'><em>οὐρανῷ</em></span> <span class='ocrx_word' id='word_1_108' title='bbox 1183 1605 1295 1693; x_wconf 78' lang='grc' dir='ltr'><em>ξυγγί-</em></span> 
     </span>
     <span class='ocr_line' id='line_1_13' title="bbox 174 1711 1295 1804; baseline -0.001 -25"><span class='ocrx_word' id='word_1_109' title='bbox 174 1737 262 1780; x_wconf 87' lang='grc' dir='ltr'><em>νειαν</em></span> <span class='ocrx_word' id='word_1_110' title='bbox 284 1714 352 1780; x_wconf 87' lang='grc' dir='ltr'><em>ἀπὸ</em></span> <span class='ocrx_word' id='word_1_111' title='bbox 375 1728 432 1804; x_wconf 79' lang='grc' dir='ltr'><em>γης</em></span> <span class='ocrx_word' id='word_1_112' title='bbox 455 1718 540 1804; x_wconf 75' lang='grc' dir='ltr'><em>ἡμᾶς</em></span> <span class='ocrx_word' id='word_1_113' title='bbox 565 1711 669 1802; x_wconf 79' lang='grc' dir='ltr'><em>αἴρειν</em></span> <span class='ocrx_word' id='word_1_114' title='bbox 691 1716 735 1794; x_wconf 86' lang='grc' dir='ltr'><em>ὡς</em></span> <span class='ocrx_word' id='word_1_115' title='bbox 753 1711 849 1794; x_wconf 80' lang='grc' dir='ltr'><em>δντας</em></span> <span class='ocrx_word' id='word_1_116' title='bbox 873 1716 973 1804; x_wconf 88' lang='grc' dir='ltr'><em>φυτὸν</em></span> <span class='ocrx_word' id='word_1_117' title='bbox 996 1713 1054 1782; x_wconf 79' lang='grc' dir='ltr'><em>οὐκ</em></span> <span class='ocrx_word' id='word_1_118' title='bbox 1078 1711 1197 1801; x_wconf 73' lang='grc' dir='ltr'><em>ἔγγειον</em></span> <span class='ocrx_word' id='word_1_119' title='bbox 1212 1713 1295 1779; x_wconf 85' lang='grc' dir='ltr'><em>ἀλλά</em></span> 
     </span>
     <span class='ocr_line' id='line_1_14' title="bbox 174 1819 1294 1911; baseline -0.003 -23"><span class='ocrx_word' id='word_1_120' title='bbox 174 1819 335 1910; x_wconf 77' lang='grc' dir='ltr'><em>οὐράνιον,</em></span> <span class='ocrx_word' id='word_1_121' title='bbox 371 1820 543 1910; x_wconf 82' lang='grc' dir='ltr'><em>ὀρθότατα</em></span> <span class='ocrx_word' id='word_1_122' title='bbox 573 1822 733 1908; x_wconf 82' lang='grc' dir='ltr'><em>λέγοντες·</em></span> <span class='ocrx_word' id='word_1_123' title='bbox 779 1821 905 1888; x_wconf 78' lang='grc' dir='ltr'><em>ἐκεῖθεν</em></span> <span class='ocrx_word' id='word_1_124' title='bbox 927 1823 1004 1911; x_wconf 84' lang='grc' dir='ltr'><em>γάρ,</em></span> <span class='ocrx_word' id='word_1_125' title='bbox 1036 1823 1114 1888; x_wconf 82' lang='grc' dir='ltr'><em>ὅθεν</em></span> <span class='ocrx_word' id='word_1_126' title='bbox 1136 1823 1156 1909; x_wconf 81' lang='grc' dir='ltr'><em>ἦ</em></span> <span class='ocrx_word' id='word_1_127' title='bbox 1179 1821 1294 1910; x_wconf 80' lang='grc' dir='ltr'><em>πρώτη</em></span> 
     </span>
     <span class='ocr_line' id='line_1_15' title="bbox 174 1925 1295 2017; baseline 0 -25"><span class='ocrx_word' id='word_1_128' title='bbox 174 1940 231 2015; x_wconf 81' lang='grc' dir='ltr'><em>της</em></span> <span class='ocrx_word' id='word_1_129' title='bbox 262 1940 368 2016; x_wconf 73' lang='grc' dir='ltr'><em>ψυχῆς</em></span> <span class='ocrx_word' id='word_1_130' title='bbox 397 1927 517 2013; x_wconf 83' lang='grc' dir='ltr'><em>γένεσις</em></span> <span class='ocrx_word' id='word_1_131' title='bbox 550 1925 627 2017; x_wconf 72' lang='grc' dir='ltr'><em>ἔφυ,</em></span> <span class='ocrx_word' id='word_1_132' title='bbox 663 1931 701 1996; x_wconf 86' lang='grc' dir='ltr'><em>τὸ</em></span> <span class='ocrx_word' id='word_1_133' title='bbox 735 1932 828 1994; x_wconf 89' lang='grc' dir='ltr'><em>θεῖον</em></span> <span class='ocrx_word' id='word_1_134' title='bbox 858 1930 915 2016; x_wconf 81' lang='grc' dir='ltr'><em>τὴν</em></span> <span class='ocrx_word' id='word_1_135' title='bbox 945 1928 1088 2016; x_wconf 78' lang='grc' dir='ltr'><em>κεφαλὴν</em></span> <span class='ocrx_word' id='word_1_136' title='bbox 1117 1926 1175 1994; x_wconf 83' lang='grc' dir='ltr'><em>καὶ</em></span> <span class='ocrx_word' id='word_1_137' title='bbox 1204 1925 1295 2016; x_wconf 86' lang='grc' dir='ltr'><em>ῥίζαν</em></span> 
     </span>
     <span class='ocr_line' id='line_1_16' title="bbox 173 2033 939 2122; baseline 0.003 -24"><span class='ocrx_word' id='word_1_138' title='bbox 173 2034 263 2120; x_wconf 75' lang='grc' dir='ltr'><em>ἡμῶν</em></span> <span class='ocrx_word' id='word_1_139' title='bbox 285 2033 520 2122; x_wconf 85' lang='grc' dir='ltr'><em>ἀνακρεμαννὺν</em></span> <span class='ocrx_word' id='word_1_140' title='bbox 544 2033 643 2122; x_wconf 85' lang='grc' dir='ltr'><em>ὀρθοῖ</em></span> <span class='ocrx_word' id='word_1_141' title='bbox 665 2045 733 2100; x_wconf 80' lang='grc' dir='ltr'><em>πᾶν</em></span> <span class='ocrx_word' id='word_1_142' title='bbox 755 2036 794 2100; x_wconf 90' lang='grc' dir='ltr'><em>τδ</em></span> <span class='ocrx_word' id='word_1_143' title='bbox 815 2045 939 2118; x_wconf 57' lang='grc' dir='ltr'><em>σῶμαῦ.</em></span> 
     </span>
    </p>

    <p class='ocr_par' dir='ltr' id='par_1_3' title="bbox 171 2193 1294 2354">
     <span class='ocr_line' id='line_1_17' title="bbox 245 2193 1292 2266; baseline 0.002 -20"><span class='ocrx_word' id='word_1_144' title='bbox 245 2207 273 2247; x_wconf 87' lang='lat' dir='ltr'><em>a.</em></span> <span class='ocrx_word' id='word_1_145' title='bbox 294 2193 330 2248; x_wconf 83' lang='lat' dir='ltr'><em>cf.</em></span> <span class='ocrx_word' id='word_1_146' title='bbox 349 2194 450 2248; x_wconf 82' lang='lat' dir='ltr'>Philcb.</span> <span class='ocrx_word' id='word_1_147' title='bbox 471 2195 586 2266; x_wconf 83' lang='grc' dir='ltr'><em>64Εεη.</em></span> <span class='ocrx_word' id='word_1_148' title='bbox 623 2195 721 2248; x_wconf 86' lang='lat' dir='ltr'>Eodem</span> <span class='ocrx_word' id='word_1_149' title='bbox 741 2196 845 2266; x_wconf 73' lang='lat' dir='ltr'><em>spectat</em></span> <span class='ocrx_word' id='word_1_150' title='bbox 863 2194 947 2248; x_wconf 82' lang='lat' dir='ltr'><strong>omnis</strong></span> <span class='ocrx_word' id='word_1_151' title='bbox 970 2193 1065 2248; x_wconf 86' lang='lat' dir='ltr'><strong>amoris</strong></span> <span class='ocrx_word' id='word_1_152' title='bbox 1090 2194 1292 2261; x_wconf 74' lang='lat' dir='ltr'><em>commendati03</em></span> 
     </span>
     <span class='ocr_line' id='line_1_18' title="bbox 171 2282 1294 2354; baseline 0.002 -20"><span class='ocrx_word' id='word_1_153' title='bbox 171 2297 234 2334; x_wconf 90' lang='lat' dir='ltr'><em>nam</em></span> <span class='ocrx_word' id='word_1_154' title='bbox 257 2298 343 2336; x_wconf 89' lang='lat' dir='ltr'><strong>amore</strong></span> <span class='ocrx_word' id='word_1_155' title='bbox 366 2283 474 2336; x_wconf 83' lang='lat' dir='ltr'>ferimur</span> <span class='ocrx_word' id='word_1_156' title='bbox 499 2283 532 2336; x_wconf 85' lang='lat' dir='ltr'><em>ad</em></span> <span class='ocrx_word' id='word_1_157' title='bbox 556 2284 707 2354; x_wconf 84' lang='lat' dir='ltr'>pulchrum,</span> <span class='ocrx_word' id='word_1_158' title='bbox 736 2283 840 2354; x_wconf 82' lang='lat' dir='ltr'>pulchri</span> <span class='ocrx_word' id='word_1_159' title='bbox 865 2299 924 2338; x_wconf 87' lang='lat' dir='ltr'><em>vero</em></span> <span class='ocrx_word' id='word_1_160' title='bbox 950 2282 1121 2337; x_wconf 76' lang='lat' dir='ltr'><strong>admiratione</strong></span> <span class='ocrx_word' id='word_1_161' title='bbox 1139 2285 1219 2354; x_wconf 72' lang='lat' dir='ltr'>atque</span> <span class='ocrx_word' id='word_1_162' title='bbox 1237 2299 1294 2354; x_wconf 90' lang='lat' dir='ltr'>per·</span> 
     </span>
    </p>
   </div>
   <div class='ocr_carea' id='block_1_3' title="bbox 171 2370 1293 2530">
    <p class='ocr_par' dir='ltr' id='par_1_4' title="bbox 171 2370 1293 2530">
     <span class='ocr_line' id='line_1_19' title="bbox 171 2370 1293 2442; baseline 0.003 -19"><span class='ocrx_word' id='word_1_163' title='bbox 171 2370 291 2440; x_wconf 77' lang='lat' dir='ltr'>ceptione</span> <span class='ocrx_word' id='word_1_164' title='bbox 309 2371 343 2424; x_wconf 87' lang='lat' dir='ltr'><em>ad</em></span> <span class='ocrx_word' id='word_1_165' title='bbox 362 2372 458 2426; x_wconf 90' lang='lat' dir='ltr'><strong>bonum</strong></span> <span class='ocrx_word' id='word_1_166' title='bbox 477 2373 505 2426; x_wconf 78' lang='lat' dir='ltr'><em>et</em></span> <span class='ocrx_word' id='word_1_167' title='bbox 523 2390 613 2428; x_wconf 80' lang='lat' dir='ltr'>verum</span> <span class='ocrx_word' id='word_1_168' title='bbox 626 2373 787 2439; x_wconf 80' lang='lat' dir='ltr'>adducimur,</span> <span class='ocrx_word' id='word_1_169' title='bbox 807 2371 877 2442; x_wconf 88' lang='lat' dir='ltr'><em>quod</em></span> <span class='ocrx_word' id='word_1_170' title='bbox 896 2389 977 2426; x_wconf 89' lang='lat' dir='ltr'><em>unum</em></span> <span class='ocrx_word' id='word_1_171' title='bbox 994 2371 1114 2442; x_wconf 83' lang='lat' dir='ltr'>idemque</span> <span class='ocrx_word' id='word_1_172' title='bbox 1129 2374 1170 2425; x_wconf 76' lang='lat' dir='ltr'><em>eei</em></span> <span class='ocrx_word' id='word_1_173' title='bbox 1184 2371 1293 2426; x_wconf 80' lang='lat' dir='ltr'>diversis</span> 
     </span>
     <span class='ocr_line' id='line_1_20' title="bbox 171 2459 821 2530; baseline 0.006 -18"><span class='ocrx_word' id='word_1_174' title='bbox 171 2459 321 2513; x_wconf 82' lang='lat' dir='ltr'><strong>nominibus</strong></span> <span class='ocrx_word' id='word_1_175' title='bbox 339 2461 510 2530; x_wconf 77' lang='lat' dir='ltr'><em>appellatum,</em></span> <span class='ocrx_word' id='word_1_176' title='bbox 529 2479 552 2516; x_wconf 83' lang='lat' dir='ltr'><em>v.</em></span> <span class='ocrx_word' id='word_1_177' title='bbox 572 2467 615 2514; x_wconf 73' lang='lat' dir='ltr'><em>BP</em></span> <span class='ocrx_word' id='word_1_178' title='bbox 634 2461 718 2528; x_wconf 80' lang='grc' dir='ltr'><em>244δ,</em></span> <span class='ocrx_word' id='word_1_179' title='bbox 739 2462 821 2516; x_wconf 71' lang='lat' dir='ltr'><em>adea.</em></span> 
     </span>
    </p>
   </div>
   <div class='ocr_carea' id='block_1_4' title="bbox 243 2582 491 2640">
    <p class='ocr_par' dir='ltr' id='par_1_5' title="bbox 243 2582 491 2640">
     <span class='ocr_line' id='line_1_21' title="bbox 243 2582 491 2640; baseline 0.008 -2"><span class='ocrx_word' id='word_1_180' title='bbox 243 2582 273 2638; x_wconf 82' lang='grc'><em>1).</em></span> <span class='ocrx_word' id='word_1_181' title='bbox 294 2583 332 2638; x_wconf 83' lang='lat' dir='ltr'><em>Cf.</em></span> <span class='ocrx_word' id='word_1_182' title='bbox 347 2589 390 2638; x_wconf 68' lang='grc' dir='ltr'><em>ΒΡ</em></span> <span class='ocrx_word' id='word_1_183' title='bbox 409 2585 491 2640; x_wconf 70' lang='lat' dir='ltr'><em>acea.</em></span> 
     </span>
    </p>
   </div>
   <div class='ocr_carea' id='block_1_5' title="bbox 170 2707 1292 3044">
    <p class='ocr_par' dir='ltr' id='par_1_6' title="bbox 170 2707 1292 3044">
     <span class='ocr_line' id='line_1_22' title="bbox 243 2707 1292 2779; baseline -0.001 -17"><span class='ocrx_word' id='word_1_184' title='bbox 243 2708 391 2762; x_wconf 76' lang='lat' dir='ltr'><strong>asinina</strong></span> <span class='ocrx_word' id='word_1_185' title='bbox 415 2709 485 2779; x_wconf 89' lang='lat' dir='ltr'><em>apud</em></span> <span class='ocrx_word' id='word_1_186' title='bbox 502 2710 667 2764; x_wconf 81' lang='lat' dir='ltr'>Heraclitum</span> <span class='ocrx_word' id='word_1_187' title='bbox 684 2710 805 2764; x_wconf 71' lang='lat' dir='ltr'>121³40b</span> <span class='ocrx_word' id='word_1_188' title='bbox 831 2712 859 2763; x_wconf 83' lang='lat' dir='ltr'><em>ct</em></span> <span class='ocrx_word' id='word_1_189' title='bbox 876 2707 1058 2778; x_wconf 82' lang='lat' dir='ltr'><strong>Anaxagoram</strong></span> <span class='ocrx_word' id='word_1_190' title='bbox 1080 2713 1123 2762; x_wconf 68' lang='lat' dir='ltr'><em>a?</em></span> <span class='ocrx_word' id='word_1_191' title='bbox 1142 2709 1233 2775; x_wconf 66' lang='lat' dir='ltr'><em>mum</em></span> <span class='ocrx_word' id='word_1_192' title='bbox 1261 2723 1292 2761; x_wconf 81' lang='lat' dir='ltr'><em>cx</em></span> 
     </span>
     <span class='ocr_line' id='line_1_23' title="bbox 171 2797 1291 2872; baseline 0.002 -23"><span class='ocrx_word' id='word_1_193' title='bbox 171 2797 360 2866; x_wconf 77' lang='lat' dir='ltr'>poetem&#39;oribue</span> <span class='ocrx_word' id='word_1_194' title='bbox 385 2797 416 2852; x_wconf 86' lang='lat' dir='ltr'><em>cf.</em></span> <span class='ocrx_word' id='word_1_195' title='bbox 435 2797 515 2852; x_wconf 85' lang='lat' dir='ltr'>Marc.</span> <span class='ocrx_word' id='word_1_196' title='bbox 535 2797 661 2852; x_wconf 81' lang='lat' dir='ltr'><strong>Antonin.</strong></span> <span class='ocrx_word' id='word_1_197' title='bbox 680 2797 705 2850; x_wconf 90' lang='lat' dir='ltr'><strong>V</strong></span> <span class='ocrx_word' id='word_1_198' title='bbox 723 2799 756 2852; x_wconf 80' lang='lat'><em>27</em></span> <span class='ocrx_word' id='word_1_199' title='bbox 778 2801 792 2851; x_wconf 85' lang='grc' dir='ltr'>ὁ</span> <span class='ocrx_word' id='word_1_200' title='bbox 812 2799 936 2870; x_wconf 83' lang='grc' dir='ltr'><em>δαίμων,</em></span> <span class='ocrx_word' id='word_1_201' title='bbox 966 2799 998 2851; x_wconf 88' lang='grc' dir='ltr'><em>ὃν</em></span> <span class='ocrx_word' id='word_1_202' title='bbox 1022 2797 1127 2867; x_wconf 78' lang='grc' dir='ltr'><em>ἑκάστῳ</em></span> <span class='ocrx_word' id='word_1_203' title='bbox 1146 2799 1291 2872; x_wconf 84' lang='grc' dir='ltr'><em>παραστά-</em></span> 
     </span>
     <span class='ocr_line' id='line_1_24' title="bbox 172 2879 1290 2959; baseline 0 -22"><span class='ocrx_word' id='word_1_204' title='bbox 172 2905 222 2951; x_wconf 82' lang='grc' dir='ltr'><em>την</em></span> <span class='ocrx_word' id='word_1_205' title='bbox 239 2890 287 2939; x_wconf 83' lang='grc' dir='ltr'><em>καὶ</em></span> <span class='ocrx_word' id='word_1_206' title='bbox 304 2888 427 2958; x_wconf 80' lang='grc' dir='ltr'><em>ἡγεμόνα</em></span> <span class='ocrx_word' id='word_1_207' title='bbox 446 2889 461 2939; x_wconf 87' lang='grc' dir='ltr'><em>δ</em></span> <span class='ocrx_word' id='word_1_208' title='bbox 480 2889 549 2948; x_wconf 81' lang='grc' dir='ltr'><em>Ζεὺς</em></span> <span class='ocrx_word' id='word_1_209' title='bbox 566 2887 673 2952; x_wconf 80' lang='grc' dir='ltr'><em>ἔδωκεν,</em></span> <span class='ocrx_word' id='word_1_210' title='bbox 694 2889 873 2959; x_wconf 82' lang='grc' dir='ltr'><em>ἀπόσπασμα</em></span> <span class='ocrx_word' id='word_1_211' title='bbox 893 2887 1003 2941; x_wconf 77' lang='grc' dir='ltr'><em>ἑαυτοῦ·</em></span> <span class='ocrx_word' id='word_1_212' title='bbox 1035 2879 1113 2948; x_wconf 77' lang='grc' dir='ltr'><em>οὗτος</em></span> <span class='ocrx_word' id='word_1_213' title='bbox 1131 2887 1165 2940; x_wconf 76' lang='grc' dir='ltr'><em>δέ</em></span> <span class='ocrx_word' id='word_1_214' title='bbox 1181 2889 1257 2941; x_wconf 72' lang='grc' dir='ltr'><em>ἔστιν</em></span> <span class='ocrx_word' id='word_1_215' title='bbox 1275 2888 1290 2938; x_wconf 87' lang='grc' dir='ltr'>ὁ</span> 
     </span>
     <span class='ocr_line' id='line_1_25' title="bbox 170 2973 538 3044; baseline 0.003 -18"><span class='ocrx_word' id='word_1_216' title='bbox 170 2973 289 3028; x_wconf 76' lang='grc' dir='ltr'><em>ἑκάστου</em></span> <span class='ocrx_word' id='word_1_217' title='bbox 307 2985 369 3035; x_wconf 85' lang='grc' dir='ltr'><em>νοῦς</em></span> <span class='ocrx_word' id='word_1_218' title='bbox 387 2979 433 3028; x_wconf 82' lang='grc' dir='ltr'><em>καὶ</em></span> <span class='ocrx_word' id='word_1_219' title='bbox 451 2977 538 3044; x_wconf 84' lang='grc' dir='ltr'><em>λόγος.</em></span> 
     </span>
    </p>
   </div>
   <div class='ocr_carea' id='block_1_6' title="bbox 651 3720 807 3796">
    <p class='ocr_par' dir='ltr' id='par_1_7' title="bbox 651 3720 807 3796">
     <span class='ocr_line' id='line_1_26' title="bbox 651 3720 807 3796; baseline -0.013 0"><span class='ocrx_word' id='word_1_220' title='bbox 651 3720 807 3796; x_wconf 78' lang='lat' dir='ltr'><strong>Ethioa.</strong></span> 
     </span>
    </p>
   </div>
   <div class='ocr_carea' id='block_1_7' title="bbox 677 3916 784 3925">
    <p class='ocr_par' dir='ltr' id='par_1_8' title="bbox 677 3916 784 3925">
     <span class='ocr_line' id='line_1_27' title="bbox 677 3916 784 3925; baseline 0 -1"><span class='ocrx_word' id='word_1_221' title='bbox 677 3916 784 3925; x_wconf 52' lang='lat' dir='ltr'><em>——a</em></span> 
     </span>
    </p>
   </div>
   <div class='ocr_carea' id='block_1_8' title="bbox 115 4045 1465 4569">
    <p class='ocr_par' dir='ltr' id='par_1_9' title="bbox 115 4045 1465 4569">
     <span class='ocr_line' id='line_1_28' title="bbox 115 4045 1465 4134; baseline -0.01 -9"><span class='ocrx_word' id='word_1_222' title='bbox 115 4093 158 4134; x_wconf 69' lang='lat' dir='ltr'>m</span> <span class='ocrx_word' id='word_1_223' title='bbox 237 4059 368 4124; x_wconf 80' lang='lat' dir='ltr'><em>Theoci.</em></span> <span class='ocrx_word' id='word_1_224' title='bbox 391 4067 453 4124; x_wconf 82' lang='grc'><em>176</em></span> <span class='ocrx_word' id='word_1_225' title='bbox 466 4060 502 4122; x_wconf 86' lang='lat' dir='ltr'><em>A.</em></span> <span class='ocrx_word' id='word_1_226' title='bbox 546 4045 635 4120; x_wconf 72' lang='grc' dir='ltr'><em>Ἀλλ’</em></span> <span class='ocrx_word' id='word_1_227' title='bbox 661 4045 728 4122; x_wconf 67' lang='grc' dir='ltr'><em>οὔτ’</em></span> <span class='ocrx_word' id='word_1_228' title='bbox 756 4052 946 4121; x_wconf 84' lang='grc' dir='ltr'><em>ἀπολέσθαι</em></span> <span class='ocrx_word' id='word_1_229' title='bbox 969 4055 1011 4119; x_wconf 83' lang='grc' dir='ltr'><em>τά</em></span> <span class='ocrx_word' id='word_1_230' title='bbox 1034 4052 1121 4118; x_wconf 84' lang='grc' dir='ltr'><em>κακά</em></span> <span class='ocrx_word' id='word_1_231' title='bbox 1144 4049 1288 4131; x_wconf 89' lang='grc' dir='ltr'><em>δυνατόν,</em></span> <span class='ocrx_word' id='word_1_232' title='bbox 1317 4081 1465 4127; x_wconf 66' lang='lat' dir='ltr'><strong>annotina·</strong></span> 
     </span>
     <span class='ocr_line' id='line_1_29' title="bbox 169 4149 1289 4250; baseline -0.01 -20"><span class='ocrx_word' id='word_1_233' title='bbox 169 4161 197 4230; x_wconf 84' lang='grc' dir='ltr'><strong><em>ὦ</em></strong></span> <span class='ocrx_word' id='word_1_234' title='bbox 223 4163 378 4250; x_wconf 80' lang='grc' dir='ltr'><em>Θεόδωρε,</em></span> <span class='ocrx_word' id='word_1_235' title='bbox 408 4159 598 4228; x_wconf 79' lang='grc' dir='ltr'><em>ὑπεναντίον</em></span> <span class='ocrx_word' id='word_1_236' title='bbox 620 4160 681 4247; x_wconf 89' lang='grc' dir='ltr'><em>γάρ</em></span> <span class='ocrx_word' id='word_1_237' title='bbox 704 4185 737 4226; x_wconf 90' lang='grc' dir='ltr'><em>τι</em></span> <span class='ocrx_word' id='word_1_238' title='bbox 760 4161 808 4247; x_wconf 76' lang='grc' dir='ltr'><em>τῷ</em></span> <span class='ocrx_word' id='word_1_239' title='bbox 830 4159 951 4246; x_wconf 76' lang='grc' dir='ltr'><em>ἀγαθῷ</em></span> <span class='ocrx_word' id='word_1_240' title='bbox 974 4157 1024 4224; x_wconf 89' lang='grc' dir='ltr'><em>ἀεὶ</em></span> <span class='ocrx_word' id='word_1_241' title='bbox 1052 4149 1136 4224; x_wconf 82' lang='grc' dir='ltr'><em>εἶναι</em></span> <span class='ocrx_word' id='word_1_242' title='bbox 1159 4155 1289 4244; x_wconf 85' lang='grc' dir='ltr'><em>ἀνάγκη,</em></span> 
     </span>
     <span class='ocr_line' id='line_1_30' title="bbox 169 4259 1292 4356; baseline -0.01 -18"><span class='ocrx_word' id='word_1_243' title='bbox 169 4259 239 4338; x_wconf 72' lang='grc' dir='ltr'><em>σῖτ’</em></span> <span class='ocrx_word' id='word_1_244' title='bbox 259 4266 293 4336; x_wconf 74' lang='grc' dir='ltr'><em>ἓν</em></span> <span class='ocrx_word' id='word_1_245' title='bbox 314 4273 409 4346; x_wconf 88' lang='grc' dir='ltr'><em>θεοῖς</em></span> <span class='ocrx_word' id='word_1_246' title='bbox 433 4267 516 4334; x_wconf 87' lang='grc' dir='ltr'><em>αδτδ</em></span> <span class='ocrx_word' id='word_1_247' title='bbox 532 4264 699 4356; x_wconf 70' lang='grc' dir='ltr'><em>ἱδρῦσθαι,</em></span> <span class='ocrx_word' id='word_1_248' title='bbox 723 4269 781 4354; x_wconf 83' lang='grc' dir='ltr'><em>την</em></span> <span class='ocrx_word' id='word_1_249' title='bbox 803 4265 840 4332; x_wconf 75' lang='grc' dir='ltr'><em>δὲ</em></span> <span class='ocrx_word' id='word_1_250' title='bbox 862 4268 985 4354; x_wconf 72' lang='grc' dir='ltr'><em>θνητὴν</em></span> <span class='ocrx_word' id='word_1_251' title='bbox 1008 4265 1104 4352; x_wconf 80' lang='grc' dir='ltr'><em>φάσιν</em></span> <span class='ocrx_word' id='word_1_252' title='bbox 1127 4261 1184 4328; x_wconf 79' lang='grc' dir='ltr'><em>καί</em></span> <span class='ocrx_word' id='word_1_253' title='bbox 1199 4261 1292 4328; x_wconf 87' lang='grc' dir='ltr'><em>τόνδε</em></span> 
     </span>
     <span class='ocr_line' id='line_1_31' title="bbox 169 4369 1368 4460; baseline -0.011 -16"><span class='ocrx_word' id='word_1_254' title='bbox 169 4379 226 4444; x_wconf 92' lang='grc' dir='ltr'><em>τδν</em></span> <span class='ocrx_word' id='word_1_255' title='bbox 248 4375 352 4443; x_wconf 82' lang='grc' dir='ltr'><em>τόπον</em></span> <span class='ocrx_word' id='word_1_256' title='bbox 375 4374 552 4460; x_wconf 81' lang='grc' dir='ltr'><em>περιπολεῖ</em></span> <span class='ocrx_word' id='word_1_257' title='bbox 583 4373 618 4453; x_wconf 79' lang='grc' dir='ltr'><em>ἐξ</em></span> <span class='ocrx_word' id='word_1_258' title='bbox 641 4372 808 4460; x_wconf 66' lang='grc' dir='ltr'><em>άνάγκης“.</em></span> <span class='ocrx_word' id='word_1_259' title='bbox 856 4369 988 4436; x_wconf 85' lang='grc' dir='ltr'><em>διὸκαὶ</em></span> <span class='ocrx_word' id='word_1_260' title='bbox 1018 4374 1205 4457; x_wconf 77' lang='grc' dir='ltr'><em>πειρᾶσθαι</em></span> <span class='ocrx_word' id='word_1_261' title='bbox 1230 4369 1290 4455; x_wconf 75' lang='grc' dir='ltr'><em>χρη</em></span> <span class='ocrx_word' id='word_1_262' title='bbox 1365 4369 1368 4374; x_wconf 62' lang='lat'><em>&#39;</em></span> 
     </span>
     <span class='ocr_line' id='line_1_32' title="bbox 171 4471 1290 4569; baseline -0.009 -19"><span class='ocrx_word' id='word_1_263' title='bbox 171 4481 303 4550; x_wconf 80' lang='grc' dir='ltr'><em>ἐνθένδε</em></span> <span class='ocrx_word' id='word_1_264' title='bbox 333 4481 435 4548; x_wconf 79' lang='grc' dir='ltr'><em>ἐκεῖσε</em></span> <span class='ocrx_word' id='word_1_265' title='bbox 464 4482 592 4569; x_wconf 81' lang='grc' dir='ltr'><em>φεύγειν</em></span> <span class='ocrx_word' id='word_1_266' title='bbox 621 4480 671 4546; x_wconf 84' lang='grc' dir='ltr'><em>ὅτι</em></span> <span class='ocrx_word' id='word_1_267' title='bbox 695 4478 841 4560; x_wconf 88' lang='grc' dir='ltr'><em>τάχιστα.</em></span> <span class='ocrx_word' id='word_1_268' title='bbox 874 4479 959 4566; x_wconf 78' lang='grc' dir='ltr'><em>φυγὴ</em></span> <span class='ocrx_word' id='word_1_269' title='bbox 983 4475 1019 4543; x_wconf 79' lang='grc' dir='ltr'><em>δὲ</em></span> <span class='ocrx_word' id='word_1_270' title='bbox 1043 4472 1197 4560; x_wconf 85' lang='grc' dir='ltr'><em>ὁμοίωσις</em></span> <span class='ocrx_word' id='word_1_271' title='bbox 1219 4471 1290 4561; x_wconf 67' lang='grc' dir='ltr'><em>θεχν</em></span> 
     </span>
    </p>
   </div>
   <div class='ocr_carea' id='block_1_9' title="bbox 0 0 1570 4980">
    <p class='ocr_par' dir='ltr' id='par_1_10' title="bbox 0 0 1570 4980">
     <span class='ocr_line' id='line_1_33' title="bbox 0 0 1570 4980; baseline 0 2"><span class='ocrx_word' id='word_1_272' title='bbox 0 0 1570 4980; x_wconf 95' lang='lat' dir='ltr'><em> </em></span> 
     </span>
    </p>
   </div>
  </div>
 </body>
</html>
