3130 4980
459 323 498 375 De
516 321 684 390 philosophia
703 322 808 390 eiusque
827 321 956 390 partibus.
1215 317 1266 378 ‘bil

146 480 205 547 καί
237 483 350 546 λυπῶν
372 482 447 559 τοὺς
470 480 768 568 ἐξαμαρτάνοντας·
799 492 903 546 ταῦτα
927 479 965 546 da'
987 480 1074 546 ἐστιν
1097 482 1211 568 ἀγαθά
1234 506 1268 547 τε

147 588 205 653 καὶ
229 589 324 654 κακά.
349 586 406 653 καὶ
422 586 459 652 οὐ
473 587 571 671 μόνον
586 587 779 676 ἐπιστήμης,
803 587 886 652 ἀλλὰ
909 584 1036 666 καλεῖς
1059 589 1097 654 τὸ
1120 588 1269 675 πρόσθεν

146 691 197 760 ἔτι
214 695 444 782 ὡμολογήκατε
459 695 509 760 ὅτι
525 707 732 783 μετρητικης·
757 693 829 782 ἡδὲ
844 693 1127 783 ἐξαμαρτανομένη
1145 695 1268 788 πρᾷξις

146 801 221 866 ἄνευ
251 799 434 889 ἐπιστήμης
464 797 534 866 ίστε
566 825 630 866 που
661 800 717 866 καί
748 800 841 866 αὐτοὶ
877 801 927 867 ὅτι
957 799 1091 889 άμαθίηι
1120 801 1266 888 πράττε-

145 929 218 972 ται·
254 909 335 972 ὥστε
357 897 446 973 τοῦτ’
473 906 543 973 ἐστὶ.
566 909 604 973 τὸ
634 908 747 996 ἡδονῆς
776 909 861 996 ἥττω
884 900 977 986 εἶναι,
1009 905 1143 992 ἀμαθία
1166 910 1185 995 η
1207 932 1264 992 μι-

145 1011 268 1102 γίστη“.

218 1152 246 1192 a.
267 1137 344 1206 Soph.
365 1139 417 1192 228
429 1137 459 1193 C.
497 1142 548 1198 ΞΕ.
575 1135 652 1192 :situ
672 1140 729 1211 μὴν
758 1141 851 1210 meppia
875 1159 905 1208 γε
929 1145 1012 1212 ἴσμεν
1031 1143 1154 1192 άκουσαν
1172 1149 1268 1192 πᾶσαν

147 1239 206 1280 πᾶν
231 1229 396 1297 ἀγνοοῦσαν.
437 1233 534 1281 ΘΕΑῙ.
564 1229 683 1298 Σφόιλρα
709 1247 746 1298 γε.
783 1231 835 1286 ΞΕ.
869 1230 907 1282 Τό
931 1248 962 1298 γε
986 1230 1042 1300 μὴν
1061 1229 1173 1297 ἀγνοεῖν
1191 1229 1268 1280 ἐστιν

146 1311 195 1369 ἐπ’
218 1318 350 1382 ἀλήθειαν
368 1320 527 1390 ὁρμωμένης
544 1326 640 1386 ψυχῆς,
660 1318 827 1387 παραφόροσ
846 1321 976 1377 ξυνέσεως
995 1321 1166 1388 γιγνομένης,
1187 1315 1268 1368 οὐδὲν

147 1409 215 1458 ἄλλο
241 1408 311 1472 πλὴν
334 1409 544 1478 παραφροσύνη.
585 1411 683 1460 ΘΕΑΙ.
721 1409 803 1458 Πάνσ
826 1408 879 1478 μὲν
903 1403 958 1458 οὖν.
1003 1409 1054 1464 ΞΕ.
1088 1405 1185 1474 Ψυχὴν
1212 1408 1266 1476 άρα

149 1496 268 1559 ἀνόητον
286 1497 405 1568 αἰσχράν
422 1499 469 1548 καὶ
488 1499 608 1567 άμετρσν
626 1498 729 1548 θετέον,
770 1499 866 1548 ΘΕΑΙ.
891 1488 1004 1547 Ἔοικεν,

219 1599 301 1654 Nemo
325 1599 414 1654 volens
436 1616 519 1668 neque
543 1599 640 1668 desipit
659 1615 741 1668 neque
760 1603 865 1668 peccat,
885 1599 918 1654 cl.
937 1600 1046 1668 Protag.
1067 1599 1161 1654 3451).
1198 1598 1267 1652 Tim.

146 1690 224 1743 son.
261 1689 340 1758 nysa
359 1689 411 1744 ros
422 1689 453 1742 A.
492 1688 613 1744 socrates
632 1694 674 1740 nr
693 1690 745 1744 sor
757 1667 786 1742 s.

94 1921 136 1960 2⁴⁰
216 1903 423 1967 sexantem.
448 1903 511 1966 VII
537 1912 586 1968 16.
628 1885 693 1966 Ὧν
716 1903 794 1986 (τῶν
815 1899 974 1968 εἰπόντων
996 1915 1053 1989 της
1068 1897 1268 1989 φιλοσοφίας
1300 1902 1453 2002 Ρηῃξζξρῗω

145 2011 185 2074 τὸ
207 2007 265 2091 μέν
294 2033 327 2073 τι
351 2001 434 2073 εἶναι
457 2009 609 2096 φυσικόν,
642 2009 679 2074 τὸ
703 2006 739 2073 δὲ
762 2008 892 2096 ἠθικόν,
924 2009 962 2073 τὸ
986 2006 1022 2073 δὲ
1045 2007 1185 2092 λογικὸν)
1209 2006 1265 2070 dv-

146 2115 241 2198 νάμει
270 2113 330 2198 μὲν
358 2113 501 2178 Πλάτων
529 2113 618 2180 ἐστίν
640 2115 775 2203 ἀρχηγός
783 2166 790 2195 ,
821 2114 897 2202 περὶ
927 2115 1059 2178 πολλῶν
1086 2112 1145 2196 μὲν
1167 2135 1265 2200 φυσι-

147 2235 220 2302 νῶν,
244 2220 377 2286 πολλῶν
399 2219 436 2285 δὲ
459 2220 593 2308 ἠθικῶν,
617 2219 675 2286 οἰκ
698 2218 814 2306 ὀλίγων
836 2219 872 2286 δὲ
888 2221 1024 2305 λογικῶν
1047 2217 1265 2300 tramarice·

146 2327 314 2416 ῥητότατα
345 2325 383 2414 dd
409 2323 440 2392 oi
473 2326 549 2413 περὶ
571 2329 626 2392 τὸν
649 2327 832 2415 Ξενοκράτη
856 2325 913 2392 καὶ
937 2323 968 2392 οἱ
992 2326 1061 2391 ἀπὸ
1083 2336 1141 2391 τοῦ
1163 2330 1265 2412 Περι-

146 2433 272 2513 πάτου,
304 2429 353 2498 ἔτι
383 2431 419 2498 δὲ
449 2429 480 2499 οὶ
511 2433 579 2498 ἀπὸ
609 2445 667 2520 της
692 2437 796 2510 Στοᾶς
825 2429 951 2514 ἔχονται
981 2434 1077 2520 τῆσδε
1100 2445 1156 2520 της
1179 2433 1267 2496 διαι-

147 2538 273 2625 ρίσεως.

218 2677 247 2716 a.
275 2663 364 2716 Minus
382 2666 460 2716 caute
480 2662 513 2716 ad
532 2663 618 2732 ipsmn
637 2662 774 2716 Platonem
794 2663 858 2716 haec
877 2662 970 2716 divisio
989 2662 1099 2716 refertur
1118 2679 1134 2715 a
1153 2663 1268 2730 Diogene

146 2752 257 2819 111563
287 2751 321 2804 ab
339 2751 430 2804 Attico
456 2767 497 2820 ap.
523 2751 618 2804 liuseh.
644 2750 689 2804 Pr.
714 2750 760 2804 Er.
788 2750 828 2804 XI
849 2752 880 2816 2;
909 2752 1067 2806 aCiceronc
1086 2751 1166 2805 Acad.
1191 2751 1267 2804 119.

147 2840 315 2908 Quamquam
340 2839 479 2894 Platonem
503 2838 645 2908 cogitando
671 2839 739 2894 hanc
764 2840 817 2893 sere
840 2841 1012 2909 partitionem
1040 2840 1122 2894 tacite
1149 2843 1268 2895 secutum

147 2944 202 2982 csse
219 2928 388 2996 intellegitur
406 2945 434 2982 ex
454 2929 618 2997 argumentis
636 2927 810 2998 dialogorum,
829 2931 861 2981 ut
879 2928 1001 2982 Timaeus
1020 2927 1072 2982 lere
1090 2931 1164 2981 totus
1182 2931 1223 2981 est
1241 2927 1269 2980 in

147 3016 271 3085 physicis,
290 3017 448 3086 Respublica
466 3021 493 3071 et
511 3017 594 3086 Leges
613 3019 755 3071 maximam
774 3019 876 3086 partem
895 3017 976 3071 ethici
995 3017 1152 3086 argumenti,
1171 3015 1268 3070 dialec-

146 3107 197 3160 tici
215 3105 398 3172 Parmenides,
419 3105 593 3170 Theaetetus,
613 3105 748 3174 sophista.
778 3135 812 3144 -
841 3107 879 3160 De
907 3107 1024 3176 physicis
1043 3105 1268 3175 disputationibus

147 3195 181 3248 ah
209 3195 304 3248 altiore
333 3194 499 3263 philosophia
526 3195 621 3248 alienis
649 3211 673 3249 v.
701 3194 803 3249 Phileh.
832 3194 908 3250 59Α.
957 3195 1023 3248 Τίσι.
1043 3196 1118 3249 590.
1164 3195 1206 3249 cf.
1225 3199 1268 3247 ΒΡ

146 3283 235 3338 2611).
1123 3295 1128 3305 “

99 3426 138 3467 aso
219 3407 386 3475 Scripsernnt
411 3406 442 3460 de
465 3406 588 3460 Platonis
614 3407 782 3476 philosophia
807 3410 910 3476 praeter
934 3423 977 3460 eos
1001 3423 1065 3474 quos
1084 3422 1269 3459 commemora·

147 3495 246 3548 vimus:
274 3493 304 3548 P.
325 3493 356 3548 G'.
375 3511 427 3549 van
446 3495 564 3560 Heusde,
593 3497 673 3566 initia
691 3496 839 3564 philosoph.
858 3495 1026 3559 Platonicae,
1055 3494 1094 3548 ed.
1113 3494 1156 3558 ΙΙ,
1182 3493 1267 3562 Lugd.

145 3583 207 3637 Bat.
230 3583 307 3638 1842.
345 3584 377 3637 D.
397 3583 511 3653 Peipcrs,
536 3585 694 3638 Ualersuclc.
713 3591 739 3638 a.
752 3583 893 3653 dsystem
912 3585 966 3648 Rs,
986 3583 1010 3639 Ι.
1032 3582 1267 3652 Tt,Lips.1874.

146 3671 330 3736 Teichmiiller,
350 3671 467 3726 Studien
486 3689 524 3726 τν.
545 3672 641 3726 Gesch.
661 3673 687 3726 d.
707 3672 1038 3742 Begriffe,Berol.1874.
1075 3671 1116 3726 Cf.
1136 3675 1269 3740 praeterea

146 3759 188 3813 W.
208 3759 234 3812 S.
253 3759 367 3824 Teuffel,
399 3748 537 3815 l'l'herst'clri
562 3761 589 3814 d.
614 3761 681 3830 plui.
699 3761 782 3826 hita,
806 3761 920 3830 Tubing.
940 3761 1024 3824 1874,
1052 3765 1079 3813 et
1097 3759 1127 3814 Ο.
1147 3760 1269 3824 Bursian,

146 3847 303 3903 Janresoer.
323 3854 351 3902 ii.
371 3849 397 3902 d.
417 3848 597 3904 Fortschrctte
616 3849 642 3904 d.
670 3851 749 3904 class.
768 3851 1008 3916 Altertamswiss„
1036 3848 1120 3902 Berol.
1141 3850 1212 3902 1874
1230 3865 1268 3916 sq.

146 3937 181 3992 H.
200 3937 304 4002 Bonitz,
324 3937 434 3992 Platon.
453 3936 578 4002 Studien,
596 3939 621 3992 3.
641 3937 680 3991 ed.
699 3937 783 3991 Berol.
804 3938 881 3992 1886.
