3156 4988
297 323 352 387 322
772 329 938 384 Aristoteles.

299 487 489 576 ὀρεγόμεθα.
536 488 615 577 ἀρχὴ
639 487 675 554 δὲ
697 491 716 578 ἡ
739 488 856 578 νόησις.
902 499 975 568 νοῦς
998 486 1034 554 δὲ
1057 489 1123 554 ὑπὸ
1146 499 1204 554 τοῦ
1225 499 1341 578 νοητοῦ
1362 459 1413 554 κι-

299 598 413 676 νεῖται,
436 596 532 684 νοητὴ
555 593 591 662 δὲ
614 596 634 683 ἦ
657 592 751 684 ἑτέρα
775 593 942 678 συστοιχία
965 585 1049 662 καθ’
1068 595 1185 682 αὑτήν·
1216 593 1273 660 καὶ
1296 593 1415 683 ταύτης

299 703 319 789 ἡ
342 699 436 767 οὐσία
459 702 585 790 πρώτη,
608 700 667 767 καὶ
690 703 810 791 ταύτης
833 705 852 792 ἡ
875 703 967 790 circlo
989 700 1048 768 καὶ
1070 691 1149 768 κατ’
1167 698 1355 788 ε’νὲργειανῦ.
1373 699 1415 748 -’

299 805 382 872 ἀλλά
404 809 467 896 μὴν
488 806 546 874 καὶ
569 809 606 874 τὸ
629 809 729 874 καλὸν
751 808 808 874 καὶ
830 811 869 876 τὸ
892 798 939 874 δι’
958 809 1037 874 αὑτὸ
1060 804 1187 896 αἱρετὸν
1214 807 1249 874 ἐν
1269 809 1311 896 τῇ
1335 805 1415 894 αὐτῇ

299 910 479 1001 συστοιχία·
524 913 581 979 καὶ
610 910 698 980 ἔστιν
727 913 860 1002 ἀριστον
889 913 940 980 ἀεὶ
970 913 1167 1003 ἢάνάλογον
1195 916 1234 980 τὸ
1256 922 1414 1003 πρῶτονθ.

299 1019 350 1086 ὅτι
374 1008 407 1085 d’
426 1017 496 1086 ἔστι
519 1021 557 1085 τὸ
580 1015 620 1085 ού
639 1019 730 1086 ἕνεκα
754 1019 787 1086 ἕν
808 1024 879 1099 τοῖς
901 1021 1074 1108 ἀκινήτοις,
1096 1023 1117 1109 ἦ
1139 1019 1297 1110 διαίρεσις
1312 1022 1414 1110 δηλοῖ.
1494 1051 1497 1058 ·

300 1121 370 1192 ἔστι
394 1127 454 1213 γὰρ
478 1125 542 1192 τινὶ
565 1128 603 1192 τὸ
626 1122 666 1193 ού
685 1126 858 1206 ἓνεκακαὶ
882 1128 969 1206 τινός
983 1131 1004 1206 ¹,
1027 1123 1071 1192 ὧν
1093 1127 1212 1212 τὸμὲν
1235 1125 1365 1196 ἔστιτὸ
1380 1117 1411 1194 d'

301 1229 358 1298 ούκ
380 1228 478 1314 iberi,
502 1237 583 1300 κινεῖ
606 1233 642 1300 δὲ
665 1235 708 1312 ὡς
724 1233 889 1322 ἐρώμενον,
912 1232 1088 1320 κινουμένῳ
1102 1236 1115 1274 ²
1131 1233 1167 1300 de*
1186 1230 1291 1301 τᾶλλα
1307 1237 1414 1302 κινεῖθ.

300 1335 409 1422 εἰμὲν
440 1336 493 1405 σύν
522 1365 556 1405 τι
585 1345 739 1421 κινεῖται,
770 1338 928 1422 ἐνδέχεται
951 1339 1008 1405 καὶ
1031 1340 1139 1419 ἄλλως
1161 1337 1251 1423 &aaa
1275 1379 1320 1388 —
1342 1338 1415 1406 ἐπεὶ

300 1434 333 1510 δ’
352 1441 424 1510 ἐστι’
445 1470 478 1510 τι
502 1456 609 1512 κινοῦν
631 1444 711 1512 αὐτὸ
740 1444 889 1534 ἀκίνητον
910 1443 961 1528 dv,
991 1445 1132 1537 ἐνεργείᾳ
1154 1445 1205 1529 ὅν,
1239 1459 1335 1514 τοῦτο
1358 1445 1414 1514 ούκ

300 1549 460 1632 ἐνδέχεται
490 1550 596 1630 ἀλλοις
624 1548 705 1634 diceto
735 1551 893 1637 οὐδαμῶς.
924 1591 967 1602 -
1002 1553 1038 1634 ἐξ
1067 1554 1206 1642 ἀνάγκης
1236 1553 1301 1642 ἀρα
1330 1551 1431 1620 ἐστὶν.

299 1653 350 1722 ἀν·
395 1654 453 1722 καὶ
477 1641 499 1746 ᾗ
522 1656 653 1746 ἀνάγκη,
672 1659 794 1739 καλῶς,
819 1658 876 1724 καὶ
899 1661 1001 1738 oona
1024 1659 1113 1749 ἀρχή.
1158 1662 1196 1726 τὸ
1226 1662 1287 1748 γὰρ
1317 1658 1415 1744 ἀναγ-

300 1766 396 1828 καῖον
417 1777 642 1845 τοσαυταχῶς·
688 1766 725 1831 τὸ
748 1763 807 1848 μὲν
828 1762 887 1853 βίᾳ
910 1765 962 1831 ὅτι
985 1768 1079 1853 παρὰ
1102 1768 1158 1854 τὴν
1180 1767 1290 1854 ὁρμήν,
1319 1767 1357 1830 τὸ
1380 1763 1417 1830 δὲ

302 1862 342 1934 ού
362 1867 419 1934 οὐκ
442 1867 514 1935 ἀνευ
529 1871 568 1935 τὸ
583 1866 625 1950 εὖ,
648 1870 686 1936 τὸ
710 1869 745 1935 δὲ
766 1873 811 1959 μὴ
829 1869 1027 1954 ἐνδεχόμενον
1050 1871 1157 1950 ἀλλοις
1179 1858 1258 1937 ἀλλ’
1273 1869 1415 1948 autogr.

302 1973 339 2042 ἐκ
360 1975 512 2063 τοιαύτης
535 1973 599 2063 ἀρα
622 1974 719 2063 ἀρχῆς
741 1973 879 2064 ἤρτηται
903 1976 921 2042 d
944 1977 1078 2065 οὐρανὸς
1101 1976 1159 2044 καὶ
1182 1979 1201 2066 ἡ
1223 1977 1350 2066 oberge.

373 2167 401 2208 a.
426 2153 539 2207 Sensus:
557 2152 681 2206 Huncin
698 2153 805 2206 modum
823 2148 887 2220 (eide
905 2153 923 2208 i.
943 2171 965 2208 e.
985 2157 1054 2208 αὐτὸ
1073 2157 1200 2223 ἀκίνητον
1219 2155 1260 2220 ὂν)
1284 2156 1370 2208 movet
1386 2153 1415 2206 id
1490 2137 1495 2146 ⁴

302 2242 372 2313 quod
390 2245 432 2296 est
450 2242 593 2312 appetibile
611 2245 654 2309 (τὸ
673 2243 808 2316 ὀρεκτόν);
827 2242 942 2312 itemque
960 2243 1100 2310 cogitabile
1117 2245 1160 2309 (τὸ
1178 2243 1286 2310 νοητὸν)
1309 2242 1349 2295 ita
1365 2259 1418 2295 mo·

302 2334 354 2398 vet,
373 2333 406 2384 ut
422 2331 510 2400 ipsum
529 2331 565 2383 sit
582 2330 729 2397 immotum,
750 2331 782 2384 ef.
800 2331 840 2384 De
858 2329 909 2384 An.
927 2330 968 2384 111
986 2332 1029 2385 10.
1048 2330 1121 2385 433·
1139 2331 1182 2384 17.
1219 2329 1259 2384 Ac
1277 2331 1300 2385 si
1324 2333 1419 2384 suaet

302 2419 426 2490 primaria
445 2419 470 2472 vi
489 2421 630 2488 utrumque
648 2418 785 2488 acceperis,
797 2417 839 2471 ad
856 2418 925 2471 idem
943 2418 1055 2472 redenmt
1078 2420 1194 2485 (τούτων
1216 2421 1250 2472 τὰ
1269 2429 1364 2493 πρῶτα
1383 2419 1417 2471 τὰ

305 2509 392 2573 αὐταῦ.
429 2507 498 2560 Nam
516 2525 563 2577 per
582 2524 609 2560 se
629 2509 738 2581 ὀρεκτὸν
756 2508 798 2560 est
816 2509 848 2560 τὸ
867 2511 898 2560 ὂν
915 2511 1012 2572 καλόν,
1040 2507 1161 2576 idemque
1183 2505 1325 2577 principem
1349 2507 1420 2560 inter

303 2598 337 2650 τὰ
356 2598 440 2664 νοητὰ
458 2596 543 2649 Ιοοιιιιι
561 2596 651 2649 habet.
687 2594 726 2650 cf.
745 2595 849 2662 Bonita,
867 2595 931 2649 Met.
950 2596 978 2649 Π
996 2597 1057 2651 496.

373 2719 405 2776 b.
424 2720 482 2774 Hoc
500 2719 579 2773 dicit:
606 2719 671 2774 Cum
700 2719 766 2772 duae
792 2719 847 2772 sint
870 2737 957 2772 rerum
975 2720 1068 2787 series,
1097 2719 1245 2788 cogitabilis
1267 2737 1314 2790 per
1332 2736 1360 2773 se
1377 2721 1420 2773 est

304 2811 395 2876 altera,
415 2826 481 2879 quae
499 2808 675 2861 substantiam
694 2809 722 2860 et
739 2803 848 2860 formam
866 2810 894 2861 et
912 2807 1013 2878 reliqna
1030 2825 1077 2878 per
1094 2808 1294 2862 affirmationem
1312 2807 1420 2861 definita

304 2885 434 2952 continet:
463 2899 493 2949 at
512 2913 578 2966 quae
595 2896 623 2948 in
642 2895 726 2948 altere
743 2898 930 2949 enumerantur
947 2896 1084 2964 negativa,
1113 2881 1151 2950 ea¹
1165 2914 1218 2950 non
1241 2914 1288 2967 per
1305 2913 1346 2964 se,
1374 2896 1420 2949 sed

304 3003 351 3056 per
369 2984 488 3038 accidens
507 2984 661 3052 cogitationi
680 2983 854 3038 subiciuntur.
890 2983 974 3054 Atqui
991 2985 1020 3038 in
1038 2985 1085 3039 illa
1103 2985 1169 3039 serie
1193 2988 1235 3039 est
1257 2985 1343 3055 prima
1361 2985 1420 3038 sub-

305 3073 406 3127 stantia
437 3072 560 3142 simplex,
587 3073 620 3126 ab
648 3073 719 3126 omni
746 3074 872 3126 materiae
899 3075 927 3126 et
944 3074 1079 3143 potentiae
1098 3074 1270 3142 ambiguitate
1287 3073 1418 3138 immunis,

273 3211 275 3214 .
305 3179 372 3232 quae
390 3164 432 3214 est
450 3161 506 3230 ipse
524 3164 614 3228 aetus,
641 3163 669 3214 et
687 3177 745 3214 cum
764 3178 795 3214 ea
813 3161 980 3216 coniunctum
1003 3162 1031 3215 id
1054 3162 1125 3232 quod
1149 3179 1198 3216 sua
1223 3165 1320 3216 natura
1344 3177 1420 3232 appe-

306 3250 381 3303 tibile
406 3252 448 3304 est
466 3251 493 3302 et
511 3249 656 3319 pulchrum.
692 3249 811 3319 Respicit
824 3250 867 3302 hie
893 3252 933 3316 (et
950 3250 1018 3303 infra
1041 3250 1127 3304 verbis
1144 3253 1160 3317 ἡ
1179 3251 1314 3323 διαίρεσις
1332 3250 1422 3317 dolel)

307 3338 514 3410 disputationem
537 3337 667 3407 quandam
690 3354 769 3408 quam
795 3338 936 3408 scripserat
959 3339 991 3392 de
1014 3339 1152 3393 contrariis
1176 3339 1210 3392 ad
1233 3338 1346 3408 primam
1363 3338 1421 3392 uni-

306 3429 373 3482 tatis
391 3431 419 3481 et
436 3425 616 3482 multitudinis
634 3425 849 3480 contrarietatem
867 3425 1028 3494 reducendis,
1047 3427 1079 3482 cf.
1092 3427 1118 3480 X
1136 3429 1161 3482 3.
1181 3427 1269 3482 10542
1287 3428 1330 3482 30.
1349 3426 1376 3482 Z.
1393 3425 1422 3479 Π

307 3513 341 3570 2⁸
360 3517 403 3570 64.
431 3516 486 3582 Ba,
504 3514 569 3568 Met.
586 3514 614 3567 Π
632 3514 694 3568 297.

379 3637 632 3708 ο.Ωιιοι1ριίιιιιιιιι
650 3638 738 3692 estin
756 3639 846 3708 aliqua
864 3638 938 3706 serie,
960 3638 989 3692 id
1006 3638 1142 3708 praecipue
1165 3655 1223 3692 eam
1239 3638 1322 3694 habet
1340 3638 1420 3708 quali·

307 3729 399 3793 tatem,
419 3743 486 3796 quae
503 3726 532 3780 in
550 3727 650 3798 reliqua
668 3727 785 3781 cernitur
804 3727 884 3794 serie;
914 3744 976 3796 ergo
994 3727 1080 3796 prima
1097 3727 1144 3780 illa
1162 3727 1312 3781 substantia
1329 3729 1372 3781 eet
1389 3729 1421 3780 τὸ

309 3820 429 3887 ἄριστον.

379 3920 409 3976 d.
428 3920 471 3975 Ad
490 3923 548 3976 ἔστι
562 3921 741 3998 'supplendum
764 3923 794 3976 dv
812 3929 870 3984 τοῖς
888 3924 1031 3990 ἀκινήτοις.
1057 3949 1091 3959 -
1115 3919 1154 3976 Cf.
1172 3921 1299 3976 Themisti.
1324 3920 1358 3975 ad
1376 3920 1421 3974 Ar.

308 4010 340 4064 de
357 4009 407 4064 An.
426 4011 479 4064 76*
497 4013 529 4064 τὸ
548 4005 577 4064 d'
599 4003 632 4064 οὗ
650 4010 727 4065 ἕνεκα
746 4011 855 4076 διττόν,-
869 4012 970 4085 τὸμὲν
990 4003 1023 4065 οὗ
1040 4013 1072 4064 τὸ
1087 3998 1165 4082 ded.
1193 4033 1229 4043 -
1256 4009 1349 4084 ὥσπερ
1368 4011 1424 4081 γὰρ

380 4242 407 4306 1)
425 4247 473 4296 καί
490 4261 564 4304 τινος
581 4239 728 4295 Alexander
746 4259 788 4312 ap.
808 4241 963 4297 Averroem:
987 4259 1036 4296 om.
1055 4242 1125 4296 libri.
1144 4270 1180 4282 -
1207 4240 1235 4307 2)
1258 4243 1420 4312 κινουμένου

309 4336 337 4383 A
342 4328 356 4369 b
366 4335 404 4383 E:
422 4332 587 4403 κινούμενον
596 4329 640 4384 Ab
650 4345 681 4383 ax
695 4345 770 4397 corr„
791 4329 874 4397 Alex.‚
894 4330 984 4399 vulgo:
1002 4333 1034 4384 τὸ
1048 4330 1080 4384 δὲ
1093 4332 1257 4401 κινούμενον
1275 4328 1425 4398 suspicatur

308 4415 418 4471 Bonita:
437 4420 598 4491 κινούμενος
616 4418 635 4472 d
638 4414 646 4434 ’
664 4422 679 4472 d
699 4421 814 4493 οὐρανὸς
833 4419 1025 4488 interpretatur
1042 4416 1198 4472 Alexander.
