3150 4996
296 296 332 358 88
793 297 915 352 Eleatici.

368 459 414 513 Vs.
438 461 471 514 10
503 462 672 529 σπερχοίατο
700 459 724 512 ei
752 458 798 526 qui
830 457 945 512 ordinem
976 459 1084 511 mutant
1115 457 1231 512 referunt
1263 457 1296 528 ud
1324 474 1412 526 equos.

299 548 341 604 13.
360 543 442 600 αιίταί
463 547 526 600 suut
544 549 635 616 portae
653 548 733 616 ipsae,
753 547 770 602 i.
793 563 813 602 e.
833 549 920 616 postes
939 563 1026 616 oppos.
1045 545 1191 600 liminibus.
1228 545 1341 607 πλῆνται
1360 563 1414 600 rec-

297 641 355 692 tum
373 635 482 692 videtur.
520 635 613 706 αἰθέρι
631 634 780 688 asariam
798 634 908 689 Lobeolr.
946 633 1066 703 αἰθέριαι
1088 641 1189 698 nunaut
1211 635 1317 690 Seidler.
1354 635 1414 705 κλη-

297 729 360 778 οτοιί
385 725 546 780 Lachmann.
583 719 679 788 πλῆντ’
706 719 873 776 adsenseum
891 724 985 794 Bergk.
1025 726 1067 778 17.
1092 727 1135 775 ταί
1158 729 1221 778 suut
1240 723 1335 789 πύλαι,
1362 742 1414 780 nou

297 818 400 884 κοῦραι.
426 845 460 854 -
492 813 634 879 Quaeritur
658 829 724 882 quae
749 811 798 868 dea
816 813 872 881 (22)
891 812 950 866 iude
975 831 991 868 a
1015 829 1091 868 vorsu
1116 815 1152 868 24
1174 815 1282 882 loquens
1306 813 1414 868 induca-

296 907 348 960 tur.
385 905 438 959 Nec
457 903 604 958 Veritatem
622 919 712 958 eeuseo
731 903 766 971 (v.
786 905 830 967 29)
855 920 901 958 nec
921 903 1112 958 Necessitatem
1131 905 1166 970 (v.
1186 905 1248 972 138)
1272 919 1319 958 neo
1336 903 1413 958 illam

296 992 424 1058 δαίμονα,
443 1009 510 1062 quae
529 994 570 1046 est
587 992 614 1045 in
629 1009 666 1046 vs.
681 993 741 1056 128,
761 1008 808 1046 uec
822 1008 881 1046 vero
901 994 982 1054 Δίκην
996 993 1030 1058 (v.
1046 993 1099 1060 14),
1120 1008 1199 1061 quam
1214 991 1307 1045 Sextus
1325 995 1412 1061 putat.

297 1082 406 1136 Nullam
437 1081 601 1135 nominatam
631 1079 725 1141 fuisse,
759 1080 885 1135 indicium
913 1084 954 1134 est
982 1081 1010 1136 iu
1038 1080 1123 1135 Procli
1151 1081 1251 1145 verbis,
1281 1080 1314 1134 ad
1341 1081 1412 1135 Plat.

296 1171 384 1226 Parm.
403 1188 428 1240 p.
448 1170 484 1224 34
511 1169 630 1238 (cousin)
659 1165 745 1220 ἐκεῖνο
774 1168 807 1221 δὲ
833 1173 1011 1241 πρεσβυτικῆς
1040 1155 1110 1221 εἶναι
1138 1168 1261 1228 διανοίας
1289 1173 1414 1237 καθορᾶν

296 1261 341 1312 καὶ
360 1255 426 1311 ου’δὲ
444 1253 630 1325 α’νθρωπίνης,
649 1259 685 1316 τίς
699 1257 729 1308 ἐν
744 1264 800 1316 τοῖς
814 1257 948 1328 ποιήμασί
959 1275 1025 1326 φησι
1040 1256 1234 1328 (Παρμενίδης)
1253 1253 1322 1308 dito
1342 1256 1414 1327 νύμ·

297 1367 349 1416 φης
376 1342 514 1412 cornera
542 1347 589 1415 (vs.
613 1347 705 1417 llsq.)
723 1345 828 1406 τινός.
865 1347 1040 1416 Quaecunque
1066 1351 1122 1413 cst,
1155 1351 1224 1402 certe
1252 1347 1301 1403 hoc
1333 1348 1412 1402 dicit:

297 1439 399 1508 oportet
423 1439 449 1490 te
468 1436 556 1490 omnia
573 1436 716 1505 percipere,
741 1439 798 1490 tam
822 1438 960 1492 veritatem
985 1439 1105 1491 exactam
1130 1453 1209 1506 quam
1228 1437 1350 1506 vulgares
1369 1437 1414 1490 ho-

297 1528 398 1580 miuum
417 1526 561 1594 opiniones,
587 1541 637 1578 non
661 1524 729 1594 quod
748 1525 805 1580 ulla
824 1525 860 1578 sit
879 1524 942 1578 fides
961 1541 1064 1590 earum,
1090 1527 1135 1580 sed
1160 1527 1222 1594 quia
1247 1527 1335 1580 omnia
1358 1543 1414 1595 per·

297 1631 399 1670 censere
417 1613 497 1668 decet.
534 1612 617 1667 lidem
637 1630 726 1668 versus
750 1613 870 1668 iudicant
889 1630 955 1684 quae
980 1617 1067 1684 partes
1093 1614 1189 1669 luerint
1214 1615 1351 1678 carminis,
1380 1614 1413 1669 oi.

296 1711 340 1758 ΒΡ
359 1706 401 1759 99.
438 1702 508 1757 Nam
526 1719 579 1756 una
598 1704 715 1757 continet
735 1701 766 1754 τοὶ
785 1701 855 1770 πρὸς
873 1701 1009 1769 α’ληθείην,
1028 1704 1113 1758 altera
1133 1703 1165 1755 τιῐ
1183 1703 1253 1770 πρός
1267 1702 1353 1761 δόξαν
1372 1704 1414 1757 uel

297 1789 329 1845 ui
348 1789 475 1856 δοξαστιί.
512 1792 569 1846 Iam
589 1791 637 1846 hoc
656 1792 713 1846 loco
732 1794 860 1861 ponimus,
876 1809 947 1861 quae
961 1799 1004 1846 BP
1018 1794 1053 1848 99
1067 1794 1094 1847 iu
1110 1794 1234 1847 memoria
1247 1795 1325 1846 erunt
1343 1810 1415 1861 repo-

297 1881 390 1946 nenda,
415 1881 496 1936 Arist.
516 1881 578 1934 Met.
598 1881 611 1934 I
631 1882 656 1936 3.
675 1880 752 1935 9841.
773 1883 829 1933 τῶν
847 1880 900 1952 μὲν
919 1871 968 1934 οὖν
986 1881 1017 1934 ἓν
1035 1881 1201 1950 φασκόντων
1219 1868 1288 1933 εἶναι
1307 1880 1338 1932 τὸ
1357 1886 1415 1934 παν

298 1967 394 2022 οὐθενὶ
406 1969 500 2039 συνέβη
513 1967 560 2031 την
572 1967 697 2032 τοιαύτην
712 1969 833 2022 συνιδεῖν
843 1974 932 2024 αἰτίαν
946 1972 992 2040 (so.
1006 1973 1052 2036 τῆς
1067 1970 1214 2039 κινήσεως),
1233 1970 1303 2034 πλὴν
1317 1974 1343 2024 εί
1360 1968 1414 2038 ἄρα

298 2058 468 2131 Παρμενίδη,
492 2061 538 2110 καὶ
562 2058 645 2128 τούτῳ
664 2054 733 2110 κατα
751 2063 882 2114 τοσοῦτον
902 2057 965 2111 ὅσον
983 2055 1123 2131 ου’·μόνσν
1147 2060 1185 2124 ἕν,
1212 2056 1280 2112 dita
1298 2063 1344 2112 καὶ
1362 2059 1414 2111 δύο

297 2167 355 2208 πως
375 2152 482 2212 τίθησιν
501 2149 590 2206 αἰτίας
609 2134 687 2202 εἶναι.

152 2346 283 2397 suprema
363 2329 567 2392 Parmenides
597 2347 645 2411 ap.
675 2329 775 2392 Prool.
800 2330 831 2392 in
856 2329 937 2392 Plat.
960 2330 1038 2392 Tim.
1064 2336 1145 2403 105;
1185 2329 1294 2412 Simpl.
1318 2329 1413 2412 Phys.
1433 2345 1488 2384 ιιι

299 2435 511 2501 αωιαα
633 2419 635 2424 ’

321 2552 361 2608 33
384 2547 423 2607 Εἰ
444 2539 472 2606 δ’
498 2535 545 2626 ἄγ’
571 2541 645 2626 ἐγὼν
669 2546 752 2627 ἐρέω,
777 2541 898 2623 κόμισαι
923 2543 957 2605 δι’
980 2537 1018 2606 σὺ
1041 2543 1148 2624 μῦθον
1171 2538 1312 2624 ἀκούσας,
1371 2551 1413 2608 43

385 2654 471 2734 αἵπερ
494 2642 559 2715 idol
581 2650 692 2731 μοῦναι
716 2645 849 2733 διζήσιός
873 2651 927 2714 τίσι
951 2656 1075 2733 νοῆσαι·

321 2765 360 2822 35
385 2751 403 2842 ἢ
425 2761 490 2840 μίν,
515 2749 596 2832 ὅπως
618 2755 699 2820 ἔστιν
721 2781 752 2819 τε
775 2760 822 2820 καὶ
846 2751 885 2833 ὡς
909 2751 963 2820 οὐκ
986 2756 1047 2822 ἔστι
1069 2751 1112 2842 μη
1136 2755 1218 2835 airas,
1372 2763 1413 2820 45

176 2898 257 2939 verns·
387 2865 513 2936 πειθοῦς
536 2865 600 2928 ἔστι
623 2866 779 2940 κέλευθος,
804 2859 934 2947 ἀληθείη
957 2858 1014 2949 γὰρ
1039 2859 1164 2947 ὀπηδεῖ·

386 2963 403 3054 ἦ
428 2965 468 3049 δ’,
493 2964 534 3043 ὡς
558 2965 612 3033 oda
635 2968 715 3034 ἔστιν
738 2995 769 3034 τι
792 2974 839 3034 καὶ
863 2962 904 3043 ὦς
922 2969 1018 3054 χρεών
1041 2975 1104 3036 ἔστι
1128 2965 1170 3054 μὴ
1194 2967 1288 3034 εἶναι·

385 3069 440 3160 τὴν
464 3074 501 3160 δι’]
525 3103 572 3140 τοι
596 3071 701 3161 φράξαι
724 3078 912 3141 παναπειθὲα
935 3076 1029 3158 ἴμμτν
1052 3071 1209 3161 ἀταρπόν·

387 3179 456 3248 οὕτε
480 3181 537 3266 γὰρ
560 3180 597 3248 ἂν
621 3187 722 3266 γνοίης
744 3178 779 3247 τό
803 3209 833 3266 γε
855 3182 898 3267 μὴ
922 3177 980 3260 ἐόν,
1005 3178 1039 3247 οὗ
1063 3178 1119 3268 γὰρ
1142 3177 1280 3260 ἀνυστόν,

320 3298 362 3355 40
386 3282 453 3355 odra
477 3288 609 3378 φράσαις
623 3300 644 3354 ⁸.
669 3289 703 3354 τὸ
727 3284 783 3374 γὰρ
806 3284 882 3354 αὐτὸ
907 3301 984 3353 νοεῖν
1007 3293 1087 3354 ἐστίν
1111 3316 1141 3356 τε
1165 3296 1213 3354 καὶ
1237 3288 1319 3354 εἶναι.
1373 3298 1415 3354 50

178 3521 251 3572 wi...
363 3485 569 3549 Parmenides
594 3505 641 3567 ap.
667 3484 776 3567 Simpl.
800 3485 895 3567 Phys.
921 3493 989 3549 191.
1014 3495 1054 3550 86
1079 3485 1116 3547 Ι).
1142 3487 1174 3547 et
1198 3493 1263 3550 25¹.
1289 3495 1349 3550 117
1376 3486 1415 3548 D.
1434 3501 1485 3540 ors

160 3575 271 3615 ¹¹⁰¹¹¹¹¹¹¹¹m
321 3601 363 3658 43
387 3591 457 3676 Χρὴ
480 3586 515 3656 τὸ
538 3596 632 3675 λέγειν
655 3620 686 3658 τε
710 3603 786 3658 νοεῖν
810 3589 833 3656 τ’
862 3591 910 3656 ἐὸν
934 3592 1069 3675 ἔμμεναι.
1094 3592 1155 3657 ἔστι
1179 3587 1236 3678 γὰρ
1259 3591 1341 3672 εἶναι,

386 3699 482 3782 μηδὲν
506 3695 534 3764 δ’
561 3695 616 3763 οὐκ
639 3697 758 3764 sirati·
785 3696 823 3762 τά
848 3694 875 3763 o'
901 3698 958 3782 ἐγὼ
982 3697 1158 3784 φράζεσθαι
1182 3691 1295 3782 ἄνωγα.

320 3813 360 3870 45
386 3800 509 3890 πρώτης
531 3801 587 3889 γάρ
612 3801 639 3870 o'
660 3801 714 3891 ’ἀφ’
744 3798 821 3871 ὁδου
844 3800 958 3891 ταύτης
982 3801 1113 3890 διζήσιος
1136 3809 1242 3889 ιίργιο·

367 3983 414 4037 Nr.
434 3983 474 4038 94.
513 3981 665 4051 Simplicius
679 3981 785 4051 praebet
800 3999 836 4034 vs.
848 3982 882 4036 35
892 4011 926 4018 —
937 3978 1000 4032 orire
1015 3980 1137 4049 φραόαις
1153 3984 1195 4037 40.
1230 3985 1273 4037 Vs.
1285 3984 1320 4037 40
1338 3983 1367 4034 τό
1381 4013 1414 4021 -

297 4059 367 4124 εἶναι
386 4089 436 4126 om.
456 4072 537 4125 ctiam
556 4071 671 4135 Procius,
691 4075 797 4124 servant
812 4071 932 4124 Clemens
946 4074 974 4123 et
984 4071 1156 4124 Plotinus.-—
1176 4073 1219 4126 38.
1238 4078 1415 4123 παναπείθεα

297 4161 380 4215 Proul.
406 4159 588 4213 παναπεύθεα
616 4161 708 4229 Sirupl.
739 4163 897 4224 παναπειθη
930 4159 1011 4213 Steiu.
1038 4191 1071 4198 -
1108 4163 1150 4214 39.
1183 4156 1301 4212 ιῖνυστόν
1321 4161 1433 4230 Sirnpl.¹

297 4241 409 4318 ἐφικτόν
428 4249 512 4304 Prool.
535 4279 567 4287 —
587 4252 629 4304 43.
648 4246 701 4317 χρη
721 4266 750 4300 σε
770 4249 860 4318 λέγειν
879 4266 908 4300 τε
928 4255 1000 4300 νοεῖν
1017 4244 1047 4316 τ’,
1066 4247 1111 4301 ε’ὁν
1122 4247 1238 4318 ἔμμεναι
1251 4249 1413 4303 Grauert-

297 4341 338 4392 44.
358 4338 392 4389 τιί
400 4333 433 4406 y’
446 4336 502 4406 ἐγώ
518 4339 595 4392 codex
605 4341 636 4393 D.
654 4339 733 4407 Vulg.
754 4335 787 4390 ια’
804 4355 842 4392 σε.
879 4339 949 4392 Corr.
970 4339 1063 4407 Bergk,
1084 4338 1114 4391 de
1134 4338 1281 4408 Empedocl.
1302 4356 1413 4406 prooem.

297 4415 1412 4497 m-ranwmmmmsmmms-mnmnatmn
