3130 4980
667 380 763 449 Cynici.
1220 378 1275 440 219

67 557 143 606 neu
223 539 313 621 Diog.
337 539 385 603 VI
411 547 483 606 105.
526 529 674 628 Ἀρέσκει
704 539 740 606 δέ
769 539 881 619 αὐτοῖς
910 539 967 608 καί
997 543 1054 630 τὴν
1084 542 1199 631 ἀρετὴν
1222 543 1273 609 δι·
1303 541 1459 646 'ffiggtglffffl

154 647 277 734 δακτῆν
299 639 397 727 εἶναι,
422 647 516 712 καθά
539 649 637 736 φησιν
658 636 870 737 Ἀντισθένης
893 646 926 713 έν
947 647 995 734 τῷ
1015 638 1185 736 Ἡρακλεῖ,
1216 647 1273 715 καὶ

154 753 383 842 ἀναπόβλητον
405 753 576 842 ὑπάρχειν·
615 753 807 842 ἀξιέραστόν
834 779 869 820 τε
897 757 954 820 τὸν
984 755 1085 844 σοφὸν
1112 754 1170 821 καί
1193 755 1273 820 ἀνα-

152 860 318 949 μάρτητον
340 859 397 926 καί
420 859 517 950 φίλον
538 862 587 948 τηό
609 859 721 948 ὁμοίην.
757 897 802 908 -
836 873 887 927 11.
922 863 979 950 τήν
1002 887 1037 928 τε
1067 861 1181 951 ἀρετὴν
1209 876 1274 928 τῶν

154 964 255 1054 έργων
277 960 361 1033 εἶναι
383 969 465 1056 μήτε
488 968 590 1054 λόγων
605 965 769 1034 πλείστων
788 967 938 1058 δεομένην
960 970 1041 1058 μήτε
1055 968 1272 1058 μαθημάτων.

154 1113 197 1122 -
224 1085 274 1141 13.
299 1079 402 1156 τεῖχος
425 1073 674 1164 ἀσφαλέστατον
697 1075 880 1164 φρόνησιν·
909 1077 990 1164 μήτε
1013 1077 1074 1164 γάρ
1098 1079 1272 1163 καταρρεῖν
1298 1095 1414 1146 prudentia

152 1182 235 1269 μήτε
274 1179 507 1268 προδίδοσθαι.
557 1179 644 1271 τείχη
679 1181 960 1249 κατασκευαστέον
994 1181 1027 1248 ἒν
1060 1186 1131 1262 τοῖς
1169 1185 1274 1248 αὑτων

153 1288 333 1366 ἀναλώτοις
355 1289 550 1373 λογισμοῖςῑ).

68 1489 142 1530 νιεε
220 1467 311 1548 Diog.
334 1467 382 1530 Vl
408 1476 458 1532 70.
512 1468 631 1556 Διττὴν
661 1465 698 1532 δέ
728 1464 832 1552 ἔλεγεν
856 1467 887 1552 (ό
910 1464 1077 1555 Διογένης)
1108 1459 1192 1532 εἶναι
1215 1469 1271 1556 τῆν
1299 1485 1425 1546 auscitano

154 1571 303 1660 ἀσκησιν,
338 1575 395 1661 τῆν
421 1571 481 1656 μέν
504 1574 659 1662 ψυχικήν,
689 1576 745 1662 τῆν
761 1572 798 1640 δέ
820 1574 1017 1666 σωματικῆν.
1055 1613 1097 1620 -
1132 1565 1216 1639 εἶναι
1239 1565 1270 1639 δ’

153 1678 252 1768 ἀτελῆ
274 1681 331 1767 τῆν
354 1677 466 1763 ἑτέραν
486 1679 586 1768 χωρίς
608 1693 664 1768 τῆς
688 1677 809 1768 ἑτέροις.
834 1719 876 1728 -
900 1717 944 1726 -
969 1690 1019 1747 71.
1043 1678 1133 1746 οὐδέν
1156 1703 1191 1765 γε
1213 1681 1275 1768 μὴν

154 1782 241 1870 ἔλεγε
264 1788 302 1851 τὸ
325 1786 490 1872 παράπαν
512 1785 545 1852 έν
560 1786 608 1873 τῷ
630 1783 692 1873 βίην
714 1785 813 1876 χωρίς
828 1785 992 1875 ἀσκήσεως
1012 1792 1273 1874 κατορθοῦσθαι,

154 1893 291 1980 δυνατὴν
315 1891 351 1957 δέ
373 1893 492 1980 ταότην
514 1903 582 1956 πᾶν
605 1891 781 1980 ἐκνικῆσαι.
799 1932 840 1940 -
858 1903 886 1958 7.
911 1891 1090 1981 ἐρωτηθεὶς
1114 1893 1144 1977 (ό
1166 1881 1274 1957 Ἀντι-

154 1997 286 2087 σθένης)
319 1996 353 2063 τί
375 2012 441 2063 τῶν
462 2000 671 2087 μαθημάτων
694 1999 969 2084 ἀναγκαιότατον,
1000 1996 1078 2087 ἔφη·
1121 1999 1166 2064 Τό
1189 2000 1275 2064 κακά

153 2105 347 2188 ἀπομαθεῖν
361 2108 381 2170 ².
407 2145 449 2152 —
473 2142 516 2153 —
552 2115 580 2172 8.
604 2101 783 2194 ἐρωτηθείς
812 2106 877 2172 ὑπό
900 2129 956 2171 τοο
981 2143 1022 2153 -
1048 2145 1089 2152 -
1113 2103 1147 2169 τί
1170 2118 1275 2170 ποιῶν

153 2211 255 2288 καλὸς
277 2210 426 2296 κάγαθός
450 2207 566 2291 έσοιτο,
591 2208 670 2301 ἔφη·
703 2209 743 2278 Εἰ
765 2213 808 2276 τά
830 2213 917 2278 κακά
937 2209 959 2276 ἃ
980 2207 1062 2294 ἔχεις
1084 2212 1135 2277 ότι
1151 2210 1274 2300 φευκτά

152 2317 224 2384 ἐστι
247 2316 373 2402 μάθοις
396 2320 490 2405 παρὰ
512 2332 576 2383 τῶν
598 2316 739 2384 εἰδότων.

225 2456 254 2496 a.
274 2443 345 2496 Pluu.
363 2443 441 2496 Stolo.
466 2444 584 2514 Repugn.
611 2445 659 2511 14,
678 2445 702 2497 4.
723 2445 792 2498 1039
811 2454 861 2498 τοῦ
876 2439 1068 2504 Ἀντισθένους
1091 2471 1125 2482 -—
1152 2447 1183 2496 τὸ
1208 2443 1275 2498 Δεῖν

152 2539 277 2586 κτᾶσθαι
295 2543 361 2586 νοῦν
380 2537 395 2598 ἢ
413 2535 521 2605 βρόχον.

224 2637 256 2692 b.
276 2637 351 2702 Quod
369 2639 495 2692 virtutem
514 2642 648 2711 φρόνησιν
666 2657 723 2692 esse
741 2642 769 2692 el
788 2639 874 2692 doceri
891 2655 967 2708 posse
986 2637 1148 2704 obtinebant,
1168 2645 1275 2692 eonsen-¹

153 2731 248 2781 serunt
266 2745 324 2780 cum
343 2727 449 2781 Socrate
466 2731 520 2794 (BP
540 2729 615 2794 196);
641 2745 798 2798 quamquam
823 2729 851 2780 in
875 2728 974 2780 incerto
998 2727 1196 2796 relinquebatur
1214 2746 1276 2798 qua·

152 2833 216 2872 num
243 2805 282 2870 in*
298 2833 326 2870 re
354 2819 485 2890 φρόνησις
512 2817 631 2886 ponenda
658 2820 735 2870 esset.
781 2817 813 2869 Id
837 2818 915 2870 notat
939 2815 1016 2869 Plato
1039 2816 1103 2886 Rep.
1122 2816 1160 2869 VI
1177 2817 1230 2871 505
1244 2817 1273 2870 B.

151 2902 233 2959 ’Λλλά
252 2907 308 2977 μὴν
325 2911 371 2958 καὶ
397 2907 460 2959 τόδε
479 2925 510 2975 γε
537 2907 634 2969 οἶσθα,
664 2907 706 2958 ὅτι
726 2911 783 2966 τοῖς
800 2906 853 2977 μὲν
876 2909 989 2966 πολλοῖς
1007 2906 1092 2972 ἡδονὴ
1110 2906 1189 2960 δοκεῖ
1205 2907 1275 2964 εἶναι

155 2997 187 3047 τὸ
216 2996 339 3064 ἀγαθόν,
368 3001 426 3054 τοῖς
454 2995 486 3048 δὲ
510 2999 706 3072 κομψοτέροις
721 2996 866 3067 φρόνησις,
891 3023 925 3032 ·-
951 3023 984 3031 -
1009 2998 1055 3047 καὶ
1081 2995 1123 3047 ὅτι
1145 3015 1176 3064 γε
1195 3025 1229 3033 -
1249 2999 1277 3049 οἱ

155 3093 238 3136 τοῦτο
262 3085 412 3155 ἡγούμενοι
441 3085 489 3136 οὐκ
513 3085 609 3154 έχουσι
633 3084 724 3144 δεῖξαι
743 3085 801 3150 ἥτις
819 3085 964 3156 φρόνησις,
994 3079 1054 3136 ἀλλ’
1076 3085 1275 3152 ἀναγκάζονται

153 3175 327 3232 τελευτῶντες
346 3173 394 3238 τὴν
412 3182 462 3225 τοῦ
480 3174 592 3242 ἀγαθοῦ
610 3175 705 3243 φάναι.

100 3354 143 3394 ειε
221 3331 311 3412 Diog.
328 3331 375 3394 VI
393 3341 443 3396 11.
473 3329 632 3418 Αάτάρκη
657 3331 717 3417 γάρ
741 3331 798 3417 τῆν
821 3327 934 3417 ἀρετὴν
956 3321 1039 3395 εἶναι
1062 3331 1146 3416 πρὸς
1160 3329 1379 3398 sudat-sapientis
1394 3347 1484 3390 libertus

153 3433 278 3520 μονίαν,
301 3436 435 3524 μηδενὸς
458 3435 699 3523 προσδεομένην
722 3436 774 3501 ότι
797 3437 842 3524 μῆ
867 3441 1076 3524 Σωκρατικῆς
1099 3433 1207 3518 ἶσχόος
1224 3476 1275 3516 -,

153 3545 211 3632 τῆν
228 3532 253 3608 τ’
269 3540 402 3622 ἀδοξίαν
418 3543 545 3628 ἀγαθόν
561 3541 618 3608 καὶ
633 3540 706 3608 ’ίσον
720 3541 769 3628 τηῖ
792 3542 911 3628 πόνηθ.
929 3581 971 3590 -
990 3551 1063 3609 105.
1078 3531 1225 3632 >Αρέσκει
1241 3532 1273 3608 δ’

154 3649 267 3728 αὐτοῖς
303 3648 359 3714 καὶ
394 3649 493 3727 λιτῶς
520 3655 626 3732 βιοῦν,
662 3647 836 3736 αὐτάρκεσι
869 3646 1045 3735 χρωμένοις
1074 3645 1192 3728 σιτίοις
1218 3647 1293 3715 καί,

153 3754 292 3844 τρίβωσι
314 3755 440 3838 μόνοις,
477 3755 620 3822 πλοότοο
643 3753 702 3821 καί
725 3754 821 3844 δόξης
844 3753 902 3820 καί
925 3751 1080 3839 εὐγενείας
1103 3779 1275 3842 καταφρο-

153 3873 271 3928 νοῦσιν.
305 3857 386 3926 ένιοί
415 3885 450 3926 τε
482 3871 556 3946 γοῦν
583 3859 641 3927 καί
669 3860 826 3946 βοτάναις
854 3858 912 3926 καί
942 3860 1158 3926 παντάπασιν
1181 3861 1275 3927 δ’δατι

151 3983 294 4056 χρῶνται
318 3968 433 4055 ψοχρηί
456 3966 597 4045 σκέπαις
619 3992 654 4034 τε
677 3971 752 4045 ταῖς
775 3967 945 4049 τσχοόσαις
969 3965 1026 4032 καὶ
1049 3963 1184 4045 πίθοις,
1214 3992 1275 4032 κα-

153 4075 269 4162 θάπερ
299 4073 466 4163 Διογένης,
497 4071 533 4152 ὃς
563 4071 687 4162 ἔφασκε
709 4079 798 4140 θεῶν
826 4072 886 4156 μέν
914 4068 999 4139 ίδιον
1027 4065 1112 4138 ἐἶναι
1141 4073 1276 4161 μηδενὸς

227 4326 253 4389 1)
277 4328 315 4378 Τὸ
333 4351 367 4362 -
386 4325 549 4396 ἀπομαθεῖν
566 4323 686 4377 nonnulli
710 4321 790 4376 codic.
808 4321 884 4390 Diog.
904 4324 933 4374 et
951 4321 1073 4374 simililer
1091 4320 1186 4374 Floril„
1200 4321 1276 4376 Laur.

153 4413 237 4480 (stob.
251 4412 321 4466 Flor.
335 4413 373 4465 IV
388 4413 439 4466 193
457 4411 561 4476 Mein.):
580 4414 612 4464 τὸ
627 4417 784 4484 περιαιρεῖν,
805 4412 865 4482 ἔφη,
886 4412 918 4462 τό
933 4411 1151 4482 ἀπομανθάνων
1168 4412 1214 4477 (=
1228 4411 1277 4465 1100

154 4519 232 4567 agere
250 4519 283 4555 ne
299 4501 416 4555 dediscas
435 4517 501 4570 quae
520 4499 651 4564 didiueris)
669 4515 701 4552 ex
718 4499 777 4552 aliis
796 4497 1006 4566 eod.Menagius‚
1026 4495 1115 4552 Cobet.
